<?xml version="1.0" encoding="UTF-8"?>
<!DOCTYPE html PUBLIC "-//W3C//DTD XHTML 1.0 Transitional//EN"
    "http://www.w3.org/TR/xhtml1/DTD/xhtml1-transitional.dtd">
<html xmlns="http://www.w3.org/1999/xhtml" xml:lang="en" lang="en">
 <head>
  <title>
</title>
<meta http-equiv="Content-Type" content="text/html;charset=utf-8" />
  <meta name='ocr-system' content='tesseract 3.04.00' />
  <meta name='ocr-capabilities' content='ocr_page ocr_carea ocr_par ocr_line ocrx_word'/>
</head>
<body>
  <div class='ocr_page' id='page_1' title='image "./corpusscriptorum13niebuoft_0352.png"; bbox 0 0 1742 3184; ppageno 0'>
   <div class='ocr_carea' id='block_1_1' title="bbox 194 159 1191 209">
    <p class='ocr_par' dir='ltr' id='par_1_1' title="bbox 194 159 1191 209">
     <span class='ocr_line' id='line_1_1' title="bbox 194 159 1191 209; baseline -0.003 0"><span class='ocrx_word' id='word_1_1' title='bbox 194 162 292 209; x_wconf 76' lang='lat'><strong><em>328</em></strong></span> <span class='ocrx_word' id='word_1_2' title='bbox 671 161 911 208; x_wconf 89' lang='lat' dir='ltr'>GEORGII</span> <span class='ocrx_word' id='word_1_3' title='bbox 944 159 1191 206; x_wconf 85' lang='lat' dir='ltr'><strong>CEDRENI</strong></span> 
     </span>
    </p>
   </div>
   <div class='ocr_carea' id='block_1_2' title="bbox 52 271 1724 1922">
    <p class='ocr_par' dir='ltr' id='par_1_2' title="bbox 52 271 1721 1370">
     <span class='ocr_line' id='line_1_2' title="bbox 191 271 1658 334; baseline 0.001 -15"><span class='ocrx_word' id='word_1_4' title='bbox 191 275 393 334; x_wconf 84' lang='grc' dir='ltr'><strong><em>περιέτεμε</em></strong></span> <span class='ocrx_word' id='word_1_5' title='bbox 435 276 481 319; x_wconf 84' lang='grc' dir='ltr'><strong><em>τὸ</em></strong></span> <span class='ocrx_word' id='word_1_6' title='bbox 526 275 703 319; x_wconf 76' lang='grc' dir='ltr'><strong><em>παιδίον.</em></strong></span> <span class='ocrx_word' id='word_1_7' title='bbox 790 275 859 318; x_wconf 81' lang='grc' dir='ltr'><strong><em>καὶ</em></strong></span> <span class='ocrx_word' id='word_1_8' title='bbox 895 274 1000 330; x_wconf 77' lang='grc' dir='ltr'><strong><em>μετὰ</em></strong></span> <span class='ocrx_word' id='word_1_9' title='bbox 1035 271 1079 330; x_wconf 81' lang='grc' dir='ltr'><strong><em>μ’</em></strong></span> <span class='ocrx_word' id='word_1_10' title='bbox 1116 273 1273 334; x_wconf 75' lang='grc' dir='ltr'><strong><em>ἡμέρας</em></strong></span> <span class='ocrx_word' id='word_1_11' title='bbox 1320 272 1518 334; x_wconf 73' lang='grc' dir='ltr'><em>ἀνήγαγεν</em></span> <span class='ocrx_word' id='word_1_12' title='bbox 1559 275 1658 321; x_wconf 80' lang='grc' dir='ltr'><strong><em>αὗτὸ</em></strong></span> 
     </span>
     <span class='ocr_line' id='line_1_3' title="bbox 192 343 1662 403; baseline 0 -15"><span class='ocrx_word' id='word_1_13' title='bbox 192 343 532 403; x_wconf 80' lang='grc' dir='ltr'><strong><em>εἶςἽεροσόλυμα</em></strong></span> <span class='ocrx_word' id='word_1_14' title='bbox 559 347 820 403; x_wconf 83' lang='grc' dir='ltr'><strong><em>παραστῆσαι</em></strong></span> <span class='ocrx_word' id='word_1_15' title='bbox 850 348 908 403; x_wconf 78' lang='grc' dir='ltr'><strong><em>τῷ</em></strong></span> <span class='ocrx_word' id='word_1_16' title='bbox 936 345 1062 402; x_wconf 82' lang='grc' dir='ltr'><em>κυρίῳ</em></span> <span class='ocrx_word' id='word_1_17' title='bbox 1089 344 1193 388; x_wconf 79' lang='grc' dir='ltr'><strong><em>κατὰ</em></strong></span> <span class='ocrx_word' id='word_1_18' title='bbox 1211 345 1283 388; x_wconf 86' lang='grc' dir='ltr'><strong><em>τὸν</em></strong></span> <span class='ocrx_word' id='word_1_19' title='bbox 1302 343 1440 400; x_wconf 82' lang='grc' dir='ltr'><strong><em>νόμον,</em></strong></span> <span class='ocrx_word' id='word_1_20' title='bbox 1474 346 1542 388; x_wconf 82' lang='grc' dir='ltr'><strong><em>καὶ</em></strong></span> <span class='ocrx_word' id='word_1_21' title='bbox 1562 344 1662 389; x_wconf 72' lang='grc' dir='ltr'><strong><em>ὕπε-</em></strong></span> 
     </span>
     <span class='ocr_line' id='line_1_4' title="bbox 194 407 1661 471; baseline 0 -14"><span class='ocrx_word' id='word_1_22' title='bbox 194 415 323 470; x_wconf 76' lang='grc' dir='ltr'><strong><em>ὄέχθη</em></strong></span> <span class='ocrx_word' id='word_1_23' title='bbox 345 413 458 471; x_wconf 77' lang='grc' dir='ltr'><strong><em>παρὰ</em></strong></span> <span class='ocrx_word' id='word_1_24' title='bbox 475 418 548 458; x_wconf 78' lang='grc' dir='ltr'><strong><em>τοῦ</em></strong></span> <span class='ocrx_word' id='word_1_25' title='bbox 569 414 725 456; x_wconf 78' lang='grc' dir='ltr'><em>δικαίου</em></span> <span class='ocrx_word' id='word_1_26' title='bbox 745 410 929 467; x_wconf 78' lang='grc' dir='ltr'><strong><em>Συμεών.</em></strong></span> <span class='ocrx_word' id='word_1_27' title='bbox 997 407 1116 464; x_wconf 69' lang='grc' dir='ltr'><strong><em>οὗτος</em></strong></span> <span class='ocrx_word' id='word_1_28' title='bbox 1131 414 1211 471; x_wconf 82' lang='grc' dir='ltr'><strong><em>γὰρ</em></strong></span> <span class='ocrx_word' id='word_1_29' title='bbox 1232 411 1254 456; x_wconf 84' lang='grc' dir='ltr'><strong><em>ὃ</em></strong></span> <span class='ocrx_word' id='word_1_30' title='bbox 1275 412 1474 470; x_wconf 80' lang='grc' dir='ltr'><strong><em>θεοδόχος</em></strong></span> <span class='ocrx_word' id='word_1_31' title='bbox 1489 415 1661 469; x_wconf 79' lang='grc' dir='ltr'><strong><em>Συμεών</em></strong></span> 
     </span>
     <span class='ocr_line' id='line_1_5' title="bbox 188 480 1661 540; baseline -0.001 -14"><span class='ocrx_word' id='word_1_32' title='bbox 188 483 396 534; x_wconf 77' lang='grc' dir='ltr'><strong><em>Ἰουδαῖος</em></strong></span> <span class='ocrx_word' id='word_1_33' title='bbox 415 482 472 526; x_wconf 74' lang='grc' dir='ltr'><strong><em>ὢν</em></strong></span> <span class='ocrx_word' id='word_1_34' title='bbox 496 481 552 533; x_wconf 76' lang='grc' dir='ltr'><strong><em>εἷς</em></strong></span> <span class='ocrx_word' id='word_1_35' title='bbox 572 480 726 540; x_wconf 71' lang='grc' dir='ltr'><strong><em>ὑπῆρχε</em></strong></span> <span class='ocrx_word' id='word_1_36' title='bbox 748 486 830 525; x_wconf 85' lang='grc' dir='ltr'><strong><em>τῶν</em></strong></span> <span class='ocrx_word' id='word_1_37' title='bbox 850 480 884 526; x_wconf 87' lang='grc' dir='ltr'><strong><em>ο’</em></strong></span> <span class='ocrx_word' id='word_1_38' title='bbox 911 485 992 526; x_wconf 79' lang='grc' dir='ltr'><strong><em>τῶν</em></strong></span> <span class='ocrx_word' id='word_1_39' title='bbox 1014 484 1082 525; x_wconf 79' lang='grc' dir='ltr'><strong><em>καὶ</em></strong></span> <span class='ocrx_word' id='word_1_40' title='bbox 1105 481 1331 540; x_wconf 68' lang='grc' dir='ltr'><strong><em>Ἑβραϊκαῖς</em></strong></span> <span class='ocrx_word' id='word_1_41' title='bbox 1353 484 1661 539; x_wconf 82' lang='grc' dir='ltr'><strong><em>συντεθειμένην</em></strong></span> 
     </span>
     <span class='ocr_line' id='line_1_6' title="bbox 191 549 1694 608; baseline 0.001 -13"><span class='ocrx_word' id='word_1_42' title='bbox 191 552 266 608; x_wconf 85' lang='grc' dir='ltr'><strong><em>τὴν</em></strong></span> <span class='ocrx_word' id='word_1_43' title='bbox 282 552 459 595; x_wconf 84' lang='grc' dir='ltr'><strong><em>παλαιὰν</em></strong></span> <span class='ocrx_word' id='word_1_44' title='bbox 478 552 595 594; x_wconf 89' lang='grc' dir='ltr'><strong><em>θειάν</em></strong></span> <span class='ocrx_word' id='word_1_45' title='bbox 611 551 774 608; x_wconf 83' lang='grc' dir='ltr'><strong><em>γραφὴν</em></strong></span> <span class='ocrx_word' id='word_1_46' title='bbox 792 552 848 601; x_wconf 81' lang='grc' dir='ltr'><strong><em>εἷς</em></strong></span> <span class='ocrx_word' id='word_1_47' title='bbox 865 551 938 607; x_wconf 87' lang='grc' dir='ltr'><strong><em>τὴν</em></strong></span> <span class='ocrx_word' id='word_1_48' title='bbox 947 549 1128 597; x_wconf 73' lang='grc' dir='ltr'><strong><em>Ἑλλάδα</em></strong></span> <span class='ocrx_word' id='word_1_49' title='bbox 1145 555 1332 608; x_wconf 84' lang='grc' dir='ltr'><strong><em>γλῶσσαν</em></strong></span> <span class='ocrx_word' id='word_1_50' title='bbox 1349 550 1660 607; x_wconf 79' lang='grc' dir='ltr'><strong><em>μεταβαλόντων</em></strong></span> <span class='ocrx_word' id='word_1_51' title='bbox 1672 561 1694 598; x_wconf 83' lang='lat'>5</span> 
     </span>
     <span class='ocr_line' id='line_1_7' title="bbox 52 619 1662 679; baseline 0.001 -16"><span class='ocrx_word' id='word_1_52' title='bbox 52 628 80 663; x_wconf 92' lang='lat' dir='ltr'>P</span> <span class='ocrx_word' id='word_1_53' title='bbox 107 629 173 665; x_wconf 89' lang='lat'><strong><em>187</em></strong></span> <span class='ocrx_word' id='word_1_54' title='bbox 197 622 259 664; x_wconf 73' lang='grc' dir='ltr'><strong><em>ἐπὶ</em></strong></span> <span class='ocrx_word' id='word_1_55' title='bbox 278 621 539 675; x_wconf 73' lang='grc' dir='ltr'><strong><em>Πτολεμαίου</em></strong></span> <span class='ocrx_word' id='word_1_56' title='bbox 561 624 637 663; x_wconf 78' lang='grc' dir='ltr'><strong><em>τοῦ</em></strong></span> <span class='ocrx_word' id='word_1_57' title='bbox 658 621 912 678; x_wconf 76' lang='grc' dir='ltr'><strong><em>φιλαδέλφου</em></strong></span> <span class='ocrx_word' id='word_1_58' title='bbox 929 621 1130 675; x_wconf 81' lang='grc' dir='ltr'><strong><em>βασιλέως</em></strong></span> <span class='ocrx_word' id='word_1_59' title='bbox 1146 619 1376 678; x_wconf 80' lang='grc' dir='ltr'><strong><em>Αἰγύπτου,</em></strong></span> <span class='ocrx_word' id='word_1_60' title='bbox 1410 621 1490 679; x_wconf 84' lang='grc' dir='ltr'><strong><em>πρὸ</em></strong></span> <span class='ocrx_word' id='word_1_61' title='bbox 1509 619 1662 679; x_wconf 82' lang='grc' dir='ltr'><strong><em>χρόνου</em></strong></span> 
     </span>
     <span class='ocr_line' id='line_1_8' title="bbox 192 687 1664 749; baseline 0 -16"><span class='ocrx_word' id='word_1_62' title='bbox 192 695 266 746; x_wconf 81' lang='grc' dir='ltr'><strong><em>τῆς</em></strong></span> <span class='ocrx_word' id='word_1_63' title='bbox 283 693 472 748; x_wconf 81' lang='grc' dir='ltr'><strong><em>Χριστοῦ</em></strong></span> <span class='ocrx_word' id='word_1_64' title='bbox 490 690 738 747; x_wconf 82' lang='grc' dir='ltr'><strong><em>παρουσίας,</em></strong></span> <span class='ocrx_word' id='word_1_65' title='bbox 764 687 821 740; x_wconf 81' lang='grc' dir='ltr'><strong><em>ὥς</em></strong></span> <span class='ocrx_word' id='word_1_66' title='bbox 841 687 862 731; x_wconf 85' lang='grc' dir='ltr'><em>ὃ</em></span> <span class='ocrx_word' id='word_1_67' title='bbox 880 694 994 741; x_wconf 79' lang='grc' dir='ltr'><strong><em>θεῖος</em></strong></span> <span class='ocrx_word' id='word_1_68' title='bbox 1008 689 1309 748; x_wconf 82' lang='grc' dir='ltr'><strong><em>Χρυσόστομος</em></strong></span> <span class='ocrx_word' id='word_1_69' title='bbox 1326 691 1368 733; x_wconf 76' lang='grc' dir='ltr'><strong><em>ἐν</em></strong></span> <span class='ocrx_word' id='word_1_70' title='bbox 1385 694 1435 748; x_wconf 86' lang='grc' dir='ltr'><strong><em>τῇ</em></strong></span> <span class='ocrx_word' id='word_1_71' title='bbox 1454 689 1664 749; x_wconf 71' lang='grc' dir='ltr'><strong><em>ἑξαημέρῳ</em></strong></span> 
     </span>
     <span class='ocr_line' id='line_1_9' title="bbox 193 757 1665 818; baseline -0.001 -15"><span class='ocrx_word' id='word_1_72' title='bbox 193 760 310 816; x_wconf 84' lang='grc' dir='ltr'><strong><em>λέγει.</em></strong></span> <span class='ocrx_word' id='word_1_73' title='bbox 380 757 424 809; x_wconf 74' lang='grc' dir='ltr'><strong><em>ὃς</em></strong></span> <span class='ocrx_word' id='word_1_74' title='bbox 455 758 630 813; x_wconf 76' lang='grc' dir='ltr'><strong><em>ἐντυχὼν</em></strong></span> <span class='ocrx_word' id='word_1_75' title='bbox 655 763 714 818; x_wconf 77' lang='grc' dir='ltr'><strong><em>τῷ</em></strong></span> <span class='ocrx_word' id='word_1_76' title='bbox 741 763 813 802; x_wconf 78' lang='grc' dir='ltr'><strong><em>τοῦ</em></strong></span> <span class='ocrx_word' id='word_1_77' title='bbox 840 757 1056 816; x_wconf 82' lang='grc' dir='ltr'><strong><em>προφήτου</em></strong></span> <span class='ocrx_word' id='word_1_78' title='bbox 1085 758 1260 803; x_wconf 66' lang='grc' dir='ltr'><strong><em>Ἠσαίου</em></strong></span> <span class='ocrx_word' id='word_1_79' title='bbox 1288 758 1398 818; x_wconf 75' lang='grc' dir='ltr'><strong><em>ῥητῷ</em></strong></span> <span class='ocrx_word' id='word_1_80' title='bbox 1423 764 1480 818; x_wconf 78' lang='grc' dir='ltr'><strong><em>τῷ</em></strong></span> <span class='ocrx_word' id='word_1_81' title='bbox 1510 760 1665 816; x_wconf 85' lang='grc' dir='ltr'><strong><em>λέγοντι</em></strong></span> 
     </span>
     <span class='ocr_line' id='line_1_10' title="bbox 186 825 1664 884; baseline -0.001 -13"><span class='ocrx_word' id='word_1_82' title='bbox 186 826 309 871; x_wconf 59' lang='lat' dir='ltr'><strong>“mot</strong></span> <span class='ocrx_word' id='word_1_83' title='bbox 338 825 364 883; x_wconf 80' lang='grc' dir='ltr'><strong><em>ἦ</em></strong></span> <span class='ocrx_word' id='word_1_84' title='bbox 399 827 605 884; x_wconf 73' lang='grc' dir='ltr'><strong><em>παρθένος</em></strong></span> <span class='ocrx_word' id='word_1_85' title='bbox 635 828 677 871; x_wconf 77' lang='grc' dir='ltr'><strong><em>ἓν</em></strong></span> <span class='ocrx_word' id='word_1_86' title='bbox 707 829 850 884; x_wconf 85' lang='grc' dir='ltr'><strong><em>γαστρὶ</em></strong></span> <span class='ocrx_word' id='word_1_87' title='bbox 873 828 951 879; x_wconf 72' lang='grc' dir='ltr'><strong><em>ἕξει</em></strong></span> <span class='ocrx_word' id='word_1_88' title='bbox 971 830 1040 871; x_wconf 83' lang='grc' dir='ltr'><strong><em>καὶ</em></strong></span> <span class='ocrx_word' id='word_1_89' title='bbox 1059 828 1211 880; x_wconf 78' lang='grc' dir='ltr'><strong><em>τέξεται</em></strong></span> <span class='ocrx_word' id='word_1_90' title='bbox 1227 826 1330 881; x_wconf 78' lang='grc' dir='ltr'><strong><em>υἱόν,</em></strong></span> <span class='ocrx_word' id='word_1_91' title='bbox 1363 830 1430 871; x_wconf 87' lang='grc' dir='ltr'><strong><em>καὶ</em></strong></span> <span class='ocrx_word' id='word_1_92' title='bbox 1448 829 1664 873; x_wconf 86' lang='grc' dir='ltr'><strong><em>καλέσουσι</em></strong></span> 
     </span>
     <span class='ocr_line' id='line_1_11' title="bbox 191 895 1721 956; baseline 0 -16"><span class='ocrx_word' id='word_1_93' title='bbox 191 897 238 941; x_wconf 82' lang='grc' dir='ltr'><strong><em>τὸ</em></strong></span> <span class='ocrx_word' id='word_1_94' title='bbox 265 896 395 952; x_wconf 79' lang='grc' dir='ltr'><strong><em>ὄνομα</em></strong></span> <span class='ocrx_word' id='word_1_95' title='bbox 425 896 553 939; x_wconf 77' lang='grc' dir='ltr'><strong><em>αὐτοῦ</em></strong></span> <span class='ocrx_word' id='word_1_96' title='bbox 570 896 863 952; x_wconf 57' lang='grc' dir='ltr'><strong><em>Ἐμμανουήΐ)</em></strong></span> <span class='ocrx_word' id='word_1_97' title='bbox 896 899 1131 953; x_wconf 77' lang='grc' dir='ltr'><strong><em>ὃιηπίστησε</em></strong></span> <span class='ocrx_word' id='word_1_98' title='bbox 1154 895 1307 956; x_wconf 83' lang='grc' dir='ltr'><strong><em>τούτῳ,</em></strong></span> <span class='ocrx_word' id='word_1_99' title='bbox 1343 895 1543 940; x_wconf 78' lang='grc' dir='ltr'><strong><em>ἀδύνατον</em></strong></span> <span class='ocrx_word' id='word_1_100' title='bbox 1564 896 1663 940; x_wconf 77' lang='grc' dir='ltr'><strong><em>εἶναι</em></strong></span> <span class='ocrx_word' id='word_1_101' title='bbox 1675 904 1721 939; x_wconf 85' lang='lat'><strong><em>10</em></strong></span> 
     </span>
     <span class='ocr_line' id='line_1_12' title="bbox 192 963 1666 1025; baseline 0.001 -17"><span class='ocrx_word' id='word_1_102' title='bbox 192 966 331 1022; x_wconf 87' lang='grc' dir='ltr'><strong><em>λέγων,</em></strong></span> <span class='ocrx_word' id='word_1_103' title='bbox 367 963 460 1009; x_wconf 80' lang='grc' dir='ltr'><strong><em>ὅσον</em></strong></span> <span class='ocrx_word' id='word_1_104' title='bbox 489 964 554 1007; x_wconf 78' lang='grc' dir='ltr'><strong><em>ἐπ’</em></strong></span> <span class='ocrx_word' id='word_1_105' title='bbox 586 965 823 1024; x_wconf 77' lang='grc' dir='ltr'><strong><em>ἀνθρωπίνῃ</em></strong></span> <span class='ocrx_word' id='word_1_106' title='bbox 851 964 995 1024; x_wconf 84' lang='grc' dir='ltr'><strong><em>φύσει,</em></strong></span> <span class='ocrx_word' id='word_1_107' title='bbox 1030 966 1076 1010; x_wconf 85' lang='grc' dir='ltr'><strong><em>τὸ</em></strong></span> <span class='ocrx_word' id='word_1_108' title='bbox 1101 966 1309 1025; x_wconf 75' lang='grc' dir='ltr'><strong><em>παρθένον</em></strong></span> <span class='ocrx_word' id='word_1_109' title='bbox 1328 973 1467 1010; x_wconf 78' lang='grc' dir='ltr'><strong><em>τεκεῖν.</em></strong></span> <span class='ocrx_word' id='word_1_110' title='bbox 1536 965 1666 1018; x_wconf 76' lang='grc' dir='ltr'><strong><em>οὕτως</em></strong></span> 
     </span>
     <span class='ocr_line' id='line_1_13' title="bbox 193 1030 1666 1095; baseline 0 -17"><span class='ocrx_word' id='word_1_111' title='bbox 193 1030 264 1078; x_wconf 74' lang='grc' dir='ltr'><strong><em>οὖν</em></strong></span> <span class='ocrx_word' id='word_1_112' title='bbox 288 1034 389 1090; x_wconf 66' lang='grc' dir='ltr'><strong><em>ἔχων</em></strong></span> <span class='ocrx_word' id='word_1_113' title='bbox 411 1033 710 1090; x_wconf 79' lang='grc' dir='ltr'><strong><em>ἀποκαλύψεως</em></strong></span> <span class='ocrx_word' id='word_1_114' title='bbox 728 1034 842 1089; x_wconf 68' lang='grc' dir='ltr'><strong><em>ἔτυχε</em></strong></span> <span class='ocrx_word' id='word_1_115' title='bbox 864 1037 1006 1088; x_wconf 81' lang='grc' dir='ltr'><strong><em>θείας,</em></strong></span> <span class='ocrx_word' id='word_1_116' title='bbox 1053 1035 1130 1087; x_wconf 76' lang='grc' dir='ltr'><strong><em>ἕως</em></strong></span> <span class='ocrx_word' id='word_1_117' title='bbox 1157 1034 1248 1079; x_wconf 88' lang='grc' dir='ltr'><strong><em>τότε</em></strong></span> <span class='ocrx_word' id='word_1_118' title='bbox 1277 1039 1336 1094; x_wconf 75' lang='grc' dir='ltr'><strong><em>τῷ</em></strong></span> <span class='ocrx_word' id='word_1_119' title='bbox 1364 1037 1443 1095; x_wconf 79' lang='grc' dir='ltr'><strong><em>βίῳ</em></strong></span> <span class='ocrx_word' id='word_1_120' title='bbox 1474 1042 1666 1093; x_wconf 81' lang='grc' dir='ltr'><strong><em>περιεῖναι</em></strong></span> 
     </span>
     <span class='ocr_line' id='line_1_14' title="bbox 193 1103 1665 1162; baseline 0.001 -15"><span class='ocrx_word' id='word_1_121' title='bbox 193 1104 268 1155; x_wconf 70' lang='grc' dir='ltr'><strong><em>ἕως</em></strong></span> <span class='ocrx_word' id='word_1_122' title='bbox 289 1103 341 1146; x_wconf 76' lang='grc' dir='ltr'><strong><em>ἂν</em></strong></span> <span class='ocrx_word' id='word_1_123' title='bbox 363 1107 536 1161; x_wconf 76' lang='grc' dir='ltr'><strong><em>τελεσθῇ</em></strong></span> <span class='ocrx_word' id='word_1_124' title='bbox 558 1104 604 1147; x_wconf 84' lang='grc' dir='ltr'><strong><em>τὸ</em></strong></span> <span class='ocrx_word' id='word_1_125' title='bbox 626 1108 743 1147; x_wconf 80' lang='grc' dir='ltr'><strong><em>θεῖον</em></strong></span> <span class='ocrx_word' id='word_1_126' title='bbox 765 1108 838 1147; x_wconf 83' lang='grc' dir='ltr'><strong><em>τοῦ</em></strong></span> <span class='ocrx_word' id='word_1_127' title='bbox 866 1103 1079 1162; x_wconf 79' lang='grc' dir='ltr'><strong><em>προφήτου</em></strong></span> <span class='ocrx_word' id='word_1_128' title='bbox 1099 1103 1243 1162; x_wconf 80' lang='grc' dir='ltr'><strong><em>ῥητόν·</em></strong></span> <span class='ocrx_word' id='word_1_129' title='bbox 1278 1104 1302 1148; x_wconf 80' lang='grc' dir='ltr'>ὃ</span> <span class='ocrx_word' id='word_1_130' title='bbox 1321 1104 1372 1159; x_wconf 80' lang='grc' dir='ltr'><strong><em>δὴ</em></strong></span> <span class='ocrx_word' id='word_1_131' title='bbox 1394 1106 1462 1147; x_wconf 84' lang='grc' dir='ltr'><strong><em>καὶ</em></strong></span> <span class='ocrx_word' id='word_1_132' title='bbox 1483 1104 1529 1148; x_wconf 85' lang='grc' dir='ltr'><strong><em>τὸ</em></strong></span> <span class='ocrx_word' id='word_1_133' title='bbox 1552 1109 1665 1148; x_wconf 83' lang='grc' dir='ltr'><strong><em>θεῖον</em></strong></span> 
     </span>
     <span class='ocr_line' id='line_1_15' title="bbox 192 1167 1666 1230; baseline 0.001 -15"><span class='ocrx_word' id='word_1_134' title='bbox 192 1171 304 1229; x_wconf 74' lang='grc' dir='ltr'><strong><em>ἡμᾶς</em></strong></span> <span class='ocrx_word' id='word_1_135' title='bbox 324 1170 504 1216; x_wconf 77' lang='grc' dir='ltr'><strong><em>διδάσκει</em></strong></span> <span class='ocrx_word' id='word_1_136' title='bbox 524 1177 670 1230; x_wconf 83' lang='grc' dir='ltr'><strong><em>σαφῶς</em></strong></span> <span class='ocrx_word' id='word_1_137' title='bbox 685 1172 926 1230; x_wconf 77' lang='grc' dir='ltr'><strong><em>εὐαγγέλιον,</em></strong></span> <span class='ocrx_word' id='word_1_138' title='bbox 961 1174 1076 1230; x_wconf 84' lang='grc' dir='ltr'><strong><em>λέγον</em></strong></span> <span class='ocrx_word' id='word_1_139' title='bbox 1097 1172 1285 1229; x_wconf 51' lang='lat' dir='ltr'><strong>“methca</strong></span> <span class='ocrx_word' id='word_1_140' title='bbox 1308 1172 1422 1230; x_wconf 80' lang='grc' dir='ltr'><strong><em>ἅγιον</em></strong></span> <span class='ocrx_word' id='word_1_141' title='bbox 1437 1167 1488 1229; x_wconf 78' lang='grc' dir='ltr'><strong><em>ἦν</em></strong></span> <span class='ocrx_word' id='word_1_142' title='bbox 1507 1173 1566 1216; x_wconf 68' lang='grc' dir='ltr'><strong><em>ἐπ’</em></strong></span> <span class='ocrx_word' id='word_1_143' title='bbox 1590 1174 1666 1217; x_wconf 81' lang='grc' dir='ltr'><strong><em>αὖ·</em></strong></span> 
     </span>
     <span class='ocr_line' id='line_1_16' title="bbox 191 1236 1720 1300; baseline -0.001 -15"><span class='ocrx_word' id='word_1_144' title='bbox 191 1247 271 1300; x_wconf 80' lang='grc' dir='ltr'><strong><em>τῷ,</em></strong></span> <span class='ocrx_word' id='word_1_145' title='bbox 307 1243 375 1284; x_wconf 87' lang='grc' dir='ltr'><strong><em>καὶ</em></strong></span> <span class='ocrx_word' id='word_1_146' title='bbox 395 1236 445 1297; x_wconf 75' lang='grc' dir='ltr'><strong><em>ἦν</em></strong></span> <span class='ocrx_word' id='word_1_147' title='bbox 468 1241 581 1300; x_wconf 76' lang='grc' dir='ltr'><strong><em>αὐτῷ</em></strong></span> <span class='ocrx_word' id='word_1_148' title='bbox 597 1243 967 1300; x_wconf 79' lang='grc' dir='ltr'><strong><em>κεχρηματισμένον</em></strong></span> <span class='ocrx_word' id='word_1_149' title='bbox 986 1241 1066 1286; x_wconf 69' lang='grc' dir='ltr'><strong><em>ὑπὸ</em></strong></span> <span class='ocrx_word' id='word_1_150' title='bbox 1097 1247 1171 1286; x_wconf 80' lang='grc' dir='ltr'><strong><em>τοῦ</em></strong></span> <span class='ocrx_word' id='word_1_151' title='bbox 1198 1239 1426 1298; x_wconf 88' lang='grc' dir='ltr'><strong><em>πνεύματος</em></strong></span> <span class='ocrx_word' id='word_1_152' title='bbox 1453 1247 1526 1285; x_wconf 81' lang='grc' dir='ltr'><strong><em>τοῦ</em></strong></span> <span class='ocrx_word' id='word_1_153' title='bbox 1547 1241 1662 1300; x_wconf 80' lang='grc' dir='ltr'><strong><em>ἁγίου</em></strong></span> <span class='ocrx_word' id='word_1_154' title='bbox 1676 1248 1720 1284; x_wconf 84' lang='lat'><strong><em>15</em></strong></span> 
     </span>
     <span class='ocr_line' id='line_1_17' title="bbox 192 1307 1667 1370; baseline 0.001 -16"><span class='ocrx_word' id='word_1_155' title='bbox 192 1311 250 1366; x_wconf 85' lang='grc' dir='ltr'><strong><em>μὴ</em></strong></span> <span class='ocrx_word' id='word_1_156' title='bbox 272 1312 370 1354; x_wconf 75' lang='grc' dir='ltr'><strong><em>ἰδεῖν</em></strong></span> <span class='ocrx_word' id='word_1_157' title='bbox 391 1307 574 1354; x_wconf 81' lang='grc' dir='ltr'><strong><em>θάνατον</em></strong></span> <span class='ocrx_word' id='word_1_158' title='bbox 595 1313 689 1368; x_wconf 82' lang='grc' dir='ltr'><strong><em>πρὶν</em></strong></span> <span class='ocrx_word' id='word_1_159' title='bbox 711 1312 778 1369; x_wconf 73' lang='grc' dir='ltr'><strong><em>ἴδῃ</em></strong></span> <span class='ocrx_word' id='word_1_160' title='bbox 798 1311 868 1354; x_wconf 81' lang='grc' dir='ltr'><strong><em>τὸν</em></strong></span> <span class='ocrx_word' id='word_1_161' title='bbox 883 1311 1053 1370; x_wconf 80' lang='grc' dir='ltr'><strong><em>χριστὸν</em></strong></span> <span class='ocrx_word' id='word_1_162' title='bbox 1073 1312 1257 1369; x_wconf 75' lang='grc' dir='ltr'><strong><em>κυρίου.”</em></strong></span> <span class='ocrx_word' id='word_1_163' title='bbox 1319 1311 1418 1355; x_wconf 71' lang='grc' dir='ltr'><strong><em>ἰδών</em></strong></span> <span class='ocrx_word' id='word_1_164' title='bbox 1436 1313 1569 1355; x_wconf 87' lang='grc' dir='ltr'><strong><em>τοίνυν</em></strong></span> <span class='ocrx_word' id='word_1_165' title='bbox 1589 1313 1667 1355; x_wconf 82' lang='grc' dir='ltr'><strong><em>αὒ-</em></strong></span> 
     </span>
    </p>

    <p class='ocr_par' dir='ltr' id='par_1_3' title="bbox 141 1378 1724 1647">
     <span class='ocr_line' id='line_1_18' title="bbox 141 1378 1668 1439; baseline -0.001 -13"><span class='ocrx_word' id='word_1_166' title='bbox 141 1391 172 1426; x_wconf 91' lang='grc' dir='ltr'>Β</span> <span class='ocrx_word' id='word_1_167' title='bbox 195 1380 265 1423; x_wconf 82' lang='grc' dir='ltr'><strong><em>τὸν</em></strong></span> <span class='ocrx_word' id='word_1_168' title='bbox 292 1381 335 1423; x_wconf 78' lang='grc' dir='ltr'><strong><em>ἓν</em></strong></span> <span class='ocrx_word' id='word_1_169' title='bbox 350 1383 417 1438; x_wconf 68' lang='grc' dir='ltr'><strong><em>τῷ</em></strong></span> <span class='ocrx_word' id='word_1_170' title='bbox 444 1379 538 1438; x_wconf 78' lang='grc' dir='ltr'><strong><em>ἱερῷ</em></strong></span> <span class='ocrx_word' id='word_1_171' title='bbox 559 1381 716 1438; x_wconf 78' lang='grc' dir='ltr'><strong><em>βρέφος</em></strong></span> <span class='ocrx_word' id='word_1_172' title='bbox 735 1379 1184 1439; x_wconf 82' lang='grc' dir='ltr'><strong><em>τεσσαρακονθῆμερον,</em></strong></span> <span class='ocrx_word' id='word_1_173' title='bbox 1214 1382 1282 1424; x_wconf 87' lang='grc' dir='ltr'><strong><em>καὶ</em></strong></span> <span class='ocrx_word' id='word_1_174' title='bbox 1307 1378 1522 1436; x_wconf 77' lang='grc' dir='ltr'><strong><em>δεξάμενος</em></strong></span> <span class='ocrx_word' id='word_1_175' title='bbox 1544 1381 1668 1425; x_wconf 76' lang='grc' dir='ltr'><strong><em>αὐτὸν</em></strong></span> 
     </span>
     <span class='ocr_line' id='line_1_19' title="bbox 193 1446 1668 1506; baseline 0 -14"><span class='ocrx_word' id='word_1_176' title='bbox 193 1451 251 1500; x_wconf 83' lang='grc' dir='ltr'><strong><em>εἷς</em></strong></span> <span class='ocrx_word' id='word_1_177' title='bbox 271 1448 346 1500; x_wconf 81' lang='grc' dir='ltr'><strong><em>τὰς</em></strong></span> <span class='ocrx_word' id='word_1_178' title='bbox 368 1446 549 1506; x_wconf 79' lang='grc' dir='ltr'><strong><em>ἀγκάλας</em></strong></span> <span class='ocrx_word' id='word_1_179' title='bbox 567 1449 717 1502; x_wconf 75' lang='grc' dir='ltr'><strong><em>αὐτοῦ,</em></strong></span> <span class='ocrx_word' id='word_1_180' title='bbox 752 1451 820 1493; x_wconf 83' lang='grc' dir='ltr'><strong><em>καὶ</em></strong></span> <span class='ocrx_word' id='word_1_181' title='bbox 841 1449 962 1494; x_wconf 83' lang='grc' dir='ltr'><strong><em>εἷπών</em></strong></span> <span class='ocrx_word' id='word_1_182' title='bbox 991 1449 1092 1494; x_wconf 58' lang='lat' dir='ltr'><strong>“vim</strong></span> <span class='ocrx_word' id='word_1_183' title='bbox 1110 1449 1298 1501; x_wconf 79' lang='grc' dir='ltr'><strong><em>ἀπολύεις</em></strong></span> <span class='ocrx_word' id='word_1_184' title='bbox 1320 1451 1391 1494; x_wconf 82' lang='grc' dir='ltr'><strong><em>τὸν</em></strong></span> <span class='ocrx_word' id='word_1_185' title='bbox 1412 1448 1558 1494; x_wconf 72' lang='grc' dir='ltr'><strong><em>δοῦλόν</em></strong></span> <span class='ocrx_word' id='word_1_186' title='bbox 1577 1468 1668 1503; x_wconf 81' lang='grc' dir='ltr'><strong><em>σου,</em></strong></span> 
     </span>
     <span class='ocr_line' id='line_1_20' title="bbox 194 1517 1667 1578; baseline 0.002 -17"><span class='ocrx_word' id='word_1_187' title='bbox 194 1518 393 1571; x_wconf 77' lang='grc' dir='ltr'><strong><em>δέσποτα,</em></strong></span> <span class='ocrx_word' id='word_1_188' title='bbox 427 1519 532 1561; x_wconf 81' lang='grc' dir='ltr'><strong><em>κατὰ</em></strong></span> <span class='ocrx_word' id='word_1_189' title='bbox 564 1518 611 1561; x_wconf 85' lang='grc' dir='ltr'><strong><em>τὸ</em></strong></span> <span class='ocrx_word' id='word_1_190' title='bbox 641 1517 752 1575; x_wconf 82' lang='grc' dir='ltr'><strong><em>ῥῆμά</em></strong></span> <span class='ocrx_word' id='word_1_191' title='bbox 783 1535 858 1562; x_wconf 90' lang='grc' dir='ltr'><strong><em>σου</em></strong></span> <span class='ocrx_word' id='word_1_192' title='bbox 885 1521 927 1562; x_wconf 74' lang='grc' dir='ltr'><strong><em>ἐν</em></strong></span> <span class='ocrx_word' id='word_1_193' title='bbox 957 1518 1128 1577; x_wconf 76' lang='grc' dir='ltr'><strong><em>εἶρήνῃ”</em></strong></span> <span class='ocrx_word' id='word_1_194' title='bbox 1166 1519 1270 1578; x_wconf 85' lang='grc' dir='ltr'><strong><em>πρὸς</em></strong></span> <span class='ocrx_word' id='word_1_195' title='bbox 1293 1519 1417 1562; x_wconf 78' lang='grc' dir='ltr'><strong><em>αὐτὸν</em></strong></span> <span class='ocrx_word' id='word_1_196' title='bbox 1447 1517 1667 1576; x_wconf 75' lang='grc' dir='ltr'><strong><em>ἓξεὸήμησε</em></strong></span> 
     </span>
     <span class='ocr_line' id='line_1_21' title="bbox 191 1584 1724 1647; baseline 0 -18"><span class='ocrx_word' id='word_1_197' title='bbox 191 1588 361 1644; x_wconf 86' lang='grc' dir='ltr'><strong><em>χαίρων.</em></strong></span> <span class='ocrx_word' id='word_1_198' title='bbox 402 1584 487 1630; x_wconf 79' lang='grc' dir='ltr'><strong><em>εἶτα</em></strong></span> <span class='ocrx_word' id='word_1_199' title='bbox 507 1587 790 1644; x_wconf 75' lang='grc' dir='ltr'><strong><em>ἐχρηματίσθη</em></strong></span> <span class='ocrx_word' id='word_1_200' title='bbox 804 1587 965 1646; x_wconf 81' lang='grc' dir='ltr'><strong><em>Ἰωσὴφ</em></strong></span> <span class='ocrx_word' id='word_1_201' title='bbox 987 1595 1128 1647; x_wconf 78' lang='grc' dir='ltr'><strong><em>φυγεῖν</em></strong></span> <span class='ocrx_word' id='word_1_202' title='bbox 1151 1590 1208 1639; x_wconf 81' lang='grc' dir='ltr'><strong><em>εἷς</em></strong></span> <span class='ocrx_word' id='word_1_203' title='bbox 1222 1588 1449 1644; x_wconf 74' lang='grc' dir='ltr'><strong><em>Αἴγυπτον.</em></strong></span> <span class='ocrx_word' id='word_1_204' title='bbox 1676 1594 1724 1629; x_wconf 79' lang='grc'><strong><em>20</em></strong></span> 
     </span>
    </p>

    <p class='ocr_par' dir='ltr' id='par_1_4' title="bbox 194 1654 1670 1922">
     <span class='ocr_line' id='line_1_22' title="bbox 331 1654 1668 1716; baseline 0.001 -17"><span class='ocrx_word' id='word_1_205' title='bbox 331 1654 458 1699; x_wconf 79' lang='grc' dir='ltr'><strong><em>Μετὰ</em></strong></span> <span class='ocrx_word' id='word_1_206' title='bbox 488 1656 533 1698; x_wconf 77' lang='grc' dir='ltr'><strong><em>δὲ</em></strong></span> <span class='ocrx_word' id='word_1_207' title='bbox 563 1654 636 1697; x_wconf 82' lang='grc' dir='ltr'><strong><em>δύο</em></strong></span> <span class='ocrx_word' id='word_1_208' title='bbox 667 1655 735 1712; x_wconf 67' lang='grc' dir='ltr'><strong><em>ἔτη</em></strong></span> <span class='ocrx_word' id='word_1_209' title='bbox 769 1657 928 1712; x_wconf 75' lang='grc' dir='ltr'><strong><em>ἐποίησε</em></strong></span> <span class='ocrx_word' id='word_1_210' title='bbox 948 1658 1022 1713; x_wconf 79' lang='grc' dir='ltr'><strong><em>τὴν</em></strong></span> <span class='ocrx_word' id='word_1_211' title='bbox 1038 1654 1564 1716; x_wconf 66' lang='grc' dir='ltr'><strong><em>βρεφοκτονίαν“Ηρώδης,</em></strong></span> <span class='ocrx_word' id='word_1_212' title='bbox 1600 1658 1668 1700; x_wconf 82' lang='grc' dir='ltr'><strong><em>καὶ</em></strong></span> 
     </span>
     <span class='ocr_line' id='line_1_23' title="bbox 194 1723 1668 1783; baseline 0.002 -17"><span class='ocrx_word' id='word_1_213' title='bbox 194 1723 265 1766; x_wconf 84' lang='grc' dir='ltr'><strong><em>τὸν</em></strong></span> <span class='ocrx_word' id='word_1_214' title='bbox 284 1725 497 1782; x_wconf 86' lang='grc' dir='ltr'><strong><em>Ζαχαρίαν</em></strong></span> <span class='ocrx_word' id='word_1_215' title='bbox 516 1723 672 1767; x_wconf 66' lang='grc' dir='ltr'><strong><em>ἔσωθεν</em></strong></span> <span class='ocrx_word' id='word_1_216' title='bbox 690 1729 764 1768; x_wconf 81' lang='grc' dir='ltr'><strong><em>τοῦ</em></strong></span> <span class='ocrx_word' id='word_1_217' title='bbox 783 1728 1078 1782; x_wconf 87' lang='grc' dir='ltr'><strong><em>θυσιαστηρίου</em></strong></span> <span class='ocrx_word' id='word_1_218' title='bbox 1105 1726 1236 1770; x_wconf 74' lang='grc' dir='ltr'><strong><em>ἀνεῖλε</em></strong></span> <span class='ocrx_word' id='word_1_219' title='bbox 1260 1730 1584 1783; x_wconf 78' lang='grc' dir='ltr'><strong><em>λειτουργοῦντα.</em></strong></span> <span class='ocrx_word' id='word_1_220' title='bbox 1641 1725 1668 1781; x_wconf 81' lang='grc' dir='ltr'><em>ἦ</em></span> 
     </span>
     <span class='ocr_line' id='line_1_24' title="bbox 195 1792 1670 1853; baseline 0.001 -18"><span class='ocrx_word' id='word_1_221' title='bbox 195 1793 240 1836; x_wconf 74' lang='grc' dir='ltr'><strong><em>δὲ</em></strong></span> <span class='ocrx_word' id='word_1_222' title='bbox 268 1792 489 1847; x_wconf 76' lang='grc' dir='ltr'><strong><em>Ἔλισαβὲτ</em></strong></span> <span class='ocrx_word' id='word_1_223' title='bbox 510 1796 698 1848; x_wconf 79' lang='grc' dir='ltr'><strong><em>λαβοῦσα</em></strong></span> <span class='ocrx_word' id='word_1_224' title='bbox 716 1795 788 1836; x_wconf 84' lang='grc' dir='ltr'><strong><em>τὸν</em></strong></span> <span class='ocrx_word' id='word_1_225' title='bbox 810 1793 1008 1850; x_wconf 82' lang='grc' dir='ltr'><strong><em>Ἰωάννην</em></strong></span> <span class='ocrx_word' id='word_1_226' title='bbox 1032 1797 1202 1852; x_wconf 74' lang='grc' dir='ltr'><strong><em>ἐξῆλθεν</em></strong></span> <span class='ocrx_word' id='word_1_227' title='bbox 1224 1797 1281 1847; x_wconf 81' lang='grc' dir='ltr'><strong><em>εἲς</em></strong></span> <span class='ocrx_word' id='word_1_228' title='bbox 1297 1796 1371 1851; x_wconf 81' lang='grc' dir='ltr'><strong><em>τὴν</em></strong></span> <span class='ocrx_word' id='word_1_229' title='bbox 1391 1795 1542 1853; x_wconf 68' lang='grc' dir='ltr'><strong><em>ἔρημον</em></strong></span> <span class='ocrx_word' id='word_1_230' title='bbox 1552 1828 1566 1849; x_wconf 85' lang='grc'>,</span> <span class='ocrx_word' id='word_1_231' title='bbox 1602 1797 1670 1838; x_wconf 84' lang='grc' dir='ltr'><strong><em>καὶ</em></strong></span> 
     </span>
     <span class='ocr_line' id='line_1_25' title="bbox 195 1860 1670 1922; baseline 0.003 -19"><span class='ocrx_word' id='word_1_232' title='bbox 195 1860 346 1920; x_wconf 75' lang='grc' dir='ltr'><strong><em>ἐκρύβη</em></strong></span> <span class='ocrx_word' id='word_1_233' title='bbox 365 1862 407 1905; x_wconf 76' lang='grc' dir='ltr'><strong><em>ἐν</em></strong></span> <span class='ocrx_word' id='word_1_234' title='bbox 429 1863 614 1922; x_wconf 74' lang='grc' dir='ltr'><strong><em>σπηλαίῳ</em></strong></span> <span class='ocrx_word' id='word_1_235' title='bbox 633 1860 788 1922; x_wconf 75' lang='grc' dir='ltr'><strong><em>ἡμέρας</em></strong></span> <span class='ocrx_word' id='word_1_236' title='bbox 804 1863 1128 1922; x_wconf 78' lang='grc' dir='ltr'><strong><em>τεσσαράκοντα,</em></strong></span> <span class='ocrx_word' id='word_1_237' title='bbox 1162 1867 1230 1909; x_wconf 85' lang='grc' dir='ltr'><strong><em>καὶ</em></strong></span> <span class='ocrx_word' id='word_1_238' title='bbox 1246 1862 1512 1920; x_wconf 69' lang='grc' dir='ltr'><strong><em>ἐτελεύτησεν.</em></strong></span> <span class='ocrx_word' id='word_1_239' title='bbox 1581 1862 1603 1907; x_wconf 83' lang='grc' dir='ltr'>ὁ</span> <span class='ocrx_word' id='word_1_240' title='bbox 1626 1864 1670 1907; x_wconf 76' lang='grc' dir='ltr'><strong><em>δὲ</em></strong></span> 
     </span>
    </p>
   </div>
   <div class='ocr_carea' id='block_1_3' title="bbox 193 2013 1674 2902">
    <p class='ocr_par' dir='ltr' id='par_1_5' title="bbox 193 2013 1674 2760">
     <span class='ocr_line' id='line_1_26' title="bbox 194 2013 1671 2068; baseline 0.003 -20"><span class='ocrx_word' id='word_1_241' title='bbox 194 2013 429 2068; x_wconf 68' lang='lat' dir='ltr'><strong>quadraginta</strong></span> <span class='ocrx_word' id='word_1_242' title='bbox 449 2015 525 2051; x_wconf 85' lang='lat' dir='ltr'><strong>dies</strong></span> <span class='ocrx_word' id='word_1_243' title='bbox 542 2015 822 2063; x_wconf 82' lang='lat' dir='ltr'><strong>Hierosolymam</strong></span> <span class='ocrx_word' id='word_1_244' title='bbox 845 2018 1014 2053; x_wconf 87' lang='lat' dir='ltr'><strong>adductus</strong></span> <span class='ocrx_word' id='word_1_245' title='bbox 1034 2023 1099 2064; x_wconf 86' lang='lat' dir='ltr'><strong>est,</strong></span> <span class='ocrx_word' id='word_1_246' title='bbox 1122 2023 1164 2055; x_wconf 85' lang='lat' dir='ltr'><strong><em>ut</em></strong></span> <span class='ocrx_word' id='word_1_247' title='bbox 1186 2018 1326 2055; x_wconf 86' lang='lat' dir='ltr'><strong>domino</strong></span> <span class='ocrx_word' id='word_1_248' title='bbox 1349 2018 1540 2054; x_wconf 83' lang='lat' dir='ltr'><strong>secundum</strong></span> <span class='ocrx_word' id='word_1_249' title='bbox 1557 2018 1671 2064; x_wconf 84' lang='lat' dir='ltr'><strong>legem</strong></span> 
     </span>
     <span class='ocr_line' id='line_1_27' title="bbox 195 2064 1672 2112; baseline 0.004 -18"><span class='ocrx_word' id='word_1_250' title='bbox 195 2065 404 2104; x_wconf 77' lang='lat' dir='ltr'><strong>sisteretur3</strong></span> <span class='ocrx_word' id='word_1_251' title='bbox 439 2068 674 2110; x_wconf 86' lang='lat' dir='ltr'><strong>acceptusque</strong></span> <span class='ocrx_word' id='word_1_252' title='bbox 698 2070 753 2100; x_wconf 89' lang='lat' dir='ltr'><strong><em>est</em></strong></span> <span class='ocrx_word' id='word_1_253' title='bbox 780 2076 802 2100; x_wconf 86' lang='lat' dir='ltr'><strong>a</strong></span> <span class='ocrx_word' id='word_1_254' title='bbox 822 2064 915 2100; x_wconf 85' lang='lat' dir='ltr'><strong>iusto</strong></span> <span class='ocrx_word' id='word_1_255' title='bbox 940 2066 1131 2110; x_wconf 86' lang='lat' dir='ltr'><strong>Symeone.</strong></span> <span class='ocrx_word' id='word_1_256' title='bbox 1179 2066 1210 2101; x_wconf 87' lang='lat' dir='ltr'><strong><em>is</em></strong></span> <span class='ocrx_word' id='word_1_257' title='bbox 1242 2066 1302 2101; x_wconf 90' lang='lat' dir='ltr'><strong><em>dei</em></strong></span> <span class='ocrx_word' id='word_1_258' title='bbox 1326 2070 1492 2112; x_wconf 87' lang='lat' dir='ltr'><strong>receptor</strong></span> <span class='ocrx_word' id='word_1_259' title='bbox 1514 2066 1672 2110; x_wconf 82' lang='lat' dir='ltr'>Symeon</span> 
     </span>
     <span class='ocr_line' id='line_1_28' title="bbox 194 2107 1669 2158; baseline 0.003 -17"><span class='ocrx_word' id='word_1_260' title='bbox 194 2107 346 2143; x_wconf 82' lang='lat' dir='ltr'><strong>Iudaeus</strong></span> <span class='ocrx_word' id='word_1_261' title='bbox 370 2119 459 2143; x_wconf 89' lang='lat' dir='ltr'><strong>unus</strong></span> <span class='ocrx_word' id='word_1_262' title='bbox 486 2115 564 2145; x_wconf 84' lang='lat' dir='ltr'><strong>erat</strong></span> <span class='ocrx_word' id='word_1_263' title='bbox 586 2111 630 2146; x_wconf 89' lang='lat' dir='ltr'><strong>de</strong></span> <span class='ocrx_word' id='word_1_264' title='bbox 655 2112 702 2147; x_wconf 90' lang='grc'><strong><em>70</em></strong></span> <span class='ocrx_word' id='word_1_265' title='bbox 720 2111 791 2146; x_wconf 85' lang='lat' dir='ltr'><strong>illis</strong></span> <span class='ocrx_word' id='word_1_266' title='bbox 813 2111 1088 2157; x_wconf 78' lang='lat' dir='ltr'>interpretibus,</span> <span class='ocrx_word' id='word_1_267' title='bbox 1125 2112 1187 2158; x_wconf 90' lang='lat' dir='ltr'><strong><em>qui</em></strong></span> <span class='ocrx_word' id='word_1_268' title='bbox 1211 2112 1414 2148; x_wconf 80' lang='lat' dir='ltr'><strong>Ptolemaeo</strong></span> <span class='ocrx_word' id='word_1_269' title='bbox 1438 2111 1669 2158; x_wconf 84' lang='lat' dir='ltr'><strong>Philadelpho</strong></span> 
     </span>
     <span class='ocr_line' id='line_1_29' title="bbox 193 2153 1672 2200; baseline 0.003 -13"><span class='ocrx_word' id='word_1_270' title='bbox 193 2153 352 2199; x_wconf 81' lang='lat' dir='ltr'><strong>Aegypti</strong></span> <span class='ocrx_word' id='word_1_271' title='bbox 389 2155 468 2200; x_wconf 84' lang='lat' dir='ltr'><strong>regi</strong></span> <span class='ocrx_word' id='word_1_272' title='bbox 496 2157 687 2192; x_wconf 77' lang='lat' dir='ltr'><strong>Ebraicum</strong></span> <span class='ocrx_word' id='word_1_273' title='bbox 727 2163 831 2193; x_wconf 83' lang='lat' dir='ltr'><strong>vetus</strong></span> <span class='ocrx_word' id='word_1_274' title='bbox 864 2163 1107 2194; x_wconf 89' lang='lat' dir='ltr'><strong>testamentum</strong></span> <span class='ocrx_word' id='word_1_275' title='bbox 1140 2159 1178 2194; x_wconf 90' lang='lat' dir='ltr'><strong><em>in</em></strong></span> <span class='ocrx_word' id='word_1_276' title='bbox 1213 2160 1388 2194; x_wconf 88' lang='lat' dir='ltr'><strong>Graecum</strong></span> <span class='ocrx_word' id='word_1_277' title='bbox 1419 2158 1672 2193; x_wconf 81' lang='lat' dir='ltr'><strong>transtulerant</strong></span> 
     </span>
     <span class='ocr_line' id='line_1_30' title="bbox 194 2203 1672 2252; baseline 0.004 -19"><span class='ocrx_word' id='word_1_278' title='bbox 194 2211 389 2235; x_wconf 84' lang='lat' dir='ltr'><strong>sermonem</strong></span> <span class='ocrx_word' id='word_1_279' title='bbox 413 2207 496 2237; x_wconf 89' lang='lat' dir='ltr'><strong>ante</strong></span> <span class='ocrx_word' id='word_1_280' title='bbox 520 2203 657 2239; x_wconf 78' lang='lat' dir='ltr'><strong>Christi</strong></span> <span class='ocrx_word' id='word_1_281' title='bbox 679 2204 878 2248; x_wconf 80' lang='lat' dir='ltr'><strong>adventum,</strong></span> <span class='ocrx_word' id='word_1_282' title='bbox 903 2204 995 2239; x_wconf 90' lang='lat' dir='ltr'><strong>sicut</strong></span> <span class='ocrx_word' id='word_1_283' title='bbox 1016 2206 1062 2240; x_wconf 93' lang='lat' dir='ltr'><strong><em>D.</em></strong></span> <span class='ocrx_word' id='word_1_284' title='bbox 1087 2206 1363 2252; x_wconf 84' lang='lat' dir='ltr'><strong>Chrysostomus</strong></span> <span class='ocrx_word' id='word_1_285' title='bbox 1389 2205 1427 2239; x_wconf 91' lang='lat' dir='ltr'><strong><em>in</em></strong></span> <span class='ocrx_word' id='word_1_286' title='bbox 1452 2216 1515 2240; x_wconf 79' lang='lat' dir='ltr'><strong><em>suo</em></strong></span> <span class='ocrx_word' id='word_1_287' title='bbox 1540 2205 1584 2239; x_wconf 85' lang='lat' dir='ltr'><strong>de</strong></span> <span class='ocrx_word' id='word_1_288' title='bbox 1607 2216 1672 2239; x_wconf 85' lang='lat' dir='ltr'><strong>sex</strong></span> 
     </span>
     <span class='ocr_line' id='line_1_31' title="bbox 194 2246 1671 2297; baseline 0.003 -17"><span class='ocrx_word' id='word_1_289' title='bbox 194 2246 319 2281; x_wconf 86' lang='lat' dir='ltr'><strong>diebus</strong></span> <span class='ocrx_word' id='word_1_290' title='bbox 343 2259 452 2294; x_wconf 85' lang='lat' dir='ltr'><strong>opere</strong></span> <span class='ocrx_word' id='word_1_291' title='bbox 474 2249 596 2285; x_wconf 85' lang='lat' dir='ltr'><strong>tradit.</strong></span> <span class='ocrx_word' id='word_1_292' title='bbox 645 2256 752 2297; x_wconf 79' lang='lat' dir='ltr'><strong>atque</strong></span> <span class='ocrx_word' id='word_1_293' title='bbox 775 2249 833 2285; x_wconf 88' lang='lat' dir='ltr'><strong><em>hic</em></strong></span> <span class='ocrx_word' id='word_1_294' title='bbox 854 2251 1010 2296; x_wconf 85' lang='lat' dir='ltr'><strong>Symeon</strong></span> <span class='ocrx_word' id='word_1_295' title='bbox 1033 2263 1110 2287; x_wconf 89' lang='lat' dir='ltr'><strong><em>cum</em></strong></span> <span class='ocrx_word' id='word_1_296' title='bbox 1130 2252 1263 2287; x_wconf 81' lang='lat' dir='ltr'><strong>Esaiae</strong></span> <span class='ocrx_word' id='word_1_297' title='bbox 1286 2251 1490 2286; x_wconf 83' lang='lat' dir='ltr'><strong>vaticinium</strong></span> <span class='ocrx_word' id='word_1_298' title='bbox 1511 2250 1671 2296; x_wconf 77' lang='lat' dir='ltr'><strong>legisset,</strong></span> 
     </span>
     <span class='ocr_line' id='line_1_32' title="bbox 196 2293 1671 2344; baseline 0.003 -18"><span class='ocrx_word' id='word_1_299' title='bbox 196 2293 371 2338; x_wconf 85' lang='lat' dir='ltr'><strong>virginem</strong></span> <span class='ocrx_word' id='word_1_300' title='bbox 398 2295 581 2340; x_wconf 82' lang='lat' dir='ltr'><strong>gravidam</strong></span> <span class='ocrx_word' id='word_1_301' title='bbox 607 2297 686 2332; x_wconf 86' lang='lat' dir='ltr'><strong>fore</strong></span> <span class='ocrx_word' id='word_1_302' title='bbox 709 2302 882 2344; x_wconf 88' lang='lat' dir='ltr'><strong>partuque</strong></span> <span class='ocrx_word' id='word_1_303' title='bbox 907 2298 1014 2333; x_wconf 90' lang='lat' dir='ltr'><strong>filium</strong></span> <span class='ocrx_word' id='word_1_304' title='bbox 1037 2299 1300 2334; x_wconf 86' lang='lat' dir='ltr'><strong>Emmanuelum</strong></span> <span class='ocrx_word' id='word_1_305' title='bbox 1324 2297 1464 2333; x_wconf 88' lang='lat' dir='ltr'><strong>nomine</strong></span> <span class='ocrx_word' id='word_1_306' title='bbox 1488 2297 1671 2342; x_wconf 83' lang='lat' dir='ltr'><strong>edituram,</strong></span> 
     </span>
     <span class='ocr_line' id='line_1_33' title="bbox 195 2338 1672 2389; baseline 0.003 -16"><span class='ocrx_word' id='word_1_307' title='bbox 195 2338 300 2374; x_wconf 86' lang='lat' dir='ltr'><strong>fidem</strong></span> <span class='ocrx_word' id='word_1_308' title='bbox 332 2340 426 2375; x_wconf 90' lang='lat' dir='ltr'><strong>dicto</strong></span> <span class='ocrx_word' id='word_1_309' title='bbox 458 2353 603 2387; x_wconf 89' lang='lat' dir='ltr'><strong>prorsus</strong></span> <span class='ocrx_word' id='word_1_310' title='bbox 626 2344 832 2389; x_wconf 81' lang='lat' dir='ltr'><strong>derogavit,</strong></span> <span class='ocrx_word' id='word_1_311' title='bbox 868 2345 962 2389; x_wconf 89' lang='lat' dir='ltr'><strong>quod</strong></span> <span class='ocrx_word' id='word_1_312' title='bbox 993 2345 1140 2380; x_wconf 79' lang='lat' dir='ltr'><strong><em>humana</em></strong></span> <span class='ocrx_word' id='word_1_313' title='bbox 1170 2350 1297 2380; x_wconf 82' lang='lat' dir='ltr'><strong>natura</strong></span> <span class='ocrx_word' id='word_1_314' title='bbox 1328 2343 1468 2378; x_wconf 90' lang='lat' dir='ltr'><strong>omnino</strong></span> <span class='ocrx_word' id='word_1_315' title='bbox 1498 2343 1672 2387; x_wconf 81' lang='lat' dir='ltr'><strong>virginem</strong></span> 
     </span>
     <span class='ocr_line' id='line_1_34' title="bbox 196 2389 1674 2437; baseline 0.003 -18"><span class='ocrx_word' id='word_1_316' title='bbox 196 2396 324 2430; x_wconf 87' lang='lat' dir='ltr'><strong>parere</strong></span> <span class='ocrx_word' id='word_1_317' title='bbox 347 2399 418 2422; x_wconf 91' lang='lat' dir='ltr'><strong><em>non</em></strong></span> <span class='ocrx_word' id='word_1_318' title='bbox 441 2389 655 2425; x_wconf 84' lang='lat' dir='ltr'><strong>admitteret.</strong></span> <span class='ocrx_word' id='word_1_319' title='bbox 703 2390 756 2425; x_wconf 85' lang='lat' dir='ltr'><strong><em>sic</em></strong></span> <span class='ocrx_word' id='word_1_320' title='bbox 790 2390 823 2424; x_wconf 88' lang='lat' dir='ltr'><strong><em>ei</em></strong></span> <span class='ocrx_word' id='word_1_321' title='bbox 853 2390 1005 2426; x_wconf 85' lang='lat' dir='ltr'><strong>animato</strong></span> <span class='ocrx_word' id='word_1_322' title='bbox 1034 2391 1205 2427; x_wconf 86' lang='lat' dir='ltr'><strong>divinitus</strong></span> <span class='ocrx_word' id='word_1_323' title='bbox 1236 2392 1452 2437; x_wconf 83' lang='lat' dir='ltr'><strong>patefactum</strong></span> <span class='ocrx_word' id='word_1_324' title='bbox 1475 2394 1531 2424; x_wconf 87' lang='lat' dir='ltr'><strong><em>est</em></strong></span> <span class='ocrx_word' id='word_1_325' title='bbox 1555 2389 1674 2424; x_wconf 87' lang='lat' dir='ltr'><strong>victu-</strong></span> 
     </span>
     <span class='ocr_line' id='line_1_35' title="bbox 197 2435 1672 2484; baseline 0.002 -18"><span class='ocrx_word' id='word_1_326' title='bbox 197 2443 273 2467; x_wconf 88' lang='lat' dir='ltr'><strong>rum</strong></span> <span class='ocrx_word' id='word_1_327' title='bbox 297 2444 339 2467; x_wconf 89' lang='lat' dir='ltr'><strong>eo</strong></span> <span class='ocrx_word' id='word_1_328' title='bbox 361 2445 473 2479; x_wconf 88' lang='lat' dir='ltr'><strong>usque</strong></span> <span class='ocrx_word' id='word_1_329' title='bbox 496 2436 576 2470; x_wconf 86' lang='lat' dir='ltr'><strong><em>dum</em></strong></span> <span class='ocrx_word' id='word_1_330' title='bbox 599 2436 692 2472; x_wconf 80' lang='lat' dir='ltr'><strong>vatis</strong></span> <span class='ocrx_word' id='word_1_331' title='bbox 718 2436 891 2471; x_wconf 82' lang='lat' dir='ltr'><strong>oraculum</strong></span> <span class='ocrx_word' id='word_1_332' title='bbox 915 2438 1133 2484; x_wconf 90' lang='lat' dir='ltr'><strong>impleretur.</strong></span> <span class='ocrx_word' id='word_1_333' title='bbox 1181 2438 1218 2472; x_wconf 91' lang='lat' dir='ltr'><strong><em>id</em></strong></span> <span class='ocrx_word' id='word_1_334' title='bbox 1241 2449 1305 2472; x_wconf 89' lang='lat' dir='ltr'><strong><em>nos</em></strong></span> <span class='ocrx_word' id='word_1_335' title='bbox 1324 2447 1461 2472; x_wconf 85' lang='lat' dir='ltr'><strong>sacrum</strong></span> <span class='ocrx_word' id='word_1_336' title='bbox 1481 2435 1587 2470; x_wconf 83' lang='lat' dir='ltr'><strong>etiam</strong></span> <span class='ocrx_word' id='word_1_337' title='bbox 1606 2437 1672 2470; x_wconf 91' lang='lat' dir='ltr'><strong><em>do-</em></strong></span> 
     </span>
     <span class='ocr_line' id='line_1_36' title="bbox 199 2479 1673 2530; baseline 0.003 -19"><span class='ocrx_word' id='word_1_338' title='bbox 199 2482 255 2512; x_wconf 88' lang='lat' dir='ltr'><strong><em>cet</em></strong></span> <span class='ocrx_word' id='word_1_339' title='bbox 265 2480 482 2525; x_wconf 78' lang='lat' dir='ltr'><strong>evangelium</strong></span> <span class='ocrx_word' id='word_1_340' title='bbox 495 2482 550 2517; x_wconf 90' lang='lat' dir='ltr'><strong><em>his</em></strong></span> <span class='ocrx_word' id='word_1_341' title='bbox 567 2483 687 2518; x_wconf 85' lang='lat' dir='ltr'><strong>verbis</strong></span> <span class='ocrx_word' id='word_1_342' title='bbox 702 2483 805 2527; x_wconf 90' lang='lat' dir='ltr'><strong>(Luc.</strong></span> <span class='ocrx_word' id='word_1_343' title='bbox 819 2484 858 2528; x_wconf 74' lang='lat'><strong><em>2)</em></strong></span> <span class='ocrx_word' id='word_1_344' title='bbox 876 2479 977 2519; x_wconf 77' lang='lat' dir='ltr'><strong>“erat</strong></span> <span class='ocrx_word' id='word_1_345' title='bbox 995 2484 1123 2530; x_wconf 87' lang='lat' dir='ltr'><strong>spiritu</strong></span> <span class='ocrx_word' id='word_1_346' title='bbox 1140 2489 1262 2519; x_wconf 84' lang='lat' dir='ltr'><strong>sancto</strong></span> <span class='ocrx_word' id='word_1_347' title='bbox 1283 2482 1476 2530; x_wconf 84' lang='lat' dir='ltr'><strong>praeditus,</strong></span> <span class='ocrx_word' id='word_1_348' title='bbox 1498 2483 1543 2516; x_wconf 88' lang='lat' dir='ltr'><strong><em>ab</em></strong></span> <span class='ocrx_word' id='word_1_349' title='bbox 1559 2493 1673 2527; x_wconf 89' lang='lat' dir='ltr'><strong>eoque</strong></span> 
     </span>
     <span class='ocr_line' id='line_1_37' title="bbox 199 2526 1672 2577; baseline 0.003 -19"><span class='ocrx_word' id='word_1_350' title='bbox 199 2526 374 2561; x_wconf 86' lang='lat' dir='ltr'><strong>oraculum</strong></span> <span class='ocrx_word' id='word_1_351' title='bbox 398 2533 606 2574; x_wconf 85' lang='lat' dir='ltr'><strong>acceperat,</strong></span> <span class='ocrx_word' id='word_1_352' title='bbox 631 2541 671 2564; x_wconf 84' lang='lat' dir='ltr'><strong>se</strong></span> <span class='ocrx_word' id='word_1_353' title='bbox 692 2541 762 2564; x_wconf 90' lang='lat' dir='ltr'><strong><em>non</em></strong></span> <span class='ocrx_word' id='word_1_354' title='bbox 783 2535 865 2564; x_wconf 89' lang='lat' dir='ltr'><strong>ante</strong></span> <span class='ocrx_word' id='word_1_355' title='bbox 887 2531 1090 2566; x_wconf 86' lang='lat' dir='ltr'><strong>moriturum</strong></span> <span class='ocrx_word' id='word_1_356' title='bbox 1113 2542 1216 2577; x_wconf 81' lang='lat' dir='ltr'><strong>quam</strong></span> <span class='ocrx_word' id='word_1_357' title='bbox 1240 2534 1381 2564; x_wconf 85' lang='lat' dir='ltr'><strong>unctum</strong></span> <span class='ocrx_word' id='word_1_358' title='bbox 1404 2528 1535 2563; x_wconf 89' lang='lat' dir='ltr'><strong>domini</strong></span> <span class='ocrx_word' id='word_1_359' title='bbox 1558 2527 1672 2563; x_wconf 81' lang='lat' dir='ltr'><strong>vidis-</strong></span> 
     </span>
     <span class='ocr_line' id='line_1_38' title="bbox 201 2567 1674 2623; baseline 0.002 -18"><span class='ocrx_word' id='word_1_360' title='bbox 201 2567 293 2608; x_wconf 86' lang='lat' dir='ltr'><strong>set.&#39;’</strong></span> <span class='ocrx_word' id='word_1_361' title='bbox 317 2584 393 2608; x_wconf 89' lang='lat' dir='ltr'><strong>eum</strong></span> <span class='ocrx_word' id='word_1_362' title='bbox 418 2585 501 2619; x_wconf 86' lang='lat' dir='ltr'><strong>ergo</strong></span> <span class='ocrx_word' id='word_1_363' title='bbox 524 2574 562 2609; x_wconf 89' lang='lat' dir='ltr'><strong><em>in</em></strong></span> <span class='ocrx_word' id='word_1_364' title='bbox 585 2575 712 2622; x_wconf 86' lang='lat' dir='ltr'><strong>templo</strong></span> <span class='ocrx_word' id='word_1_365' title='bbox 736 2575 859 2610; x_wconf 86' lang='lat' dir='ltr'><strong>videns</strong></span> <span class='ocrx_word' id='word_1_366' title='bbox 883 2577 1062 2622; x_wconf 87' lang='lat' dir='ltr'><strong>puerulum</strong></span> <span class='ocrx_word' id='word_1_367' title='bbox 1088 2576 1320 2623; x_wconf 81' lang='lat' dir='ltr'><strong>quadraginta</strong></span> <span class='ocrx_word' id='word_1_368' title='bbox 1343 2575 1490 2619; x_wconf 86' lang='lat' dir='ltr'><strong>dierum,</strong></span> <span class='ocrx_word' id='word_1_369' title='bbox 1513 2575 1551 2609; x_wconf 87' lang='lat' dir='ltr'><strong><em>in</em></strong></span> <span class='ocrx_word' id='word_1_370' title='bbox 1573 2575 1674 2609; x_wconf 80' lang='lat' dir='ltr'><strong>ulnus</strong></span> 
     </span>
     <span class='ocr_line' id='line_1_39' title="bbox 201 2617 1672 2668; baseline 0.003 -18"><span class='ocrx_word' id='word_1_371' title='bbox 201 2617 357 2662; x_wconf 84' lang='lat' dir='ltr'><strong>accepit,</strong></span> <span class='ocrx_word' id='word_1_372' title='bbox 385 2620 549 2665; x_wconf 86' lang='lat' dir='ltr'><strong>fatusque</strong></span> <span class='ocrx_word' id='word_1_373' title='bbox 576 2619 713 2667; x_wconf 75' lang='lat' dir='ltr'><strong>“nunc,</strong></span> <span class='ocrx_word' id='word_1_374' title='bbox 747 2622 902 2667; x_wconf 87' lang='lat' dir='ltr'><strong>domine,</strong></span> <span class='ocrx_word' id='word_1_375' title='bbox 934 2635 1074 2659; x_wconf 87' lang='lat' dir='ltr'><strong>servum</strong></span> <span class='ocrx_word' id='word_1_376' title='bbox 1097 2630 1193 2659; x_wconf 89' lang='lat' dir='ltr'><strong>tuum</strong></span> <span class='ocrx_word' id='word_1_377' title='bbox 1216 2623 1354 2658; x_wconf 84' lang='lat' dir='ltr'><strong>dimitte</strong></span> <span class='ocrx_word' id='word_1_378' title='bbox 1376 2621 1414 2656; x_wconf 86' lang='lat' dir='ltr'><strong><em>in</em></strong></span> <span class='ocrx_word' id='word_1_379' title='bbox 1433 2633 1522 2668; x_wconf 87' lang='lat' dir='ltr'><strong>pace</strong></span> <span class='ocrx_word' id='word_1_380' title='bbox 1545 2632 1672 2655; x_wconf 88' lang='lat' dir='ltr'><strong>secun-</strong></span> 
     </span>
     <span class='ocr_line' id='line_1_40' title="bbox 202 2661 1671 2716; baseline 0.001 -17"><span class='ocrx_word' id='word_1_381' title='bbox 202 2661 281 2715; x_wconf 64' lang='grc'><strong>(19111</strong></span> <span class='ocrx_word' id='word_1_382' title='bbox 303 2666 447 2701; x_wconf 83' lang='lat' dir='ltr'><strong>verbum</strong></span> <span class='ocrx_word' id='word_1_383' title='bbox 471 2664 590 2702; x_wconf 89' lang='lat' dir='ltr'><strong>tuum”</strong></span> <span class='ocrx_word' id='word_1_384' title='bbox 613 2667 725 2703; x_wconf 85' lang='lat' dir='ltr'><strong>laetus</strong></span> <span class='ocrx_word' id='word_1_385' title='bbox 748 2669 793 2703; x_wconf 80' lang='lat' dir='ltr'><strong><em>ad</em></strong></span> <span class='ocrx_word' id='word_1_386' title='bbox 817 2680 895 2703; x_wconf 88' lang='lat' dir='ltr'><strong>eum</strong></span> <span class='ocrx_word' id='word_1_387' title='bbox 919 2669 1000 2704; x_wconf 89' lang='lat' dir='ltr'><strong>hinc</strong></span> <span class='ocrx_word' id='word_1_388' title='bbox 1021 2669 1223 2716; x_wconf 83' lang='lat' dir='ltr'><strong>emigravit.</strong></span> <span class='ocrx_word' id='word_1_389' title='bbox 1270 2668 1399 2704; x_wconf 86' lang='lat' dir='ltr'><strong>deinde</strong></span> <span class='ocrx_word' id='word_1_390' title='bbox 1420 2668 1592 2714; x_wconf 78' lang='lat' dir='ltr'><strong>Iosephus</strong></span> <span class='ocrx_word' id='word_1_391' title='bbox 1614 2666 1671 2701; x_wconf 88' lang='lat' dir='ltr'><strong><em>di-</em></strong></span> 
     </span>
     <span class='ocr_line' id='line_1_41' title="bbox 202 2709 993 2760; baseline 0.014 -20"><span class='ocrx_word' id='word_1_392' title='bbox 202 2709 335 2743; x_wconf 79' lang='lat' dir='ltr'><strong>vinitus</strong></span> <span class='ocrx_word' id='word_1_393' title='bbox 358 2716 412 2746; x_wconf 88' lang='lat' dir='ltr'><strong><em>est</em></strong></span> <span class='ocrx_word' id='word_1_394' title='bbox 436 2713 473 2745; x_wconf 94' lang='lat' dir='ltr'><strong><em>in</em></strong></span> <span class='ocrx_word' id='word_1_395' title='bbox 495 2713 695 2759; x_wconf 84' lang='lat' dir='ltr'><strong>Aegyptum</strong></span> <span class='ocrx_word' id='word_1_396' title='bbox 718 2715 841 2760; x_wconf 81' lang='lat' dir='ltr'><strong>sugere</strong></span> <span class='ocrx_word' id='word_1_397' title='bbox 864 2716 993 2751; x_wconf 83' lang='lat' dir='ltr'><strong>iussus.</strong></span> 
     </span>
    </p>

    <p class='ocr_par' dir='ltr' id='par_1_6' title="bbox 201 2755 1672 2902">
     <span class='ocr_line' id='line_1_42' title="bbox 292 2755 1671 2808; baseline 0.002 -19"><span class='ocrx_word' id='word_1_398' title='bbox 292 2755 379 2791; x_wconf 88' lang='lat' dir='ltr'><strong>Post</strong></span> <span class='ocrx_word' id='word_1_399' title='bbox 400 2758 579 2794; x_wconf 89' lang='lat' dir='ltr'><strong>biennium</strong></span> <span class='ocrx_word' id='word_1_400' title='bbox 602 2761 764 2796; x_wconf 81' lang='lat' dir='ltr'><strong>Herodes</strong></span> <span class='ocrx_word' id='word_1_401' title='bbox 786 2762 950 2808; x_wconf 85' lang='lat' dir='ltr'><strong>puerulos</strong></span> <span class='ocrx_word' id='word_1_402' title='bbox 975 2762 1128 2807; x_wconf 82' lang='lat' dir='ltr'><strong>necavit,</strong></span> <span class='ocrx_word' id='word_1_403' title='bbox 1151 2761 1428 2806; x_wconf 74' lang='lat' dir='ltr'><strong>Zachariamque</strong></span> <span class='ocrx_word' id='word_1_404' title='bbox 1451 2758 1561 2795; x_wconf 83' lang='lat' dir='ltr'><strong>sacris</strong></span> <span class='ocrx_word' id='word_1_405' title='bbox 1585 2769 1671 2804; x_wconf 78' lang='lat' dir='ltr'><strong>ope—</strong></span> 
     </span>
     <span class='ocr_line' id='line_1_43' title="bbox 201 2802 1671 2853; baseline 0.003 -20"><span class='ocrx_word' id='word_1_406' title='bbox 201 2806 336 2835; x_wconf 74' lang='lat' dir='ltr'><strong>tantem</strong></span> <span class='ocrx_word' id='word_1_407' title='bbox 363 2802 457 2838; x_wconf 79' lang='lat' dir='ltr'><strong>intra</strong></span> <span class='ocrx_word' id='word_1_408' title='bbox 485 2804 596 2841; x_wconf 82' lang='lat' dir='ltr'><strong>altare</strong></span> <span class='ocrx_word' id='word_1_409' title='bbox 618 2806 812 2843; x_wconf 87' lang='lat' dir='ltr'><strong>interfecit.</strong></span> <span class='ocrx_word' id='word_1_410' title='bbox 859 2813 896 2844; x_wconf 86' lang='lat' dir='ltr'><strong><em>at</em></strong></span> <span class='ocrx_word' id='word_1_411' title='bbox 918 2808 1104 2844; x_wconf 85' lang='lat' dir='ltr'><strong>Elisabeta</strong></span> <span class='ocrx_word' id='word_1_412' title='bbox 1124 2809 1302 2853; x_wconf 81' lang='lat' dir='ltr'><strong>&#39;assumpto</strong></span> <span class='ocrx_word' id='word_1_413' title='bbox 1328 2808 1460 2842; x_wconf 84' lang='lat' dir='ltr'><strong>Ioanne</strong></span> <span class='ocrx_word' id='word_1_414' title='bbox 1485 2806 1523 2840; x_wconf 86' lang='lat' dir='ltr'><strong><em>in</em></strong></span> <span class='ocrx_word' id='word_1_415' title='bbox 1547 2805 1671 2839; x_wconf 81' lang='lat' dir='ltr'><strong>solitu-</strong></span> 
     </span>
     <span class='ocr_line' id='line_1_44' title="bbox 202 2846 1672 2902; baseline 0.003 -21"><span class='ocrx_word' id='word_1_416' title='bbox 202 2846 325 2886; x_wconf 71' lang='lat' dir='ltr'><strong>dinem,</strong></span> <span class='ocrx_word' id='word_1_417' title='bbox 342 2849 442 2896; x_wconf 84' lang='lat' dir='ltr'><strong>exiit,</strong></span> <span class='ocrx_word' id='word_1_418' title='bbox 464 2850 571 2895; x_wconf 89' lang='lat' dir='ltr'><strong>inque</strong></span> <span class='ocrx_word' id='word_1_419' title='bbox 593 2853 761 2898; x_wconf 82' lang='lat' dir='ltr'><strong>spelunca</strong></span> <span class='ocrx_word' id='word_1_420' title='bbox 784 2854 861 2891; x_wconf 83' lang='lat' dir='ltr'><strong>dies</strong></span> <span class='ocrx_word' id='word_1_421' title='bbox 879 2855 1113 2902; x_wconf 80' lang='lat' dir='ltr'><strong>quadraginta</strong></span> <span class='ocrx_word' id='word_1_422' title='bbox 1131 2866 1209 2891; x_wconf 85' lang='lat' dir='ltr'><strong><em>cum</em></strong></span> <span class='ocrx_word' id='word_1_423' title='bbox 1225 2853 1436 2900; x_wconf 82' lang='lat' dir='ltr'><strong>delituisset,</strong></span> <span class='ocrx_word' id='word_1_424' title='bbox 1457 2851 1551 2889; x_wconf 85' lang='lat' dir='ltr'><strong>diem</strong></span> <span class='ocrx_word' id='word_1_425' title='bbox 1573 2862 1672 2887; x_wconf 87' lang='lat' dir='ltr'><strong>suum</strong></span> 
     </span>
    </p>
   </div>
  </div>
 </body>
</html>
