1742 3184
220 233 286 280 20
701 223 943 273 GEORGII
978 220 1224 269 CEDRENI

223 344 504 406 ἀστρολογίαν,
538 343 560 388 ὅ
581 342 627 389 δὲ
647 342 927 402 ἂεροσκοπίαν,
956 338 978 384 ὃ
998 340 1042 383 δὲ
1064 343 1211 396 σημεῖα
1234 340 1321 395 γῆς,
1353 333 1475 385 ἄλλος
1495 330 1612 387 ἡλίου
1632 329 1703 374 καὶ

223 417 408 474 σελήνης.
477 414 580 459 ὥστε
608 413 703 457 οὐδὲ
730 412 1008 468 Βαβυλωνίων
1037 404 1088 466 ἦν
1119 409 1214 452 οὐδὲ
1242 407 1470 449 Χαλδαίων
1497 403 1702 459 βασιλεία,

224 486 282 539 ὥς
310 474 368 546 τῷ
392 488 596 543 Βηροσσῷ
628 485 695 527 καὶ
725 489 808 534 τοῖς
839 480 1047 536 ἑπομένοις
1080 481 1195 522 δοκεῖ
1219 477 1324 533 πρὸς
1355 473 1587 531 ἀνατροπὴν
1620 474 1703 514 τῶν

225 558 352 601 θείων
372 558 557 613 γραφῶν,
593 552 684 596 οὔτε
706 552 944 609 Αἰγυπτίων
966 550 1194 600 δυναστεία,
1230 545 1286 598 ὡς
1305 550 1361 604 τῷ
1383 543 1575 601 Istud-990
1596 554 1704 597 ψευ-

227 626 384 684 δομένῳ
415 626 481 667 καὶ
510 622 773 679 μεγαλύνοντι
801 621 848 664 τὸ
875 624 956 664 τῶν
983 619 1221 676 Αἶγυπτίων
1248 615 1393 667 ἔθνος·
1441 611 1468 670 ἦ
1494 613 1573 670 γὰρ
1598 611 1738 670 ἄρχὴ5

226 700 300 752 τῆς
328 698 409 738 τῶν
428 694 703 747 Βαβυλωνίων
723 691 932 746 βασιλείας
958 688 1050 745 ἤτοι
1072 689 1299 730 Χαλδαίων
1321 685 1402 728 ἀπὸ
1422 682 1611 740 Νεβρὼθ
1633 684 1706 724 τοῦ

228 764 332 822 μετὰ
352 763 422 807 τὸν
438 761 723 816 κατακλυσμὸν
744 764 800 811 εἷς
817 760 884 816 ἔτη
907 757 1099 811 ἑξακόσια
1117 756 1337 816 τριάκοντα
1359 752 1620 810 ἀκμάσαντος
1640 751 1709 808 γε’-

175 843 208 880 D
229 851 357 893 γονεν.
425 833 568 881 οἵτινες
594 832 642 874 δὲ
670 830 806 880 ἄλλως
833 831 923 886 περὶ
955 826 1109 872 τούτων
1133 825 1419 883 μυθικώτερον
1442 820 1709 881 γεγράφασιν,

230 904 311 949 ἀπὸ
337 906 417 961 τῶν
437 899 720 944 θεοπνεύστων
742 897 858 955 ἡμῶν
879 903 1051 958 γραφῶν
1074 898 1298 953 κλέψαντες
1324 892 1580 953 γεγράφασιν
1604 894 1709 934 idco-

230 970 515 1029 ποιησάμενοι·
543 971 598 1013 δι’
620 964 677 1013 ὧν
699 970 736 1013 οἱ
758 967 1025 1025 ἆπλούστεροι
1047 970 1114 1010 καὶ
1136 974 1216 1018 τοῖς
1235 971 1390 1017 λοιποῖς
1406 961 1561 1008 τούτων
1580 959 1709 1020 ληρή-
1723 972 1742 1007 1

231 1059 333 1098 μασι
355 1040 619 1097 προσέχοντες
640 1040 812 1097 εὐχερῶς
832 1038 1097 1094 βλάπτονται.

362 1109 453 1154 ’Ότι
476 1114 534 1168 τῷ
556 1107 677 1165 αυπη’
701 1109 777 1152 ε’τει
799 1114 873 1152 τοῦ
891 1107 1046 1164 κόσμου
1062 1105 1192 1161 Ἑνὼχ
1210 1104 1408 1159 μετετέθη
1430 1104 1474 1147 ἓν
1493 1106 1552 1161 τῷ
1575 1118 1714 1159 παρα-

233 1181 370 1238 δείσῳ,
404 1181 645 1236 τριακοσίων
667 1178 859 1234 ἑξήκοντα
877 1179 990 1222 πέντε.
1003 1175 1163 1234 χρόνων
1185 1173 1408 1232 γενόμενος.
1473 1172 1715 1230 εὖηρέστησε

230 1254 293 1309 ’τῷ
314 1253 404 1307 θεῷ
416 1262 428 1273 ·
465 1249 531 1291 καὶ
553 1249 628 1303 οὐχ
649 1246 860 1305 ηὑρίσκετο
885 1246 988 1291 διότι
1008 1248 1233 1302 μετέθηκεν
1252 1243 1379 1288 αὐτὸν
1401 1241 1422 1287 ὅ
1441 1241 1555 1294 θεός.

363 1318 456 1361 *Ὁτι
487 1318 592 1360 κατὰ
619 1317 714 1368 τοὺς
739 1317 978 1373 λεγομένους
1007 1316 1261 1373 γεωμέτρας,
1297 1315 1381 1356 ἐστὶ
1410 1312 1456 1355 τὸ
1484 1310 1613 1368 ἥμισυ
1642 1314 1742 1367 τῆςι

235 1387 550 1442 κατοικουμένης
566 1390 639 1442 τῆς
660 1388 716 1437 εἷς
737 1387 782 1429 τὸ
805 1391 939 1442 μῆκος
955 1388 1073 1441 μίλια
1086 1383 1272 1441 χιλιάδες
1294 1381 1478 1436 δώδεκα,
1525 1383 1582 1434 εἷς
1604 1382 1649 1425 δὲ
1669 1381 1714 1424 τὸ

232 1455 387 1507 πλάτος
399 1459 522 1511 ,μίλια
540 1455 721 1511 χιλιάδες
743 1457 839 1499 δέκα
862 1456 917 1506 ἕξ.

362 1525 455 1569 ’Ότι
481 1524 534 1567 τὰ
554 1525 630 1582 ὅρη
655 1525 835 1582 Ἀραρὰτ
858 1525 974 1579 ἴσμεν
994 1523 1035 1565 ἓν
1053 1522 1235 1584 Παρθίᾳ
1257 1525 1330 1578 τῆς
1355 1520 1567 1579 Ἀρμενίας
1589 1517 1689 1563 εἶναι
1703 1531 1717 1545 ·

234 1595 337 1647 τινες
354 1595 403 1638 δέ
421 1611 562 1652 φασιν,
597 1595 639 1636 ἓν
660 1596 877 1644 Κελαιναῖς
894 1597 966 1648 τῆς
987 1593 1186 1648 Φρυγίας,

114 1671 147 1717 P
169 1672 213 1709 11
365 1663 456 1707 “Ota
477 1665 539 1706 ἐπὶ
559 1661 701 1707 ἑκατὸν
712 1662 875 1720 χρόνοις
898 1661 1130 1714 ἐσκευάζετο
1152 1659 1177 1716 ἡ
1202 1657 1388 1714 κιβωτός,
1426 1656 1651 1718 ἐπληρώθη
1670 1659 1717 1702 δι)
1729 1673 1742 1709 2

235 1737 295 1792 τῷ
326 1731 432 1792 (pq-9³
464 1731 540 1775 ἕτει
571 1738 642 1788 τῆς
673 1735 777 1788 ζωῆς
810 1737 886 1776 τοῦ
912 1736 1030 1783 Νῶε,
1065 1732 1163 1786 μηνὶ
1192 1732 1268 1772 τινὶ
1295 1733 1428 1788 Μαΐῳ
1454 1729 1541 1782 κς’,
1581 1727 1718 1790 ἡμέρᾳ

236 1801 379 1862 πρώτῃ
394 1816 406 1828 ·
441 1799 463 1845 ὃ
491 1806 623 1859 πῆχυς
649 1804 693 1847 δὲ
711 1808 783 1859 τῆς
800 1806 977 1859 κιβωτοῦ
997 1800 1142 1860 ὀργυιά
1163 1802 1332 1857 μεγίστη
1353 1801 1437 1844 ἐστὶ
1461 1800 1555 1843 κατ’
1582 1802 1719 1857 Αἴγυ-

237 2002 477 2053 astrologiam,
502 2005 592 2042 alius
615 2005 707 2042 aen-is
732 2004 1061 2052 considerationem,
1085 2005 1174 2041 alius
1191 2009 1310 2041 terrae
1332 2003 1445 2051 signa,
1469 2003 1558 2040 alius
1577 2002 1662 2038 solis
1684 2006 1721 2038 et

240 2054 354 2089 luna'e.
379 2054 500 2099 itaque
524 2059 595 2088 tum
618 2065 732 2099 neque
754 2054 1029 2099 Babyloniorum
1052 2059 1130 2088 erat
1151 2064 1266 2099 neque
1286 2052 1541 2087 Chaldaeorum
1561 2062 1720 2096 regnum,

241 2106 282 2136 ut
299 2101 451 2135 Berosso
471 2105 508 2135 et
527 2111 604 2135 eum
626 2100 757 2135 secutis
783 2108 905 2137 contra
928 2111 1046 2135 sacras
1069 2100 1191 2135 literas
1215 2100 1364 2145 placuit3
1392 2110 1507 2144 neque
1522 2099 1621 2143 Aegy
1651 2098 1722 2132 tio·-

241 2158 317 2182 rum
342 2146 581 2192 principatus,
615 2153 655 2182 ut
682 2147 849 2183 Manetho
880 2148 1047 2191 tradidit,
1083 2146 1338 2192 Aegyptiorum
1361 2153 1502 2192 gentem
1531 2145 1626 2180 extol
1641 2143 1723 2180 endi

241 2193 359 2228 studio
383 2193 569 2229 mentiens.
616 2194 745 2229 etenim
769 2195 979 2241 principium
1003 2194 1105 2239 regni
1130 2193 1402 2238 Babyloniorum
1426 2193 1504 2227 sive
1523 2192 1723 2227 Chaldaeo-

241 2251 317 2276 rum
342 2251 364 2275 a
386 2240 564 2275 Nemrodo
587 2240 747 2284 ducitur,
783 2242 843 2286 qui
865 2243 911 2276 ad
938 2253 1048 2276 annos
1072 2240 1142 2276 630
1165 2246 1245 2286 post
1268 2240 1436 2275 diluvium
1459 2240 1593 2274 floruit.
1642 2238 1724 2285 qui-

241 2297 379 2331 cunque
403 2298 487 2321 vero
510 2287 553 2321 de
577 2286 633 2322 his
655 2287 848 2323 fabulosius
871 2289 1101 2335 scripserunt,
1127 2287 1154 2321 ii
1174 2299 1262 2333 quae
1286 2299 1330 2321 ex
1354 2286 1527 2322 divinitus
1548 2285 1725 2332 inspirata

241 2339 365 2368 nostra
397 2333 575 2379 scriptura
607 2334 773 2370 suffurati
807 2341 928 2379 erant,
965 2335 1036 2369 sibi
1067 2334 1313 2376 vindicarunt3
1348 2341 1495 2380 propter
1523 2344 1615 2378 quae
1639 2332 1724 2367 sim-

241 2379 408 2435 pliciores
445 2380 552 2416 etiam
579 2380 727 2427 reliquis
759 2393 879 2418 eorum
913 2381 1017 2428 nugis
1052 2381 1203 2431 animum
1233 2381 1456 2416 attendentes
1487 2380 1594 2416 facile
1625 2379 1726 2415 deci-

243 2432 400 2473 piuntur.

338 2474 438 2507 Anno
456 2473 574 2508 mundi
598 2472 689 2510 1488
711 2474 880 2510 Enochus
902 2474 940 2509 in
964 2473 1165 2520 paradisum
1187 2478 1242 2509 est
1258 2474 1462 2518 translatus,
1488 2476 1726 2509 annosvr'natus

245 2518 315 2599 {35
328 2524 459 2599 :suffrag
478 2520 571 2556 enim
597 2520 665 2556 deo
697 2527 878 2568 acceptus.
922 2518 986 2556 “et
1008 2533 1078 2556 non
1106 2521 1374 2567 inveniebatur,
1410 2520 1495 2567 quia
1527 2520 1614 2555 deus
1646 2530 1726 2554 eum

304 2577 324 2598 n
371 2577 381 2599 ι
397 2577 408 2598 ι
427 2590 436 2599 .
1359 2578 1362 2580 ’

340 2612 549 2647 Geometrae
570 2613 716 2650 tradunt
740 2613 919 2650 dimidiam
942 2617 1078 2660 partem
1102 2618 1218 2650 terrae
1243 2626 1336 2661 quae
1357 2613 1588 2658 inhabitatur,
1611 2612 1728 2647 milia-

247 2655 362 2737 rifiiljn
388 2658 526 2703 longum
548 2660 736 2697 duodecies
760 2661 857 2696 milia
878 2666 1016 2708 patere,
1040 2662 1078 2696 in
1099 2661 1207 2697 latum
1232 2661 1383 2698 miliaria
1408 2661 1529 2696 decies
1548 2672 1590 2695 ac
1607 2659 1725 2695 sexies

249 2714 283 2738 m
312 2715 358 2737 ia.

341 2749 480 2785 Montes
510 2750 639 2788 Arai-at
667 2754 795 2790 scimus
831 2754 869 2789 in
889 2754 1044 2790 Parthia
1077 2755 1263 2791 Armeniae
1306 2766 1397 2790 esse.
1445 2753 1588 2801 quidam
1625 2752 1727 2789 aiunt

251 2796 346 2842 apud
367 2796 537 2832 Celaenas
559 2799 738 2845 Phrygiae
756 2801 934 2848 oppidum.

343 2842 436 2876 Arca
458 2844 559 2879 Noae
583 2853 718 2881 centum
744 2849 844 2883 annis
867 2851 1069 2883 constructa
1092 2852 1165 2894 est,
1200 2847 1364 2884 absoluta
1386 2860 1477 2883 anno
1501 2847 1600 2884 vitae
1623 2846 1728 2881 Noae

251 2899 320 2943 uno
337 2889 381 2923 de
398 2892 663 2943 seffccentesimm
688 2906 805 2929 mense
829 2895 938 2939 Maio,
962 2895 1133 2940 vigesima
1147 2902 1247 2930 sexta
1272 2897 1343 2940 die,
1369 2895 1482 2941 prima
1506 2894 1728 2940 septimanae

250 2935 323 2972 die.
371 2937 508 2972 cubitus
534 2944 649 2974 autem
678 2952 747 2987 quo
775 2954 850 2978 eam
878 2953 1018 2978 mensus
1047 2947 1124 2988 est,
1157 2943 1305 2979 maxima
1330 2947 1387 2978 est
1412 2941 1604 2988 Aegyptiis
1626 2940 1724 2976 ulna.
