1742 3184
373 168 776 222 HISTORIARUM
809 174 1201 223 COMPENDIUM.
1429 175 1532 226 431

54 286 215 347 θούσης
235 294 287 349 τῇ
307 287 502 348 ἐπαύριον
524 286 742 349 ἅναιρήσῃ.
810 289 916 334 ἀλλὰ
937 291 1165 350 σφαγέντος
1184 290 1312 337 αῧτοῦ
1327 291 1408 337 ὕπὸ
1428 296 1533 338 Στε-

56 358 483 418 φάνου·άπελευθε’ρου
503 360 633 404 αὐτοῦ
651 357 841 417 ἀπελύθη
862 359 1064 418 ἀβλαβής.
1133 355 1253 414 οὗτος
1261 361 1532 406 Ἀπολλώνιον

54 429 125 472 τὸν
149 430 314 472 Τυανέα
347 430 529 487 ἀπέκειρε
559 430 628 472 καὶ
665 431 831 486 δέσμιον
865 433 922 482 εἷς
952 429 1212 488 δικαστήριον
1234 431 1372 488 ἤγαγε.
1441 431 1533 486 τότε

56 500 159 555 φασὶ
191 500 269 541 καὶ
293 499 341 542 τὸ
370 497 685 556 πολυθρύλητον
717 499 812 551 ἔπος
845 500 969 543 ἓκεῖνο
1007 501 1079 544 τὸν
1111 500 1381 544 Ἀπολλώνιον
1411 504 1532 545 εἷπεΐν
1553 510 1587 546 D

23 566 132 613 5“01'›
151 566 237 622 μάν
254 585 308 623 με
326 568 524 620 κτανὲεις,
561 569 644 610 ἐπεὶ
675 567 725 611 οἷί
746 586 810 612 τοι
840 568 1044 628 μόρσιμός
1076 571 1216 626 εἲμι,”
1254 573 1322 614 καὶ
1353 571 1537 629 ἄφαντον

54 637 247 694 γενέσθαι
276 641 557 695 παραχρῆμα,
613 637 709 680 κατ’
744 638 872 694 αὐτὴν
904 640 951 682 δὲ
980 639 1054 695 τὴν
1087 639 1200 698 ὥραν
1229 638 1447 699 εὖρεθῆναι
1480 643 1537 692 εἷς

55 704 286 758 Ποτιόλους
315 704 478 764 ἡμερῶν
503 710 627 764 τριῶν
651 705 872 763 διάστημα.
943 707 987 760 ὃς
1008 707 1136 767 εὖρὼν
1158 711 1281 754 ἐκεῖσε
1299 710 1370 753 τὸν
1388 715 1537 766 μαθη-

55 776 131 831 τὴν
151 775 280 819 αὐτοῦ
301 774 509 830 Δάμαντα
528 774 757 832 ἀνήγγειλεν
778 778 890 836 αὐτῷ
909 777 960 821 τὰ
983 779 1068 826 κατ’
1093 777 1231 831 αὐτόν,
1266 780 1382 822 καθὰ
1404 778 1537 823 Φιλό-

57 862 232 902 στρατος
250 845 414 903 ἱστορεῖ.
483 846 550 888 καὶ
580 850 639 904 τῷ
664 846 769 900 μετὰ
793 847 1049 902 Δομετιανὸν
1078 850 1266 903 μέλλοντι
1293 853 1537 903 βασιλεῦσαι

2 916 225 974 ιοΝὲρουᾳ
252 914 328 970 τὴν
351 914 542 971 τελευτὴν
570 914 808 972 γράμμασιν
840 918 999 968 οἰκείοις
1022 916 1316 974 προεσήμανεν.
1384 919 1454 976 ἐφ’
1486 914 1536 962 οὗ

56 983 269 1039 Τιμόθεος
298 982 320 1031 ὃ
347 983 575 1036 ἀπόστολος
603 986 670 1026 καὶ
694 984 914 1041 Ὀνήσιμος
934 986 1235 1044 ἐμαρτύρησαν,
1272 989 1339 1031 καὶ
1359 986 1536 1044 Κλήμης

52 1051 154 1112 ὑπὲρ
177 1056 366 1113 Χριστοῦ
397 1054 644 1112 ἀναιρεῖται,
680 1056 747 1097 καὶ
771 1054 961 1111 Ἰωάννης
989 1055 1271 1114 εὖαγγελιστὴς
1303 1058 1344 1101 ἓν
1366 1056 1533 1118 Πάτμῳ

53 1127 104 1181 τῇ
127 1121 238 1181 νήσῳ
260 1121 316 1175 ὡς
333 1121 567 1175 ὖπεύθυνος
586 1124 816 1180 ἐξορίζεται.

185 1190 236 1236 ‘O
253 1194 298 1236 δὲ
312 1191 582 1244 Ἀπολλώνιος
599 1193 679 1235 ἀπὸ
694 1191 854 1249 Ῥώμης
874 1193 1010 1237 ἐλθὼν
1032 1196 1089 1245 εἰς
1107 1193 1154 1237 τό
1179 1193 1429 1248 Βυζάντιον,
1463 1196 1532 1238 καὶ
1554 1204 1585 1241 P
1607 1204 1677 1243 246

0 1268 42 1306 15
54 1264 337 1320 παρακληθεὶς
364 1260 443 1305 ὖπὸ
476 1266 559 1305 τῶν
588 1263 795 1316 ἐντοπίων,
830 1264 990 1319 ἐποίησε
1012 1268 1163 1316 ταῦτα,
1201 1263 1466 1322 φυγαδεύσας
1485 1264 1533 1308 τὸ

53 1335 219 1387 πλῆθος
235 1336 317 1375 τῶν
335 1330 470 1389 ὄφεων
488 1333 555 1374 καὶ
575 1333 780 1388 σκορπίων
807 1333 850 1375 ἐκ
870 1337 944 1388 τῆς
965 1331 1142 1385 πόλεως,
1178 1333 1280 1376 ὥστε
1301 1335 1361 1389 μὴ
1381 1334 1535 1377 ἀδικεῖ-

55 1405 160 1445 σθαι
187 1399 262 1443 ὑπ’
295 1401 431 1444 αὐτῶν
460 1401 556 1452 τοὺς
586 1399 858 1458 ἀνθρώπους,
900 1404 973 1444 »καὶ
996 1407 1077 1445 τῶν
1101 1404 1239 1446 ἰ’ππων
1266 1403 1340 1458 τὴν
1367 1404 1536 1454 ἀταξίαν

50 1468 287 1525 χαλινώσας
308 1472 351 1514 ἓν
370 1476 461 1520 ταῖς
487 1469 740 1513 συνελεύσεσι
762 1475 844 1514 τῶν
869 1469 1091 1528 ἀρχόντων.
1161 1469 1357 1523 ὡσαύτως
1382 1475 1449 1515 καὶ
1481 1475 1538 1524 εἲς

46 1539 291 1595 Ἀντιόχειαν
318 1538 646 1597 παραγενόμενος
677 1541 941 1596 δυσωπηθεὶς
961 1542 1136 1596 ἐποίησε.
1203 1543 1537 1598 τυραννουμένων

0 1610 135 1667 ἓῡγὰρ
165 1613 247 1652 τῶν
275 1609 511 1664 Ἀντιοχέων
541 1607 621 1652 ’ὕπὸ
655 1614 737 1652 τῶν
767 1611 971 1668 σκορπίων
1003 1612 1070 1653 καὶ
1103 1608 1322 1664 κωνώπων,
1365 1610 1539 1666 ποιήσας

50 1679 208 1735 χαλκὸν
238 1680 433 1736 σκορπίον
461 1680 528 1721 καὶ
555 1676 696 1733 χώσας
722 1678 849 1722 αὐτὸν
868 1681 910 1722 ἐν
929 1684 981 1737 τῇ
997 1684 1048 1737 γῇ
1068 1681 1134 1722 καὶ
1152 1679 1300 1737 μικρὸν
1316 1679 1539 1736 ἐπιστήσας

53 1746 189 1792 ἐπάνω
209 1749 348 1801 κίονα,
382 1747 599 1804 βαστάζειν
625 1749 847 1806 προσέταξε
872 1749 1084 1805 καλάμους
1105 1753 1164 1808 τῷ
1184 1752 1295 1808 λαῷ,
1331 1752 1398 1793 καὶ
1419 1768 1537 1808 περι-

53 1818 295 1878 ερχομένους
322 1818 366 1861 ἓν
391 1822 445 1877 τῇ
471 1816 584 1861 πόλει
615 1816 776 1877 κράζειν
802 1819 900 1871 τοὺς
926 1817 1138 1874 καλάμους
1155 1820 1403 1871 ε’πισείοντας
1425 1818 1536 1864 ἀκώ-

51 1993 227 2041 postridie
249 1993 457 2029 necandum.
505 1995 569 2029 sed
589 1994 815 2042 imperatore,
839 1995 893 2031 uti
917 1995 1154 2041 praedixerat,
1180 1994 1297 2030 occiso
1321 1994 1391 2030 fuit
1412 2006 1433 2030 a
1451 1995 1538 2031 Ste-

52 2041 169 2087 phano
193 2041 323 2075 liberto
346 2039 440 2075 illius
463 2039 541 2075 sine
563 2053 657 2076 noxa
680 2042 858 2078 dimissus.
884 2043 916 2077 is
938 2042 1160 2077 Domitianus
1185 2041 1407 2088 Apollonium
1432 2042 1537 2086 Tya-

53 2098 158 2122 neum
182 2092 321 2122 tonsum
351 2086 577 2132 vinctumque
608 2089 653 2123 ad
685 2089 838 2124 tribunal
871 2089 1031 2125 adduxit.
1080 2100 1149 2134 quo
1173 2093 1332 2134 tempore
1354 2089 1473 2123 ferunt
1497 2089 1536 2124 id

52 2134 166 2170 fuisse
192 2135 238 2168 ab
261 2132 448 2179 Apollonio
483 2134 613 2169 dictum
644 2136 738 2181 quod
771 2136 922 2171 omnium
955 2136 1084 2171 deinde
1108 2146 1270 2169 sermone
1291 2139 1348 2170 est
1373 2134 1534 2170 celebra—

52 2186 139 2224 tum,
169 2176 250 2216 “me
272 2192 344 2215 non
365 2179 569 2214 interimes:
594 2193 664 2216 non
688 2182 754 2217 hoc
776 2182 843 2218 tibi
866 2184 941 2218 fata
964 2178 1173 2217 dederunt.''
1220 2181 1391 2226 simulque
1414 2182 1535 2216 subito

53 2226 261 2273 conspectui
282 2226 459 2261 hominum
482 2228 690 2262 subductum
711 2228 842 2274 fuisse,
865 2230 1120 2273 inventumque
1142 2227 1263 2262 eadem
1290 2228 1378 2262 hora
1400 2228 1536 2262 Puteo-

51 2273 121 2319 lis,
155 2273 264 2308 tridui
286 2285 308 2308 a
333 2274 446 2308 Roma
467 2273 613 2319 itinere,
648 2275 821 2322 discipulo
846 2288 909 2310 suo
932 2275 1074 2311 Damidi
1097 2274 1228 2309 ibidem
1252 2279 1414 2319 reperto,
1450 2274 1537 2319 quid

53 2331 172 2355 secum
207 2320 339 2355 fuisset
373 2324 486 2354 actum
524 2321 744 2367 exposuisse.
793 2328 917 2358 auctor
941 2322 1190 2357 Philostratus.
1239 2320 1297 2355 hic
1329 2320 1538 2366 Apollonius

52 2367 220 2412 Nervae,
242 2367 304 2412 qui
326 2367 444 2401 fuerat
466 2367 667 2402 Domitiano
690 2380 935 2413 successurus,
959 2368 1090 2403 exitum
1114 2367 1268 2414 propriis
1292 2367 1405 2402 literis
1427 2379 1537 2412 prae-

53 2413 157 2449 dixit.
205 2413 406 2448 Domitiano
428 2413 624 2459 imperante
646 2415 841 2450 doctrinam
866 2415 1104 2450 Christianam
1123 2413 1333 2449 Timotheus
1356 2413 1537 2459 apostolus

55 2465 93 2495 et
116 2460 305 2506 Onesimus
336 2470 400 2494 suo
431 2459 604 2505 supplicio
630 2462 897 2506 confirmarunt3
927 2463 1083 2507 itemque
1107 2461 1291 2506 Clemens,
1327 2465 1364 2495 et
1386 2461 1539 2495 Ioannes

55 2506 276 2552 evangelista
299 2506 480 2541 damnatus
504 2507 541 2540 in
564 2507 711 2543 insulam
734 2510 883 2544 Patmon
907 2514 962 2543 est
983 2510 1205 2554 deportatus.

149 2554 314 2588 Ceterum
336 2552 542 2600 Apollonius
572 2554 686 2590 Roma
713 2555 924 2601 Byzantium
957 2555 1139 2600 profectus
1171 2557 1300 2598 rogatu
1328 2552 1457 2589 civium
1492 2564 1538 2589 ea

54 2601 146 2636 urbe
166 2599 420 2635 multitudinem
444 2599 607 2644 anguium
626 2613 668 2636 ac
685 2602 903 2648 scorpiorum
929 2600 1082 2647 expulit,
1120 2612 1164 2635 ne
1192 2600 1248 2635 cui
1273 2611 1378 2646 porro
1403 2599 1538 2635 homini

54 2652 236 2682 nocerent.
285 2657 454 2692 equorum
489 2647 595 2681 etiam
625 2648 664 2682 in
693 2650 926 2684 conventibus
962 2647 1158 2694 principum
1187 2647 1333 2682 confuse
1355 2647 1536 2682 ferocien-

54 2694 141 2730 tium
165 2693 409 2740 intemperiem
431 2694 641 2729 refrenavit.
688 2695 781 2730 idem
807 2697 852 2731 ab
878 2707 919 2730 eo
943 2693 1175 2738 Antiochiae,
1198 2705 1274 2729 cum
1298 2706 1340 2728 eo
1363 2694 1534 2739 venisset,

55 2742 292 2787 efflagitatum
315 2744 383 2776 est.
419 2751 495 2775 cum
521 2739 612 2775 enim
633 2740 889 2777 Antiochenses
912 2754 934 2776 a
955 2740 1107 2786 scorpiis
1132 2744 1167 2775 et
1190 2740 1359 2776 culicibus
1383 2741 1533 2776 divexa-

54 2794 199 2835 rentur,
222 2799 363 2823 aereum
386 2787 465 2834 ipse
486 2787 664 2832 scorpium
687 2789 879 2833 conflavit,
909 2799 1016 2834 supra
1042 2798 1087 2821 ue
1108 2799 1187 2822 eum
1208 2787 1246 2822 in
1268 2792 1366 2823 terra
1387 2788 1534 2834 deposi-

55 2840 127 2870 tum
150 2847 262 2882 parva
283 2839 404 2870 erecta
424 2833 584 2869 columna
615 2836 745 2881 populo
775 2836 882 2870 iussit
911 2839 952 2869 ut
983 2846 1026 2869 ca
1039 2845 1134 2869 amos
1162 2838 1361 2880 gestarent,
1395 2846 1534 2881 perque

53 2884 177 2919 urbem
199 2881 410 2928 circuirent,
441 2886 479 2917 et
500 2881 651 2917 calamos
675 2882 915 2918 concutientes
934 2880 1162 2918 inclamarent
1182 2877 1311 2918 ‘fv-acet
1332 2882 1419 2919 urbs
1443 2881 1533 2917 culi·
