1742 3184
215 193 318 244 458
705 191 948 241 GEORGII
977 192 1225 240 CEDRENI

214 311 340 361 αὐτὸς
370 306 449 369 ἔφη
479 306 542 353 ὅτι
570 306 706 368 σάρκα
734 309 809 364 μὲν
841 309 1108 366 ἓψυχωμὲνην
1133 314 1253 369 ψυχῇ
1285 312 1432 369 ζωτικῇ
1460 305 1695 366 ἂνέλαβενὸ

213 379 375 439 κύριος,
410 383 507 423 νοῦν
527 380 572 422 δὲ
590 379 660 423 τὸν
679 378 875 437 ἡμέτερον
899 379 946 422 οὗ
969 379 1203 437 προσήκατο
1218 393 1230 404 ·
1268 382 1374 437 μηδὲ
1394 381 1473 439 γὰρ
1497 383 1697 438 δεηθῆναι

212 451 288 507 τὴν
318 449 452 508 σάρκα
487 451 612 508 φησὶν
647 449 799 504 ἐκείνην
832 448 1092 506 ἀνθρωπείου
1122 450 1216 501 νοὸς
1243 447 1587 507 ἣγεμονευομὲνην
1615 449 1695 494 ὑπὸ

211 525 285 563 τοῦ
311 520 438 575 αὐτὴν
459 516 721 569 ἐνδεδυκότος
739 522 842 561 θεοῦ
866 517 987 575 λόγου
1002 532 1014 544 ·
1050 519 1156 562 ἀλλὰ
1179 521 1283 574 μηδὲ
1299 527 1449 578 χωρεῖν
1473 520 1600 576 αὐτὴν
1620 520 1697 563 ἄλ-

211 594 287 646 λην
308 589 454 647 νοερὰν
474 587 648 642 δύναμιν
665 588 779 645 παρὰ
799 588 873 642 τὴν
888 589 1022 631 θείαν.
1081 593 1212 631 ταῦτα
1231 587 1483 644 ὑποθέμενος
1502 591 1730 638 demnas-5

211 676 280 703 ται
307 661 407 716 μίαν
439 656 538 701 εἶναι
559 657 633 712 τὴν
665 656 788 716 φύσιν
817 661 892 700 τοῦ
914 656 1036 714 λόγου
1066 660 1134 700 καὶ
1153 664 1227 713 τῆς
1249 658 1513 717 σαρκώσεως,
1550 658 1605 710 ὡς
1627 659 1698 703 ἅτε

211 734 285 785 τῆς
308 728 460 784 σαρκὸς
489 728 657 778 ἀτελοῦς
688 726 812 782 οὔσης
845 729 902 778 εἷς
922 728 968 770 τὸ
999 725 1098 771 εἶναι
1120 726 1356 787 ἄνθρωπον,
1391 730 1459 772 καὶ
1483 728 1552 772 διὰ
1576 734 1697 773 τοῦτο

211 799 271 854 μὴ
295 795 408 850 ἄξιόν
429 815 555 855 φησιν
572 795 864 853 ὀνομάζεσθαι.

160 878 190 915 Β
352 867 478 911 Meff'
512 861 567 910 ὧν
594 867 864 926 ἀναφαίνεταί
891 883 952 916 τις
978 863 1218 923 Θεόδωρος,
1248 869 1340 921 ,τῆς
1358 863 1525 921 Μόψου
1550 863 1697 919 ἕστιάς,

212 934 368 988 πόλεως
397 938 439 979 ἒν
466 941 517 994 τῇ
540 938 731 996 Κιλικίᾳ,
766 936 839 992 τὴν
859 933 1075 992 ἡγεμονίαν
1098 935 1257 992 λαχών,
1300 937 1368 978 καὶ
1399 937 1444 978 ἐκ
1477 936 1696 993 διαμέτρου
1713 947 1742 983 ss

214 1011 274 1065 τῷ
289 1006 557 1064 Ἀπολιναρίῳ
580 1005 803 1064 φερόμενος
821 1004 962 1064 ὕβρεις
982 1005 1029 1048 οὗ
1052 1006 1127 1056 τὰς
1147 1003 1352 1061 τυχούσας
1377 1009 1565 1065 τολμήρᾷ
1583 1011 1701 1063 ψυχῇ

215 1078 284 1119 καὶ
317 1075 466 1134 ἀφόβῳ
499 1077 649 1136 καρδία
679 1075 865 1131 καταχέει
895 1079 968 1118 τοῦ
999 1072 1196 1118 δεσπότου
1219 1076 1432 1131 Χριστοῦ,
1478 1073 1702 1132 ἄνθρωπον

216 1147 287 1189 ἕνα
300 1151 381 1190 τῶν
400 1145 496 1188 καθ’
518 1143 630 1200 ἡμᾶς
648 1147 716 1188 καὶ
737 1144 871 1188 κοινὸν
891 1145 1122 1196 ἀποκαλῶν,
1154 1146 1220 1187 καὶ
1235 1145 1278 1186 ἐκ
1291 1147 1501 1201 προκοπῆς
1520 1142 1702 1197 λαβόντα

216 1216 290 1271 τὴν
313 1214 437 1273 χάριν
464 1219 539 1257 τοῦ
568 1220 672 1258 θεοῦ
703 1215 805 1258 θεὸν
837 1213 1113 1268 ὀνομάζεσθαι
1124 1245 1139 1266 ,
1188 1215 1255 1255 καὶ
1279 1214 1323 1255 ἐκ
1350 1217 1424 1256 τοῦ
1453 1214 1494 1255 ἐν
1514 1211 1702 1271 Ἰορδάνῃ

215 1287 499 1341 βαπτίσματος
519 1284 747 1339 ἀξιωθῆναι
768 1288 841 1339 τῆς
858 1288 932 1326 τοῦ
951 1281 1066 1340 ἆγίου
1086 1280 1316 1338 πνεύματος
1335 1285 1504 1340 δωρεᾶς,
1528 1284 1569 1325 ἓν
1586 1282 1701 1341 πρώ-
1714 1295 1742 1330 1!

216 1373 302 1405 τοις
326 1352 533 1408 εἴς’ὄνομα
553 1355 710 1411 πατρὸς
728 1356 795 1397 καὶ
816 1354 910 1396 υἱοῦ
931 1355 998 1395 καὶ
1022 1351 1137 1409 ἁγίου
1158 1351 1387 1407 πνεύματος
1403 1354 1702 1407 βαπτισθέντα,

216 1425 286 1467 τὸν
312 1425 357 1467 δὲ
378 1423 478 1466 θεὸν
499 1421 620 1479 λόγον
645 1423 714 1466 διὰ
735 1423 810 1478 τὴν
828 1421 1169 1480 ὑπερβάλλουσαν
1198 1422 1346 1478 ἀρετὴν
1373 1422 1500 1465 αὐτοῦ
1524 1423 1610 1466 κατ’
1634 1423 1704 1466 εὗ-

217 1495 359 1538 δοκιάν
389 1492 538 1536 ἑαυτοῦ
570 1491 869 1549 κατοικήσαντα
900 1495 1150 1548 μεταδοῦναι
1180 1496 1254 1548 τῆς
1281 1495 1423 1547 θεϊκῆς
1453 1491 1570 1543 ἀξίας
1591 1492 1705 1551 αὐτῷ’

164 1576 195 1611 c
221 1566 289 1607 καὶ
310 1561 622 1622 προσκυνήσεως
639 1561 855 1620 ἐσύστερον
872 1563 977 1618 μετὰ
993 1562 1066 1618 τὴν
1082 1563 1299 1604 τελείωσιν.
1366 1565 1497 1604 ταῦτα
1519 1563 1586 1604 καὶ
1602 1562 1701 1620 ἕτερ’

219 1634 323 1677 ἄττα
364 1633 496 1676 πολλὰ
534 1637 705 1676 τοιαῦτα
746 1631 1024 1690 δυσφήμήσας
1062 1630 1137 1674 δύο
1177 1629 1319 1688 φύσεις
1357 1632 1742 1689 ἲδιοπεριορίστωςᾏ

217 1701 480 1760 ἐδογμάτισεν
502 1701 565 1743 ἐπὶ
583 1704 797 1758 λ’ριστοῦ,
834 1702 969 1756 σχέσει
998 1702 1074 1743 τινὶ
1101 1702 1168 1742 καὶ
1190 1698 1317 1754 μόνον
1337 1698 1533 1755 ἀλλήλαις
1551 1701 1703 1760 ᾠκειω-

215 1773 353 1828 μὲνας.
383 1771 552 1828 δευτέρα
574 1773 642 1813 καὶ
663 1771 766 1826 αὕτη
788 1770 1014 1826 βλάστησις
1032 1774 1105 1812 τοῦ
1123 1771 1222 1823 μίαν
1243 1767 1367 1827 φύσιν
1383 1770 1452 1812 καὶ
1469 1769 1543 1814 δύο
1563 1769 1706 1830 φύσεις

217 1844 262 1886 ἐν
282 1844 457 1900 Χριστῷ
473 1841 532 1896 μὴ
552 1840 657 1882 κατὰ
676 1840 746 1882 τὸν
768 1839 900 1898 ὀρθὸν
920 1837 1041 1896 λόγον
1061 1837 1367 1897 ὁμολογεῖσθαι.

312 1940 357 1975 16
378 1934 652 1985 βαπτισθέντος
672 1935 702 1971 Ρ

217 2031 363 2066 prorsus
387 2017 575 2053 inanimum
599 2016 740 2061 dicant,
778 2014 838 2050 ille
867 2025 889 2050 a
912 2013 1056 2050 Christo
1083 2026 1222 2050 carnem
1247 2014 1363 2050 anima
1384 2014 1487 2050 vitali
1520 2015 1707 2051 animatam

218 2067 329 2102 fuisse
353 2070 566 2111 assumptam
589 2062 782 2110 perhibuit,
807 2062 874 2097 sed
899 2063 960 2108 qui
982 2065 1131 2096 mentem
1156 2068 1311 2097 nostram
1336 2061 1477 2096 minime
1501 2061 1707 2097 adsciverit.

219 2113 308 2149 nihil
332 2112 465 2158 quippe
489 2111 523 2146 ei
545 2110 689 2157 corpori
714 2121 802 2156 opus
825 2109 940 2144 fuisse
964 2109 1112 2144 humana
1135 2115 1272 2154 mente,
1310 2120 1386 2143 cum
1409 2120 1430 2143 a
1454 2110 1587 2143 deitate
1610 2109 1648 2143 in
1669 2108 1709 2142 id

218 2160 344 2205 illapsa
365 2161 639 2204 gubernaretur.
689 2168 730 2192 ac
764 2167 810 2190 ne
841 2155 1001 2202 potuisse
1028 2156 1168 2201 quidem
1192 2155 1306 2202 recipi
1327 2156 1365 2189 in
1389 2155 1427 2190 id
1450 2167 1580 2201 corpus
1607 2155 1710 2189 aliam

219 2205 443 2251 intelligendi
466 2203 667 2239 facultatem
688 2206 811 2249 prater
835 2202 1004 2238 divinam.
1035 2202 1090 2236 his
1111 2202 1238 2249 positis
1262 2202 1445 2236 contendit
1470 2211 1571 2236 unam
1597 2201 1711 2236 fuisse

221 2253 326 2288 verbi
351 2258 389 2287 et
413 2252 531 2287 carnis
555 2256 754 2297 assumptae
782 2254 962 2293 naturam,
999 2249 1132 2295 quippe
1162 2249 1206 2283 ad
1238 2248 1389 2283 hominis
1424 2248 1709 2284 constitutionem

223 2311 299 2334 cum
325 2302 406 2333 caro
431 2309 502 2333 non
526 2298 720 2342 sufficeret,
748 2307 863 2341 neque
886 2295 1036 2329 hominis
1059 2308 1184 2330 nomen
1207 2300 1414 2330 mereretur.

315 2347 403 2380 Post
426 2345 491 2379 hos
515 2344 649 2389 prodiit
673 2343 811 2389 quidam
836 2342 1048 2376 Theodorus
1071 2342 1202 2387 Mopsu
1224 2342 1391 2386 Hestiae,
1428 2352 1521 2386 quae
1545 2342 1629 2376 urbs
1654 2344 1710 2376 est

222 2392 384 2436 Ciliciae,
411 2392 574 2428 antistes,
608 2390 640 2425 is
663 2390 768 2436 plane
791 2387 996 2434 Apolinario
1022 2389 1193 2423 adversus
1217 2388 1395 2434 intrepide
1418 2388 1598 2422 Christum
1623 2400 1707 2422 con-

221 2439 374 2474 tumeliis
398 2450 468 2473 non
486 2437 626 2472 levibus
651 2448 756 2472 ausus
779 2443 833 2470 est
856 2435 1014 2480 afficere,
1042 2435 1153 2470 fuisse
1173 2446 1251 2470 eum
1268 2436 1447 2480 vulgarem
1466 2445 1582 2479 neque
1606 2434 1710 2468 nobis

220 2486 396 2530 potiorem
419 2490 545 2519 natura
567 2483 764 2528 hominem,
787 2482 928 2525 dicens;
954 2482 1150 2527 profecisse
1175 2487 1290 2516 autem
1319 2494 1395 2516 euin
1409 2507 1420 2525 ‚
1444 2481 1560 2526 iisque
1587 2481 1709 2526 profe-

222 2531 338 2567 ctibus
362 2531 512 2577 gratiam
536 2530 598 2565 dei
624 2530 788 2576 adeptum
813 2528 916 2563 deum
938 2529 1052 2564 fuisse
1074 2528 1311 2570 nominatum3
1335 2528 1443 2573 inque
1458 2528 1611 2562 Iordane
1633 2539 1711 2561 cum

221 2578 260 2612 in
281 2578 403 2624 primis
426 2578 465 2612 in
488 2588 615 2612 nomen
664 2576 752 2611 atris
776 2575 844 2611 filii
867 2580 903 2609 et
926 2575 1074 2621 spiritus
1098 2575 1214 2610 sancti
1235 2574 1490 2620 baptizaretur,
1519 2574 1611 2608 dono
1634 2573 1709 2620 spi-

224 2625 315 2658 ritus
348 2624 462 2659 sancti
493 2623 606 2658 fuisse
632 2590 826 2669 dignatum.
873 2622 920 2655 ob
945 2622 1022 2656 eius
1045 2634 1152 2669 porro
1180 2621 1406 2656 excellentem
1433 2620 1599 2656 virtutem
1627 2632 1708 2655 ver—

224 2671 306 2704 bum
330 2671 388 2704 dei
411 2670 450 2704 in
471 2670 552 2716 ipso
575 2669 725 2705 arbitrio
750 2681 814 2703 suo
837 2668 1075 2713 inhabitasse,
1108 2680 1256 2712 eumque
1290 2667 1413 2702 divina
1444 2667 1617 2713 dignitate
1643 2666 1709 2701 im-

225 2716 434 2761 pertivisse‚
472 2722 579 2761 atque
609 2716 825 2751 adorandum
859 2719 941 2760 post
974 2722 1120 2749 mortem
1146 2714 1342 2760 redegisse.
1406 2714 1494 2748 baec
1520 2718 1556 2747 et
1580 2712 1649 2747 alia
1673 2712 1711 2746 id

225 2773 336 2806 genus
368 2762 477 2797 multa
498 2763 557 2797 ille
580 2763 689 2810 impie
712 2772 874 2797 asserens
897 2761 1047 2796 tradidit
1069 2761 1106 2796 in
1130 2761 1275 2796 Christo
1303 2761 1390 2795 duas
1416 2765 1582 2803 naturas,
1621 2770 1710 2804 qua-

226 2819 303 2842 rum
327 2812 477 2852 utraque
499 2821 565 2855 per
588 2822 628 2844 se
649 2815 687 2844 et
710 2809 857 2844 seorsim
881 2807 1146 2854 circumscripta
1172 2808 1240 2851 sit,
1271 2812 1438 2852 respectu
1460 2810 1596 2841 tantum
1619 2816 1709 2850 quo-

228 2855 306 2887 dam
330 2853 423 2887 inter
446 2866 484 2888 se
509 2856 728 2892 coniunctas.
755 2855 823 2889 hoc
846 2853 993 2888 alterum
1019 2860 1074 2889 est
1094 2865 1236 2899 germen
1259 2864 1362 2888 unam
1381 2857 1542 2889 naturam
1565 2855 1603 2887 et
1623 2852 1711 2886 duas

230 2905 373 2935 naturas
395 2899 433 2934 in
455 2900 613 2949 Christo,
639 2913 711 2938 non
733 2906 773 2937 ut
797 2900 931 2937 veritas
953 2901 1123 2948 postulat,
1150 2900 1406 2939 confitentium.
