<?xml version="1.0" encoding="UTF-8"?>
<!DOCTYPE html PUBLIC "-//W3C//DTD XHTML 1.0 Transitional//EN"
    "http://www.w3.org/TR/xhtml1/DTD/xhtml1-transitional.dtd">
<html xmlns="http://www.w3.org/1999/xhtml" xml:lang="en" lang="en">
 <head>
  <title>
</title>
<meta http-equiv="Content-Type" content="text/html;charset=utf-8" />
  <meta name='ocr-system' content='tesseract 3.04.00' />
  <meta name='ocr-capabilities' content='ocr_page ocr_carea ocr_par ocr_line ocrx_word'/>
</head>
<body>
  <div class='ocr_page' id='page_1' title='image "./corpusscriptorum13niebuoft_0494.png"; bbox 0 0 1742 3184; ppageno 0'>
   <div class='ocr_carea' id='block_1_1' title="bbox 199 178 1197 233">
    <p class='ocr_par' dir='ltr' id='par_1_1' title="bbox 199 178 1197 233">
     <span class='ocr_line' id='line_1_1' title="bbox 199 178 1197 233; baseline -0.01 0"><span class='ocrx_word' id='word_1_1' title='bbox 199 183 301 233; x_wconf 86' lang='lat'><strong>470</strong></span> <span class='ocrx_word' id='word_1_2' title='bbox 673 180 915 227; x_wconf 87' lang='lat' dir='ltr'>GEORGII</span> <span class='ocrx_word' id='word_1_3' title='bbox 951 178 1197 225; x_wconf 85' lang='lat' dir='ltr'><strong>CEDRENI</strong></span> 
     </span>
    </p>
   </div>
   <div class='ocr_carea' id='block_1_2' title="bbox 150 290 1742 1805">
    <p class='ocr_par' dir='ltr' id='par_1_2' title="bbox 198 290 1675 425">
     <span class='ocr_line' id='line_1_2' title="bbox 203 290 1675 356; baseline -0.005 -13"><span class='ocrx_word' id='word_1_4' title='bbox 203 296 405 356; x_wconf 80' lang='grc' dir='ltr'><strong><em>Θεοὸὥρα</em></strong></span> <span class='ocrx_word' id='word_1_5' title='bbox 443 291 493 354; x_wconf 74' lang='grc' dir='ltr'><strong>ἦν</strong></span> <span class='ocrx_word' id='word_1_6' title='bbox 519 301 592 342; x_wconf 80' lang='grc' dir='ltr'><strong>τοῦ</strong></span> <span class='ocrx_word' id='word_1_7' title='bbox 619 295 910 342; x_wconf 75' lang='grc' dir='ltr'><strong><em>Κωνσταντίου</em></strong></span> <span class='ocrx_word' id='word_1_8' title='bbox 948 295 1017 339; x_wconf 78' lang='grc' dir='ltr'><strong>καὶ</strong></span> <span class='ocrx_word' id='word_1_9' title='bbox 1049 291 1258 351; x_wconf 78' lang='grc' dir='ltr'><strong><em>Βαλλερῖα</em></strong></span> <span class='ocrx_word' id='word_1_10' title='bbox 1287 290 1314 350; x_wconf 77' lang='grc' dir='ltr'><strong><em>ἦ</em></strong></span> <span class='ocrx_word' id='word_1_11' title='bbox 1347 296 1420 338; x_wconf 77' lang='grc' dir='ltr'><strong>τοῦ</strong></span> <span class='ocrx_word' id='word_1_12' title='bbox 1452 291 1675 351; x_wconf 77' lang='grc' dir='ltr'><strong><em>Γαλλεριόυ</em></strong></span> 
     </span>
     <span class='ocr_line' id='line_1_3' title="bbox 198 363 918 425; baseline -0.007 -13"><span class='ocrx_word' id='word_1_13' title='bbox 198 367 289 425; x_wconf 70' lang='grc' dir='ltr'><strong><em>ἤτοι</em></strong></span> <span class='ocrx_word' id='word_1_14' title='bbox 309 372 383 412; x_wconf 79' lang='grc' dir='ltr'><strong>τοῦ</strong></span> <span class='ocrx_word' id='word_1_15' title='bbox 397 368 699 423; x_wconf 77' lang='grc' dir='ltr'><strong><em>Λιοκλητιανοῧ</em></strong></span> <span class='ocrx_word' id='word_1_16' title='bbox 713 363 918 423; x_wconf 69' lang='grc' dir='ltr'><strong><em>θυγάτηρ.</em></strong></span> 
     </span>
    </p>

    <p class='ocr_par' dir='ltr' id='par_1_3' title="bbox 193 427 1710 635">
     <span class='ocr_line' id='line_1_4' title="bbox 341 427 1675 496; baseline -0.006 -16"><span class='ocrx_word' id='word_1_17' title='bbox 341 441 415 496; x_wconf 76' lang='grc' dir='ltr'><strong>Τῷ</strong></span> <span class='ocrx_word' id='word_1_18' title='bbox 441 434 466 479; x_wconf 87' lang='grc' dir='ltr'><strong><em>ι’</em></strong></span> <span class='ocrx_word' id='word_1_19' title='bbox 496 437 622 480; x_wconf 80' lang='grc' dir='ltr'><strong><em>αὐτοῦ</em></strong></span> <span class='ocrx_word' id='word_1_20' title='bbox 652 434 730 479; x_wconf 69' lang='grc' dir='ltr'><strong><em>ἔτει</em></strong></span> <span class='ocrx_word' id='word_1_21' title='bbox 761 438 834 490; x_wconf 77' lang='grc' dir='ltr'><strong><em>τῆς</em></strong></span> <span class='ocrx_word' id='word_1_22' title='bbox 858 431 1161 490; x_wconf 66' lang='grc' dir='ltr'><strong>Ἀλεξανδρείας</strong></span> <span class='ocrx_word' id='word_1_23' title='bbox 1185 431 1262 474; x_wconf 77' lang='grc' dir='ltr'><strong>σὺν</strong></span> <span class='ocrx_word' id='word_1_24' title='bbox 1290 433 1349 488; x_wconf 75' lang='grc' dir='ltr'><strong>τῷ</strong></span> <span class='ocrx_word' id='word_1_25' title='bbox 1374 427 1575 489; x_wconf 71' lang='grc' dir='ltr'><strong><em>Λῖγῦπτῳ</em></strong></span> <span class='ocrx_word' id='word_1_26' title='bbox 1595 427 1675 473; x_wconf 69' lang='grc' dir='ltr'><strong>ὑπὸ</strong></span> 
     </span>
     <span class='ocr_line' id='line_1_5' title="bbox 193 497 1676 562; baseline -0.005 -13"><span class='ocrx_word' id='word_1_27' title='bbox 193 504 425 562; x_wconf 76' lang='grc' dir='ltr'><strong><em>Ἀχιλλέως</em></strong></span> <span class='ocrx_word' id='word_1_28' title='bbox 451 502 818 560; x_wconf 48' lang='lat' dir='ltr'><strong>humanatione,</strong></span> <span class='ocrx_word' id='word_1_29' title='bbox 863 506 914 560; x_wconf 81' lang='grc' dir='ltr'><strong>τῇ</strong></span> <span class='ocrx_word' id='word_1_30' title='bbox 936 505 1146 560; x_wconf 82' lang='grc' dir='ltr'><em>προσβολῇ</em></span> <span class='ocrx_word' id='word_1_31' title='bbox 1168 504 1249 544; x_wconf 81' lang='grc' dir='ltr'><strong>τῶν</strong></span> <span class='ocrx_word' id='word_1_32' title='bbox 1265 497 1478 555; x_wconf 79' lang='grc' dir='ltr'><strong><em>Ῥωμαίων</em></strong></span> <span class='ocrx_word' id='word_1_33' title='bbox 1499 503 1676 543; x_wconf 79' lang='grc' dir='ltr'><strong><em>πλεῖστοι</em></strong></span> 
     </span>
     <span class='ocr_line' id='line_1_6' title="bbox 196 574 1710 635; baseline -0.003 -16"><span class='ocrx_word' id='word_1_34' title='bbox 196 574 474 635; x_wconf 76' lang='grc' dir='ltr'><strong><em>ἀνῃρέθησαν.</em></strong></span> <span class='ocrx_word' id='word_1_35' title='bbox 1520 617 1528 629; x_wconf 27' lang='lat' dir='ltr'>x</span> <span class='ocrx_word' id='word_1_36' title='bbox 1686 576 1710 614; x_wconf 84' lang='lat'>5</span> 
     </span>
    </p>

    <p class='ocr_par' dir='ltr' id='par_1_4' title="bbox 342 637 1679 702">
     <span class='ocr_line' id='line_1_7' title="bbox 342 637 1679 702; baseline -0.006 -15"><span class='ocrx_word' id='word_1_37' title='bbox 342 648 416 702; x_wconf 74' lang='grc' dir='ltr'><strong>Τῷ</strong></span> <span class='ocrx_word' id='word_1_38' title='bbox 447 640 500 686; x_wconf 81' lang='grc' dir='ltr'><strong>ια’</strong></span> <span class='ocrx_word' id='word_1_39' title='bbox 525 640 602 685; x_wconf 63' lang='grc' dir='ltr'><strong><em>ἔτει</em></strong></span> <span class='ocrx_word' id='word_1_40' title='bbox 632 640 805 699; x_wconf 76' lang='grc' dir='ltr'><strong><em>φρικτὸν</em></strong></span> <span class='ocrx_word' id='word_1_41' title='bbox 833 637 1013 695; x_wconf 76' lang='grc' dir='ltr'><strong><em>διωγμῦν</em></strong></span> <span class='ocrx_word' id='word_1_42' title='bbox 1040 638 1145 681; x_wconf 77' lang='grc' dir='ltr'><strong><em>κατὰ</em></strong></span> <span class='ocrx_word' id='word_1_43' title='bbox 1166 638 1429 695; x_wconf 74' lang='grc' dir='ltr'><strong><em>Χριστιανῶν</em></strong></span> <span class='ocrx_word' id='word_1_44' title='bbox 1458 637 1679 695; x_wconf 67' lang='grc' dir='ltr'><strong><em>ἐγείραντες</em></strong></span> 
     </span>
    </p>

    <p class='ocr_par' dir='ltr' id='par_1_5' title="bbox 150 700 1737 1045">
     <span class='ocr_line' id='line_1_8' title="bbox 150 700 1678 769; baseline -0.005 -13"><span class='ocrx_word' id='word_1_45' title='bbox 150 723 180 760; x_wconf 87' lang='grc' dir='ltr'><strong>Β</strong></span> <span class='ocrx_word' id='word_1_46' title='bbox 203 713 357 764; x_wconf 76' lang='grc' dir='ltr'><strong><em>πολλὰς</em></strong></span> <span class='ocrx_word' id='word_1_47' title='bbox 372 709 579 769; x_wconf 79' lang='grc' dir='ltr'><strong><em>μυριάδας</em></strong></span> <span class='ocrx_word' id='word_1_48' title='bbox 600 708 816 768; x_wconf 79' lang='grc' dir='ltr'><strong><em>μάρτυρας</em></strong></span> <span class='ocrx_word' id='word_1_49' title='bbox 836 708 1042 763; x_wconf 69' lang='grc' dir='ltr'><strong><em>ἐποίησαν.</em></strong></span> <span class='ocrx_word' id='word_1_50' title='bbox 1110 711 1227 750; x_wconf 80' lang='grc' dir='ltr'><strong><em>τοῦτο</em></strong></span> <span class='ocrx_word' id='word_1_51' title='bbox 1251 705 1339 757; x_wconf 65' lang='grc' dir='ltr'><strong><em>ἔτος</em></strong></span> <span class='ocrx_word' id='word_1_52' title='bbox 1357 700 1408 762; x_wconf 80' lang='grc' dir='ltr'><strong>ἦν</strong></span> <span class='ocrx_word' id='word_1_53' title='bbox 1427 710 1500 749; x_wconf 84' lang='grc' dir='ltr'><strong>τοῦ</strong></span> <span class='ocrx_word' id='word_1_54' title='bbox 1521 705 1678 761; x_wconf 83' lang='grc' dir='ltr'><strong><em>κόσμου</em></strong></span> 
     </span>
     <span class='ocr_line' id='line_1_9' title="bbox 203 773 1679 841; baseline -0.005 -16"><span class='ocrx_word' id='word_1_55' title='bbox 203 781 351 841; x_wconf 61' lang='grc' dir='ltr'><strong><em>,εψπζ.</em></strong></span> <span class='ocrx_word' id='word_1_56' title='bbox 395 782 462 824; x_wconf 82' lang='grc' dir='ltr'><strong>καὶ</strong></span> <span class='ocrx_word' id='word_1_57' title='bbox 487 781 612 838; x_wconf 80' lang='grc' dir='ltr'><strong><em>φησὶν</em></strong></span> <span class='ocrx_word' id='word_1_58' title='bbox 634 780 834 833; x_wconf 72' lang='grc' dir='ltr'><em>Εὐσέβιος</em></span> <span class='ocrx_word' id='word_1_59' title='bbox 855 777 917 820; x_wconf 80' lang='grc' dir='ltr'><strong><em>ὅτι</em></strong></span> <span class='ocrx_word' id='word_1_60' title='bbox 930 775 1154 833; x_wconf 76' lang='grc' dir='ltr'><strong><em>’Άδαγκτος</em></strong></span> <span class='ocrx_word' id='word_1_61' title='bbox 1170 773 1394 832; x_wconf 76' lang='grc' dir='ltr'><strong><em>μάγιστρος</em></strong></span> <span class='ocrx_word' id='word_1_62' title='bbox 1410 774 1679 833; x_wconf 73' lang='grc' dir='ltr'><strong><em>ἐμαρτύρησε.</em></strong></span> 
     </span>
     <span class='ocr_line' id='line_1_10' title="bbox 203 843 1678 907; baseline -0.006 -13"><span class='ocrx_word' id='word_1_63' title='bbox 203 857 277 907; x_wconf 81' lang='grc' dir='ltr'><strong><em>τῆς</em></strong></span> <span class='ocrx_word' id='word_1_64' title='bbox 294 852 338 893; x_wconf 78' lang='grc' dir='ltr'><strong>δὲ</strong></span> <span class='ocrx_word' id='word_1_65' title='bbox 353 848 543 906; x_wconf 75' lang='grc' dir='ltr'><strong><em>γυναικὸς</em></strong></span> <span class='ocrx_word' id='word_1_66' title='bbox 562 849 688 891; x_wconf 76' lang='grc' dir='ltr'><strong><em>αὐτοῦ</em></strong></span> <span class='ocrx_word' id='word_1_67' title='bbox 710 849 778 891; x_wconf 84' lang='grc' dir='ltr'><strong>καὶ</strong></span> <span class='ocrx_word' id='word_1_68' title='bbox 806 850 887 890; x_wconf 85' lang='grc' dir='ltr'><strong>τῶν</strong></span> <span class='ocrx_word' id='word_1_69' title='bbox 907 846 1148 903; x_wconf 74' lang='grc' dir='ltr'><strong><em>θυγατέρων</em></strong></span> <span class='ocrx_word' id='word_1_70' title='bbox 1166 844 1431 901; x_wconf 76' lang='grc' dir='ltr'><strong><em>ζητουμένων,</em></strong></span> <span class='ocrx_word' id='word_1_71' title='bbox 1468 845 1536 887; x_wconf 78' lang='grc' dir='ltr'><strong><em>διὰ</em></strong></span> <span class='ocrx_word' id='word_1_72' title='bbox 1555 844 1600 887; x_wconf 80' lang='grc' dir='ltr'><strong>τὸ</strong></span> <span class='ocrx_word' id='word_1_73' title='bbox 1618 843 1678 898; x_wconf 82' lang='grc' dir='ltr'><strong><em>μὴ</em></strong></span> 
     </span>
     <span class='ocr_line' id='line_1_11' title="bbox 203 912 1737 977; baseline -0.005 -15"><span class='ocrx_word' id='word_1_74' title='bbox 203 922 489 977; x_wconf 70' lang='grc' dir='ltr'><strong><em>διαφθαρῆναι</em></strong></span> <span class='ocrx_word' id='word_1_75' title='bbox 514 917 588 973; x_wconf 80' lang='grc' dir='ltr'><strong>τὴν</strong></span> <span class='ocrx_word' id='word_1_76' title='bbox 609 913 879 975; x_wconf 75' lang='grc' dir='ltr'><strong><em>σωφροσύνην</em></strong></span> <span class='ocrx_word' id='word_1_77' title='bbox 896 914 1046 966; x_wconf 68' lang='grc' dir='ltr'><strong><em>ἑαυτὰς</em></strong></span> <span class='ocrx_word' id='word_1_78' title='bbox 1065 913 1241 972; x_wconf 61' lang='grc' dir='ltr'><strong><em>ἔρριψαν</em></strong></span> <span class='ocrx_word' id='word_1_79' title='bbox 1260 912 1365 957; x_wconf 82' lang='grc' dir='ltr'><strong><em>κατὰ</em></strong></span> <span class='ocrx_word' id='word_1_80' title='bbox 1388 917 1462 957; x_wconf 76' lang='grc' dir='ltr'><strong>τοῦ</strong></span> <span class='ocrx_word' id='word_1_81' title='bbox 1479 917 1678 969; x_wconf 78' lang='grc' dir='ltr'><strong><em>ποταμοῦ.</em></strong></span> <span class='ocrx_word' id='word_1_82' title='bbox 1692 920 1737 956; x_wconf 83' lang='grc'><strong>10</strong></span> 
     </span>
     <span class='ocr_line' id='line_1_12' title="bbox 204 982 1151 1045; baseline -0.007 -13"><span class='ocrx_word' id='word_1_83' title='bbox 204 988 393 1045; x_wconf 75' lang='grc' dir='ltr'><strong><em>ζητητέον</em></strong></span> <span class='ocrx_word' id='word_1_84' title='bbox 411 982 483 1031; x_wconf 73' lang='grc' dir='ltr'><strong>οὗν</strong></span> <span class='ocrx_word' id='word_1_85' title='bbox 503 988 538 1030; x_wconf 80' lang='grc' dir='ltr'><strong>εἲ</strong></span> <span class='ocrx_word' id='word_1_86' title='bbox 554 986 828 1044; x_wconf 73' lang='grc' dir='ltr'><strong><em>ἀριθμοῦνται</em></strong></span> <span class='ocrx_word' id='word_1_87' title='bbox 849 986 906 1036; x_wconf 77' lang='grc' dir='ltr'><strong><em>εἷς</em></strong></span> <span class='ocrx_word' id='word_1_88' title='bbox 925 982 1151 1041; x_wconf 70' lang='grc' dir='ltr'><strong><em>μάρτυρας.</em></strong></span> 
     </span>
    </p>

    <p class='ocr_par' dir='ltr' id='par_1_6' title="bbox 203 1050 1683 1180">
     <span class='ocr_line' id='line_1_13' title="bbox 345 1050 1683 1116; baseline -0.004 -17"><span class='ocrx_word' id='word_1_89' title='bbox 345 1061 419 1116; x_wconf 78' lang='grc' dir='ltr'><strong>Τῷ</strong></span> <span class='ocrx_word' id='word_1_90' title='bbox 443 1053 499 1111; x_wconf 80' lang='grc' dir='ltr'><strong>ιβ’</strong></span> <span class='ocrx_word' id='word_1_91' title='bbox 527 1055 604 1099; x_wconf 66' lang='grc' dir='ltr'><strong><em>ἔτει</em></strong></span> <span class='ocrx_word' id='word_1_92' title='bbox 621 1054 889 1109; x_wconf 81' lang='grc' dir='ltr'><strong><em>Μαξιμιανὸς</em></strong></span> <span class='ocrx_word' id='word_1_93' title='bbox 917 1051 939 1096; x_wconf 85' lang='grc' dir='ltr'>ὁ</span> <span class='ocrx_word' id='word_1_94' title='bbox 955 1050 1191 1110; x_wconf 77' lang='grc' dir='ltr'><strong><em>Ἔρκυύλιος</em></strong></span> <span class='ocrx_word' id='word_1_95' title='bbox 1209 1050 1389 1102; x_wconf 79' lang='grc' dir='ltr'><strong><em>Γαλλίας</em></strong></span> <span class='ocrx_word' id='word_1_96' title='bbox 1410 1050 1475 1092; x_wconf 80' lang='grc' dir='ltr'><strong>καὶ</strong></span> <span class='ocrx_word' id='word_1_97' title='bbox 1504 1052 1683 1108; x_wconf 83' lang='grc' dir='ltr'><strong><em>Βρεττα-</em></strong></span> 
     </span>
     <span class='ocr_line' id='line_1_14' title="bbox 203 1118 1463 1180; baseline -0.006 -11"><span class='ocrx_word' id='word_1_98' title='bbox 203 1125 314 1180; x_wconf 79' lang='grc' dir='ltr'><strong><em>νίας,</em></strong></span> <span class='ocrx_word' id='word_1_99' title='bbox 349 1123 636 1176; x_wconf 75' lang='grc' dir='ltr'><strong><em>Κωνστάντιος</em></strong></span> <span class='ocrx_word' id='word_1_100' title='bbox 658 1125 701 1167; x_wconf 79' lang='grc' dir='ltr'><strong>δέ</strong></span> <span class='ocrx_word' id='word_1_101' title='bbox 715 1124 904 1174; x_wconf 84' lang='grc' dir='ltr'><strong><em>Ἀλανιάς</em></strong></span> <span class='ocrx_word' id='word_1_102' title='bbox 922 1123 989 1165; x_wconf 87' lang='grc' dir='ltr'><strong>καὶ</strong></span> <span class='ocrx_word' id='word_1_103' title='bbox 1005 1121 1201 1179; x_wconf 74' lang='grc' dir='ltr'><strong><em>Ἀφρικῆς</em></strong></span> <span class='ocrx_word' id='word_1_104' title='bbox 1221 1118 1463 1176; x_wconf 74' lang='grc' dir='ltr'><strong><em>ἐκράτησαν.</em></strong></span> 
     </span>
    </p>

    <p class='ocr_par' dir='ltr' id='par_1_7' title="bbox 345 1188 1493 1256">
     <span class='ocr_line' id='line_1_15' title="bbox 345 1188 1493 1256; baseline -0.007 -18"><span class='ocrx_word' id='word_1_105' title='bbox 345 1199 419 1256; x_wconf 75' lang='grc' dir='ltr'><strong>Τῷ</strong></span> <span class='ocrx_word' id='word_1_106' title='bbox 439 1192 489 1251; x_wconf 79' lang='grc' dir='ltr'><strong><em>ιγ’</em></strong></span> <span class='ocrx_word' id='word_1_107' title='bbox 513 1193 590 1237; x_wconf 63' lang='grc' dir='ltr'><strong><em>ἔτει</em></strong></span> <span class='ocrx_word' id='word_1_108' title='bbox 610 1193 705 1244; x_wconf 77' lang='grc' dir='ltr'><strong><em>τοὺς</em></strong></span> <span class='ocrx_word' id='word_1_109' title='bbox 724 1193 766 1236; x_wconf 75' lang='grc' dir='ltr'><strong>ἐν</strong></span> <span class='ocrx_word' id='word_1_110' title='bbox 786 1193 976 1251; x_wconf 67' lang='grc' dir='ltr'><strong><em>στρατεία</em></strong></span> <span class='ocrx_word' id='word_1_111' title='bbox 993 1188 1272 1247; x_wconf 78' lang='grc' dir='ltr'><strong><em>Χριστιανοὺς</em></strong></span> <span class='ocrx_word' id='word_1_112' title='bbox 1287 1188 1493 1242; x_wconf 70' lang='grc' dir='ltr'><strong><em>ἐξέβαλον.</em></strong></span> 
     </span>
    </p>

    <p class='ocr_par' dir='ltr' id='par_1_8' title="bbox 345 1258 1739 1322">
     <span class='ocr_line' id='line_1_16' title="bbox 345 1258 1739 1322; baseline -0.004 -16"><span class='ocrx_word' id='word_1_113' title='bbox 345 1267 419 1322; x_wconf 71' lang='grc' dir='ltr'><strong>Τῷ</strong></span> <span class='ocrx_word' id='word_1_114' title='bbox 448 1260 495 1316; x_wconf 73' lang='grc' dir='ltr'><strong>ιζ’</strong></span> <span class='ocrx_word' id='word_1_115' title='bbox 529 1261 551 1305; x_wconf 82' lang='grc' dir='ltr'><strong>ὅ</strong></span> <span class='ocrx_word' id='word_1_116' title='bbox 575 1264 618 1305; x_wconf 91' lang='grc' dir='ltr'><strong>Γ</strong></span> <span class='ocrx_word' id='word_1_117' title='bbox 615 1263 800 1320; x_wconf 80' lang='grc' dir='ltr'><strong><em>αλλέριος</em></strong></span> <span class='ocrx_word' id='word_1_118' title='bbox 830 1260 1098 1314; x_wconf 79' lang='grc' dir='ltr'><strong><em>Μαξιμιανὸς</em></strong></span> <span class='ocrx_word' id='word_1_119' title='bbox 1131 1258 1236 1301; x_wconf 80' lang='grc' dir='ltr'><strong><em>κατὰ</em></strong></span> <span class='ocrx_word' id='word_1_120' title='bbox 1265 1258 1466 1316; x_wconf 85' lang='grc' dir='ltr'><strong><em>Ναρσέως</em></strong></span> <span class='ocrx_word' id='word_1_121' title='bbox 1496 1261 1571 1300; x_wconf 80' lang='grc' dir='ltr'><strong>τοῦ</strong></span> <span class='ocrx_word' id='word_1_122' title='bbox 1602 1260 1683 1300; x_wconf 82' lang='grc' dir='ltr'><strong>τῶν</strong></span> <span class='ocrx_word' id='word_1_123' title='bbox 1695 1265 1739 1302; x_wconf 87' lang='grc'><strong>15</strong></span> 
     </span>
    </p>

    <p class='ocr_par' dir='ltr' id='par_1_9' title="bbox 155 1325 1742 1805">
     <span class='ocr_line' id='line_1_17' title="bbox 155 1325 1684 1389; baseline -0.004 -14"><span class='ocrx_word' id='word_1_124' title='bbox 155 1340 186 1375; x_wconf 90' lang='lat' dir='ltr'>C</span> <span class='ocrx_word' id='word_1_125' title='bbox 208 1333 384 1389; x_wconf 73' lang='grc' dir='ltr'><strong><em>Περσῶν</em></strong></span> <span class='ocrx_word' id='word_1_126' title='bbox 404 1331 608 1387; x_wconf 85' lang='grc' dir='ltr'><strong><em>βασιλέως</em></strong></span> <span class='ocrx_word' id='word_1_127' title='bbox 637 1329 851 1389; x_wconf 75' lang='grc' dir='ltr'><strong><em>ἐκδραμών</em></strong></span> <span class='ocrx_word' id='word_1_128' title='bbox 879 1334 1023 1372; x_wconf 83' lang='grc' dir='ltr'><strong><em>τοῦτον</em></strong></span> <span class='ocrx_word' id='word_1_129' title='bbox 1048 1328 1124 1383; x_wconf 71' lang='grc' dir='ltr'><strong>μὲν</strong></span> <span class='ocrx_word' id='word_1_130' title='bbox 1154 1328 1314 1378; x_wconf 73' lang='grc' dir='ltr'><strong><em>ἐδίωξε,</em></strong></span> <span class='ocrx_word' id='word_1_131' title='bbox 1349 1325 1423 1382; x_wconf 81' lang='grc' dir='ltr'><strong>τὴν</strong></span> <span class='ocrx_word' id='word_1_132' title='bbox 1449 1327 1493 1369; x_wconf 69' lang='grc' dir='ltr'><strong>δὲ</strong></span> <span class='ocrx_word' id='word_1_133' title='bbox 1513 1333 1684 1382; x_wconf 72' lang='grc' dir='ltr'><strong><em>γυναῖκα</em></strong></span> 
     </span>
     <span class='ocr_line' id='line_1_18' title="bbox 205 1393 1685 1460; baseline -0.005 -16"><span class='ocrx_word' id='word_1_134' title='bbox 205 1396 335 1445; x_wconf 71' lang='grc' dir='ltr'><strong>αῧτοῦ</strong></span> <span class='ocrx_word' id='word_1_135' title='bbox 356 1399 606 1460; x_wconf 78' lang='grc' dir='ltr'><strong><em>ἀφελόμενος</em></strong></span> <span class='ocrx_word' id='word_1_136' title='bbox 624 1402 692 1443; x_wconf 84' lang='grc' dir='ltr'><strong>καὶ</strong></span> <span class='ocrx_word' id='word_1_137' title='bbox 714 1398 846 1442; x_wconf 82' lang='grc' dir='ltr'><strong><em>πάντα</em></strong></span> <span class='ocrx_word' id='word_1_138' title='bbox 865 1399 917 1441; x_wconf 79' lang='grc' dir='ltr'><strong>τὰ</strong></span> <span class='ocrx_word' id='word_1_139' title='bbox 938 1398 1079 1450; x_wconf 75' lang='grc' dir='ltr'><strong><em>αὐτοῦ,</em></strong></span> <span class='ocrx_word' id='word_1_140' title='bbox 1097 1398 1165 1440; x_wconf 83' lang='grc' dir='ltr'><strong>καὶ</strong></span> <span class='ocrx_word' id='word_1_141' title='bbox 1185 1395 1350 1453; x_wconf 75' lang='grc' dir='ltr'><strong><em>σφαγὴν</em></strong></span> <span class='ocrx_word' id='word_1_142' title='bbox 1367 1393 1549 1451; x_wconf 75' lang='grc' dir='ltr'><strong><em>μεγάλην</em></strong></span> <span class='ocrx_word' id='word_1_143' title='bbox 1564 1394 1685 1450; x_wconf 77' lang='grc' dir='ltr'><strong><em>ποιή-</em></strong></span> 
     </span>
     <span class='ocr_line' id='line_1_19' title="bbox 205 1464 1686 1528; baseline -0.005 -14"><span class='ocrx_word' id='word_1_144' title='bbox 205 1487 304 1522; x_wconf 84' lang='grc' dir='ltr'><strong><em>σας,</em></strong></span> <span class='ocrx_word' id='word_1_145' title='bbox 338 1468 570 1528; x_wconf 72' lang='grc' dir='ltr'><strong><em>ῧπέστρεψε</em></strong></span> <span class='ocrx_word' id='word_1_146' title='bbox 588 1469 691 1527; x_wconf 83' lang='grc' dir='ltr'><strong><em>πρὸς</em></strong></span> <span class='ocrx_word' id='word_1_147' title='bbox 707 1466 1019 1523; x_wconf 84' lang='grc' dir='ltr'><strong><em>Διοκλητιανόν,</em></strong></span> <span class='ocrx_word' id='word_1_148' title='bbox 1064 1468 1131 1509; x_wconf 83' lang='grc' dir='ltr'><strong>καὶ</strong></span> <span class='ocrx_word' id='word_1_149' title='bbox 1157 1464 1360 1520; x_wconf 78' lang='grc' dir='ltr'><strong><em>βαλάντια</em></strong></span> <span class='ocrx_word' id='word_1_150' title='bbox 1390 1466 1686 1521; x_wconf 79' lang='grc' dir='ltr'><strong><em>πεπληρωμένα</em></strong></span> 
     </span>
     <span class='ocr_line' id='line_1_20' title="bbox 205 1529 1687 1594; baseline -0.005 -12"><span class='ocrx_word' id='word_1_151' title='bbox 205 1537 309 1594; x_wconf 55' lang='grc' dir='ltr'><strong><em>ἔχων</em></strong></span> <span class='ocrx_word' id='word_1_152' title='bbox 329 1540 460 1582; x_wconf 79' lang='grc' dir='ltr'><strong><em>λίθων</em></strong></span> <span class='ocrx_word' id='word_1_153' title='bbox 480 1539 623 1594; x_wconf 80' lang='grc' dir='ltr'><strong><em>τιμίων</em></strong></span> <span class='ocrx_word' id='word_1_154' title='bbox 640 1539 707 1581; x_wconf 82' lang='grc' dir='ltr'><strong>καὶ</strong></span> <span class='ocrx_word' id='word_1_155' title='bbox 728 1541 1007 1594; x_wconf 82' lang='grc' dir='ltr'><strong><em>μαργαριτῶν,</em></strong></span> <span class='ocrx_word' id='word_1_156' title='bbox 1043 1535 1121 1593; x_wconf 78' lang='grc' dir='ltr'><strong>ἀφ’</strong></span> <span class='ocrx_word' id='word_1_157' title='bbox 1144 1529 1200 1578; x_wconf 76' lang='grc' dir='ltr'><strong>ὧν</strong></span> <span class='ocrx_word' id='word_1_158' title='bbox 1218 1538 1379 1591; x_wconf 85' lang='grc' dir='ltr'><strong><em>πρῶτος</em></strong></span> <span class='ocrx_word' id='word_1_159' title='bbox 1391 1533 1687 1588; x_wconf 83' lang='grc' dir='ltr'><strong><em>Διοκλητιανός</em></strong></span> 
     </span>
     <span class='ocr_line' id='line_1_21' title="bbox 208 1604 1742 1663; baseline -0.002 -13"><span class='ocrx_word' id='word_1_160' title='bbox 208 1608 355 1663; x_wconf 68' lang='grc' dir='ltr'><strong><em>ἐσθῆτι</em></strong></span> <span class='ocrx_word' id='word_1_161' title='bbox 392 1609 463 1651; x_wconf 86' lang='grc' dir='ltr'><strong>καὶ</strong></span> <span class='ocrx_word' id='word_1_162' title='bbox 491 1605 728 1663; x_wconf 68' lang='grc' dir='ltr'><strong><em>ὑποδήμασι</em></strong></span> <span class='ocrx_word' id='word_1_163' title='bbox 758 1608 894 1657; x_wconf 86' lang='grc' dir='ltr'><strong><em>λίθοις</em></strong></span> <span class='ocrx_word' id='word_1_164' title='bbox 925 1606 1073 1660; x_wconf 88' lang='grc' dir='ltr'><strong><em>τιμιόις</em></strong></span> <span class='ocrx_word' id='word_1_165' title='bbox 1104 1605 1170 1647; x_wconf 80' lang='grc' dir='ltr'><strong>καὶ</strong></span> <span class='ocrx_word' id='word_1_166' title='bbox 1195 1607 1340 1661; x_wconf 79' lang='grc' dir='ltr'><strong><em>χρυσῷ</em></strong></span> <span class='ocrx_word' id='word_1_167' title='bbox 1372 1604 1742 1658; x_wconf 75' lang='grc' dir='ltr'><strong><em>κεκοσμημένοιςΞΟ</em></strong></span> 
     </span>
     <span class='ocr_line' id='line_1_22' title="bbox 208 1671 1688 1734; baseline -0.003 -16"><span class='ocrx_word' id='word_1_168' title='bbox 208 1675 432 1734; x_wconf 72' lang='grc' dir='ltr'><strong><em>ἐχρήσατο,</em></strong></span> <span class='ocrx_word' id='word_1_169' title='bbox 480 1676 803 1733; x_wconf 82' lang='grc' dir='ltr'><strong><em>προσκυνεῖσθαί</em></strong></span> <span class='ocrx_word' id='word_1_170' title='bbox 820 1692 862 1718; x_wconf 79' lang='grc' dir='ltr'><strong>τε</strong></span> <span class='ocrx_word' id='word_1_171' title='bbox 884 1672 1029 1718; x_wconf 66' lang='grc' dir='ltr'><strong><em>ἑαυτὸν</em></strong></span> <span class='ocrx_word' id='word_1_172' title='bbox 1056 1672 1170 1730; x_wconf 82' lang='grc' dir='ltr'><strong><em>παρὰ</em></strong></span> <span class='ocrx_word' id='word_1_173' title='bbox 1198 1673 1243 1715; x_wconf 80' lang='grc' dir='ltr'><strong>τὸ</strong></span> <span class='ocrx_word' id='word_1_174' title='bbox 1270 1673 1312 1724; x_wconf 75' lang='grc' dir='ltr'><strong>ἐξ</strong></span> <span class='ocrx_word' id='word_1_175' title='bbox 1334 1671 1464 1728; x_wconf 80' lang='grc' dir='ltr'><strong><em>ἀρχῆς</em></strong></span> <span class='ocrx_word' id='word_1_176' title='bbox 1483 1671 1582 1724; x_wconf 66' lang='grc' dir='ltr'><strong><em>ἔθος</em></strong></span> <span class='ocrx_word' id='word_1_177' title='bbox 1600 1673 1688 1715; x_wconf 77' lang='grc' dir='ltr'><strong>ἐκέ-</strong></span> 
     </span>
     <span class='ocr_line' id='line_1_23' title="bbox 210 1740 1690 1805; baseline -0.001 -18"><span class='ocrx_word' id='word_1_178' title='bbox 210 1748 326 1789; x_wconf 82' lang='grc' dir='ltr'><strong><em>λευσε</em></strong></span> <span class='ocrx_word' id='word_1_179' title='bbox 345 1746 414 1789; x_wconf 87' lang='grc' dir='ltr'><strong>καὶ</strong></span> <span class='ocrx_word' id='word_1_180' title='bbox 433 1746 647 1805; x_wconf 83' lang='grc' dir='ltr'><strong><em>θρίαμβον</em></strong></span> <span class='ocrx_word' id='word_1_181' title='bbox 667 1744 905 1788; x_wconf 73' lang='grc' dir='ltr'><strong><em>ἐπετέλεσεν.</em></strong></span> <span class='ocrx_word' id='word_1_182' title='bbox 955 1740 1183 1799; x_wconf 81' lang='grc' dir='ltr'><strong><em>ὠνομάσθη</em></strong></span> <span class='ocrx_word' id='word_1_183' title='bbox 1208 1742 1253 1785; x_wconf 80' lang='grc' dir='ltr'><strong>δὲ</strong></span> <span class='ocrx_word' id='word_1_184' title='bbox 1272 1742 1483 1799; x_wconf 84' lang='grc' dir='ltr'><strong><em>θρίαμβος</em></strong></span> <span class='ocrx_word' id='word_1_185' title='bbox 1504 1741 1585 1784; x_wconf 79' lang='grc' dir='ltr'><strong>ἀπὸ</strong></span> <span class='ocrx_word' id='word_1_186' title='bbox 1608 1746 1690 1786; x_wconf 78' lang='grc' dir='ltr'><strong>τῶν</strong></span> 
     </span>
    </p>
   </div>
   <div class='ocr_carea' id='block_1_3' title="bbox 302 1891 538 1943">
    <p class='ocr_par' dir='ltr' id='par_1_10' title="bbox 302 1891 538 1943">
     <span class='ocr_line' id='line_1_24' title="bbox 302 1891 538 1943; baseline -0.004 -9"><span class='ocrx_word' id='word_1_187' title='bbox 302 1897 326 1934; x_wconf 79' lang='grc'><strong>2</strong></span> <span class='ocrx_word' id='word_1_188' title='bbox 347 1891 460 1943; x_wconf 78' lang='grc' dir='ltr'><strong><em>ἤτοι]</em></strong></span> <span class='ocrx_word' id='word_1_189' title='bbox 482 1892 538 1943; x_wconf 64' lang='lat' dir='ltr'><strong>vj?</strong></span> 
     </span>
    </p>
   </div>
   <div class='ocr_carea' id='block_1_4' title="bbox 215 2028 1699 2914">
    <p class='ocr_par' dir='ltr' id='par_1_11' title="bbox 215 2028 1692 2116">
     <span class='ocr_line' id='line_1_25' title="bbox 215 2028 1692 2080; baseline 0 -14"><span class='ocrx_word' id='word_1_190' title='bbox 215 2032 390 2069; x_wconf 85' lang='lat' dir='ltr'><strong>habebant</strong></span> <span class='ocrx_word' id='word_1_191' title='bbox 409 2033 577 2070; x_wconf 74' lang='lat' dir='ltr'><strong>uxoribus</strong></span> <span class='ocrx_word' id='word_1_192' title='bbox 596 2032 687 2069; x_wconf 81' lang='lat' dir='ltr'><strong>filias</strong></span> <span class='ocrx_word' id='word_1_193' title='bbox 706 2032 860 2080; x_wconf 85' lang='lat' dir='ltr'><strong>ipsorum</strong></span> <span class='ocrx_word' id='word_1_194' title='bbox 879 2031 1062 2068; x_wconf 79' lang='lat' dir='ltr'><strong>ducerent.</strong></span> <span class='ocrx_word' id='word_1_195' title='bbox 1084 2029 1312 2067; x_wconf 81' lang='lat' dir='ltr'><strong>Theodoram</strong></span> <span class='ocrx_word' id='word_1_196' title='bbox 1330 2028 1430 2066; x_wconf 82' lang='lat' dir='ltr'><strong>duxit</strong></span> <span class='ocrx_word' id='word_1_197' title='bbox 1446 2029 1692 2078; x_wconf 84' lang='lat' dir='ltr'><strong>Constantius,</strong></span> 
     </span>
     <span class='ocr_line' id='line_1_26' title="bbox 215 2078 971 2116; baseline 0.001 -3"><span class='ocrx_word' id='word_1_198' title='bbox 215 2078 391 2114; x_wconf 81' lang='lat' dir='ltr'><strong>Valeriam</strong></span> <span class='ocrx_word' id='word_1_199' title='bbox 414 2080 591 2116; x_wconf 85' lang='lat' dir='ltr'><strong>Gallerius</strong></span> <span class='ocrx_word' id='word_1_200' title='bbox 614 2079 827 2115; x_wconf 79' lang='lat' dir='ltr'><strong>Diocletiani</strong></span> <span class='ocrx_word' id='word_1_201' title='bbox 851 2079 971 2114; x_wconf 85' lang='lat' dir='ltr'><strong>filiam.</strong></span> 
     </span>
    </p>

    <p class='ocr_par' dir='ltr' id='par_1_12' title="bbox 215 2122 1692 2218">
     <span class='ocr_line' id='line_1_27' title="bbox 306 2122 1692 2170; baseline -0.001 -10"><span class='ocrx_word' id='word_1_202' title='bbox 306 2126 452 2162; x_wconf 90' lang='lat' dir='ltr'><strong>Decimo</strong></span> <span class='ocrx_word' id='word_1_203' title='bbox 475 2138 568 2162; x_wconf 85' lang='lat' dir='ltr'><strong>anno</strong></span> <span class='ocrx_word' id='word_1_204' title='bbox 592 2138 669 2161; x_wconf 88' lang='lat' dir='ltr'><strong>cum</strong></span> <span class='ocrx_word' id='word_1_205' title='bbox 690 2125 902 2161; x_wconf 82' lang='lat' dir='ltr'><strong>Alexandria</strong></span> <span class='ocrx_word' id='word_1_206' title='bbox 922 2131 959 2159; x_wconf 88' lang='lat' dir='ltr'><strong>et</strong></span> <span class='ocrx_word' id='word_1_207' title='bbox 977 2123 1161 2170; x_wconf 78' lang='lat' dir='ltr'><strong>Aegyptus</strong></span> <span class='ocrx_word' id='word_1_208' title='bbox 1182 2123 1272 2159; x_wconf 86' lang='lat' dir='ltr'><strong>duce</strong></span> <span class='ocrx_word' id='word_1_209' title='bbox 1289 2122 1424 2158; x_wconf 82' lang='lat' dir='ltr'><strong>Achille</strong></span> <span class='ocrx_word' id='word_1_210' title='bbox 1447 2122 1692 2169; x_wconf 74' lang='lat' dir='ltr'><strong>rebellassent,</strong></span> 
     </span>
     <span class='ocr_line' id='line_1_28' title="bbox 215 2170 1131 2218; baseline 0 -14"><span class='ocrx_word' id='word_1_211' title='bbox 215 2170 350 2218; x_wconf 87' lang='lat' dir='ltr'><strong>impetu</strong></span> <span class='ocrx_word' id='word_1_212' title='bbox 374 2173 610 2208; x_wconf 85' lang='lat' dir='ltr'><strong>Romanorum</strong></span> <span class='ocrx_word' id='word_1_213' title='bbox 633 2184 760 2218; x_wconf 80' lang='lat' dir='ltr'><strong>magna</strong></span> <span class='ocrx_word' id='word_1_214' title='bbox 783 2177 837 2207; x_wconf 87' lang='lat' dir='ltr'><strong>est</strong></span> <span class='ocrx_word' id='word_1_215' title='bbox 860 2172 955 2207; x_wconf 84' lang='lat' dir='ltr'><strong>edita</strong></span> <span class='ocrx_word' id='word_1_216' title='bbox 978 2176 1131 2215; x_wconf 82' lang='lat' dir='ltr'><strong>strages.</strong></span> 
     </span>
    </p>

    <p class='ocr_par' dir='ltr' id='par_1_13' title="bbox 216 2214 1699 2496">
     <span class='ocr_line' id='line_1_29' title="bbox 307 2214 1693 2262; baseline -0.002 -9"><span class='ocrx_word' id='word_1_217' title='bbox 307 2219 501 2255; x_wconf 86' lang='lat' dir='ltr'><strong>Undecimo</strong></span> <span class='ocrx_word' id='word_1_218' title='bbox 535 2231 627 2254; x_wconf 86' lang='lat' dir='ltr'><strong>anno</strong></span> <span class='ocrx_word' id='word_1_219' title='bbox 650 2218 843 2254; x_wconf 84' lang='lat' dir='ltr'><strong>terribilem</strong></span> <span class='ocrx_word' id='word_1_220' title='bbox 865 2218 902 2252; x_wconf 90' lang='lat' dir='ltr'><strong>in</strong></span> <span class='ocrx_word' id='word_1_221' title='bbox 926 2217 1148 2252; x_wconf 81' lang='lat' dir='ltr'><strong>Christianos</strong></span> <span class='ocrx_word' id='word_1_222' title='bbox 1178 2215 1459 2262; x_wconf 81' lang='lat' dir='ltr'><strong>persecutionem</strong></span> <span class='ocrx_word' id='word_1_223' title='bbox 1481 2214 1693 2261; x_wconf 83' lang='lat' dir='ltr'><strong>excitarunt,</strong></span> 
     </span>
     <span class='ocr_line' id='line_1_30' title="bbox 216 2261 1694 2311; baseline -0.001 -13"><span class='ocrx_word' id='word_1_224' title='bbox 216 2263 391 2311; x_wconf 86' lang='lat' dir='ltr'><strong>multaque</strong></span> <span class='ocrx_word' id='word_1_225' title='bbox 424 2271 507 2301; x_wconf 83' lang='lat' dir='ltr'><strong>sunt</strong></span> <span class='ocrx_word' id='word_1_226' title='bbox 536 2265 634 2301; x_wconf 88' lang='lat' dir='ltr'><strong>milia</strong></span> <span class='ocrx_word' id='word_1_227' title='bbox 667 2271 857 2310; x_wconf 86' lang='lat' dir='ltr'><strong>martyrum</strong></span> <span class='ocrx_word' id='word_1_228' title='bbox 880 2265 990 2299; x_wconf 79' lang='lat' dir='ltr'><strong>sacta.</strong></span> <span class='ocrx_word' id='word_1_229' title='bbox 1037 2262 1106 2297; x_wconf 79' lang='lat' dir='ltr'><strong>fuit</strong></span> <span class='ocrx_word' id='word_1_230' title='bbox 1132 2261 1162 2297; x_wconf 86' lang='lat' dir='ltr'><strong>is</strong></span> <span class='ocrx_word' id='word_1_231' title='bbox 1186 2273 1297 2297; x_wconf 80' lang='lat' dir='ltr'><strong>annus</strong></span> <span class='ocrx_word' id='word_1_232' title='bbox 1316 2261 1435 2296; x_wconf 87' lang='lat' dir='ltr'><strong>mundi</strong></span> <span class='ocrx_word' id='word_1_233' title='bbox 1455 2261 1560 2297; x_wconf 89' lang='lat'><strong>5787.</strong></span> <span class='ocrx_word' id='word_1_234' title='bbox 1608 2267 1694 2296; x_wconf 88' lang='lat' dir='ltr'><strong>tnnc</strong></span> 
     </span>
     <span class='ocr_line' id='line_1_31' title="bbox 217 2307 1693 2356; baseline -0.002 -12"><span class='ocrx_word' id='word_1_235' title='bbox 217 2310 269 2344; x_wconf 86' lang='lat' dir='ltr'><strong>ait</strong></span> <span class='ocrx_word' id='word_1_236' title='bbox 291 2311 468 2348; x_wconf 86' lang='lat' dir='ltr'><strong>Eusebius</strong></span> <span class='ocrx_word' id='word_1_237' title='bbox 491 2313 686 2348; x_wconf 83' lang='lat' dir='ltr'><strong>Adanctum</strong></span> <span class='ocrx_word' id='word_1_238' title='bbox 709 2311 910 2356; x_wconf 87' lang='lat' dir='ltr'><strong>magistrum</strong></span> <span class='ocrx_word' id='word_1_239' title='bbox 935 2310 1046 2344; x_wconf 78' lang='lat' dir='ltr'><strong>fuisse</strong></span> <span class='ocrx_word' id='word_1_240' title='bbox 1068 2308 1253 2355; x_wconf 84' lang='lat' dir='ltr'><strong>religionis</strong></span> <span class='ocrx_word' id='word_1_241' title='bbox 1275 2319 1383 2342; x_wconf 85' lang='lat' dir='ltr'><strong>causa</strong></span> <span class='ocrx_word' id='word_1_242' title='bbox 1405 2307 1577 2353; x_wconf 85' lang='lat' dir='ltr'><strong>supplicio</strong></span> <span class='ocrx_word' id='word_1_243' title='bbox 1601 2309 1693 2342; x_wconf 79' lang='lat' dir='ltr'><strong>affe-</strong></span> 
     </span>
     <span class='ocr_line' id='line_1_32' title="bbox 217 2354 1694 2401; baseline -0.001 -11"><span class='ocrx_word' id='word_1_244' title='bbox 217 2362 328 2401; x_wconf 83' lang='lat' dir='ltr'><strong>ctum,</strong></span> <span class='ocrx_word' id='word_1_245' title='bbox 352 2370 494 2394; x_wconf 87' lang='lat' dir='ltr'><strong>uxorem</strong></span> <span class='ocrx_word' id='word_1_246' title='bbox 519 2363 634 2394; x_wconf 88' lang='lat' dir='ltr'><strong>autem</strong></span> <span class='ocrx_word' id='word_1_247' title='bbox 657 2359 733 2393; x_wconf 84' lang='lat' dir='ltr'><strong>eius</strong></span> <span class='ocrx_word' id='word_1_248' title='bbox 755 2364 794 2392; x_wconf 90' lang='lat' dir='ltr'><strong>et</strong></span> <span class='ocrx_word' id='word_1_249' title='bbox 816 2358 903 2391; x_wconf 82' lang='lat' dir='ltr'><strong>duas</strong></span> <span class='ocrx_word' id='word_1_250' title='bbox 928 2356 1032 2399; x_wconf 86' lang='lat' dir='ltr'><strong>filias,</strong></span> <span class='ocrx_word' id='word_1_251' title='bbox 1057 2367 1134 2390; x_wconf 89' lang='lat' dir='ltr'><strong>cum</strong></span> <span class='ocrx_word' id='word_1_252' title='bbox 1157 2359 1431 2400; x_wconf 84' lang='lat' dir='ltr'><strong>quaererentur,</strong></span> <span class='ocrx_word' id='word_1_253' title='bbox 1456 2366 1500 2389; x_wconf 89' lang='lat' dir='ltr'><strong>ne</strong></span> <span class='ocrx_word' id='word_1_254' title='bbox 1524 2354 1694 2400; x_wconf 81' lang='lat' dir='ltr'><strong>pudicitia</strong></span> 
     </span>
     <span class='ocr_line' id='line_1_33' title="bbox 216 2400 1699 2450; baseline 0 -15"><span class='ocrx_word' id='word_1_255' title='bbox 216 2401 370 2448; x_wconf 88' lang='lat' dir='ltr'><strong>ipsarum</strong></span> <span class='ocrx_word' id='word_1_256' title='bbox 388 2404 594 2450; x_wconf 85' lang='lat' dir='ltr'><strong>violaretur,</strong></span> <span class='ocrx_word' id='word_1_257' title='bbox 617 2417 696 2440; x_wconf 88' lang='lat' dir='ltr'><strong>sese</strong></span> <span class='ocrx_word' id='word_1_258' title='bbox 718 2404 754 2439; x_wconf 89' lang='lat' dir='ltr'><strong>in</strong></span> <span class='ocrx_word' id='word_1_259' title='bbox 777 2415 911 2438; x_wconf 85' lang='lat' dir='ltr'><strong>amnem</strong></span> <span class='ocrx_word' id='word_1_260' title='bbox 935 2401 1123 2438; x_wconf 82' lang='lat' dir='ltr'><strong>abiecisse.</strong></span> <span class='ocrx_word' id='word_1_261' title='bbox 1171 2400 1332 2448; x_wconf 80' lang='lat' dir='ltr'><strong>quaestio</strong></span> <span class='ocrx_word' id='word_1_262' title='bbox 1355 2400 1465 2446; x_wconf 87' lang='lat' dir='ltr'><strong>igitur</strong></span> <span class='ocrx_word' id='word_1_263' title='bbox 1487 2407 1555 2446; x_wconf 87' lang='lat' dir='ltr'><strong>est,</strong></span> <span class='ocrx_word' id='word_1_264' title='bbox 1578 2400 1699 2435; x_wconf 85' lang='lat' dir='ltr'><strong>sintne</strong></span> 
     </span>
     <span class='ocr_line' id='line_1_34' title="bbox 219 2450 838 2496; baseline 0.003 -14"><span class='ocrx_word' id='word_1_265' title='bbox 219 2460 284 2484; x_wconf 88' lang='lat' dir='ltr'><strong>eae</strong></span> <span class='ocrx_word' id='word_1_266' title='bbox 308 2452 522 2496; x_wconf 85' lang='lat' dir='ltr'><strong>martyribus</strong></span> <span class='ocrx_word' id='word_1_267' title='bbox 545 2450 838 2486; x_wconf 81' lang='lat' dir='ltr'><strong>annumerandae.</strong></span> 
     </span>
    </p>

    <p class='ocr_par' dir='ltr' id='par_1_14' title="bbox 220 2491 1695 2580">
     <span class='ocr_line' id='line_1_35' title="bbox 311 2491 1695 2539; baseline -0.003 -8"><span class='ocrx_word' id='word_1_268' title='bbox 311 2497 524 2533; x_wconf 87' lang='lat' dir='ltr'><strong>Duodecimo</strong></span> <span class='ocrx_word' id='word_1_269' title='bbox 540 2510 632 2533; x_wconf 90' lang='lat' dir='ltr'><strong>anno</strong></span> <span class='ocrx_word' id='word_1_270' title='bbox 650 2497 881 2532; x_wconf 85' lang='lat' dir='ltr'><strong>Maximianus</strong></span> <span class='ocrx_word' id='word_1_271' title='bbox 900 2494 1096 2530; x_wconf 89' lang='lat' dir='ltr'><strong>Herculeus</strong></span> <span class='ocrx_word' id='word_1_272' title='bbox 1116 2493 1267 2528; x_wconf 84' lang='lat' dir='ltr'><strong>Galliam</strong></span> <span class='ocrx_word' id='word_1_273' title='bbox 1287 2497 1323 2528; x_wconf 90' lang='lat' dir='ltr'><strong>et</strong></span> <span class='ocrx_word' id='word_1_274' title='bbox 1336 2491 1568 2539; x_wconf 81' lang='lat' dir='ltr'><strong>Britanniam,</strong></span> <span class='ocrx_word' id='word_1_275' title='bbox 1595 2493 1695 2528; x_wconf 86' lang='lat' dir='ltr'><strong>Con-</strong></span> 
     </span>
     <span class='ocr_line' id='line_1_36' title="bbox 220 2542 1046 2580; baseline 0.001 -5"><span class='ocrx_word' id='word_1_276' title='bbox 220 2542 369 2578; x_wconf 82' lang='lat' dir='ltr'><strong>stantius</strong></span> <span class='ocrx_word' id='word_1_277' title='bbox 392 2544 549 2580; x_wconf 83' lang='lat' dir='ltr'><strong>Alaniam</strong></span> <span class='ocrx_word' id='word_1_278' title='bbox 576 2551 613 2579; x_wconf 88' lang='lat' dir='ltr'><strong>et</strong></span> <span class='ocrx_word' id='word_1_279' title='bbox 629 2543 784 2578; x_wconf 81' lang='lat' dir='ltr'><strong>Africam</strong></span> <span class='ocrx_word' id='word_1_280' title='bbox 808 2542 1046 2577; x_wconf 87' lang='lat' dir='ltr'><strong>obtinuerunt.</strong></span> 
     </span>
    </p>

    <p class='ocr_par' dir='ltr' id='par_1_15' title="bbox 311 2588 1406 2626">
     <span class='ocr_line' id='line_1_37' title="bbox 311 2588 1406 2626; baseline -0.003 -4"><span class='ocrx_word' id='word_1_281' title='bbox 311 2589 455 2624; x_wconf 91' lang='lat' dir='ltr'><strong>Decimo</strong></span> <span class='ocrx_word' id='word_1_282' title='bbox 474 2592 582 2626; x_wconf 89' lang='lat' dir='ltr'><strong>tertio</strong></span> <span class='ocrx_word' id='word_1_283' title='bbox 606 2602 697 2625; x_wconf 83' lang='lat' dir='ltr'><strong>anno</strong></span> <span class='ocrx_word' id='word_1_284' title='bbox 724 2588 948 2623; x_wconf 86' lang='lat' dir='ltr'><strong>Christianos</strong></span> <span class='ocrx_word' id='word_1_285' title='bbox 972 2588 1100 2621; x_wconf 85' lang='lat' dir='ltr'><strong>milites</strong></span> <span class='ocrx_word' id='word_1_286' title='bbox 1122 2589 1406 2621; x_wconf 84' lang='lat' dir='ltr'><strong>exauctorarunt.</strong></span> 
     </span>
    </p>

    <p class='ocr_par' dir='ltr' id='par_1_16' title="bbox 223 2630 1698 2914">
     <span class='ocr_line' id='line_1_38' title="bbox 312 2630 1698 2683; baseline -0.003 -15"><span class='ocrx_word' id='word_1_287' title='bbox 312 2634 457 2670; x_wconf 91' lang='lat' dir='ltr'><strong>Decimo</strong></span> <span class='ocrx_word' id='word_1_288' title='bbox 471 2638 620 2683; x_wconf 86' lang='lat' dir='ltr'><strong>septimo</strong></span> <span class='ocrx_word' id='word_1_289' title='bbox 639 2635 816 2671; x_wconf 84' lang='lat' dir='ltr'><strong>Gallerius</strong></span> <span class='ocrx_word' id='word_1_290' title='bbox 833 2634 1067 2670; x_wconf 85' lang='lat' dir='ltr'><strong>Maximianus</strong></span> <span class='ocrx_word' id='word_1_291' title='bbox 1085 2632 1294 2668; x_wconf 81' lang='lat' dir='ltr'><strong>excursione</strong></span> <span class='ocrx_word' id='word_1_292' title='bbox 1311 2636 1434 2666; x_wconf 85' lang='lat' dir='ltr'><strong>contra</strong></span> <span class='ocrx_word' id='word_1_293' title='bbox 1449 2630 1590 2665; x_wconf 87' lang='lat' dir='ltr'><strong>Narsen</strong></span> <span class='ocrx_word' id='word_1_294' title='bbox 1606 2631 1698 2665; x_wconf 83' lang='lat' dir='ltr'><strong>Per-</strong></span> 
     </span>
     <span class='ocr_line' id='line_1_39' title="bbox 223 2677 1697 2733; baseline -0.002 -18"><span class='ocrx_word' id='word_1_295' title='bbox 223 2687 338 2733; x_wconf 66' lang='lat' dir='ltr'><strong>sarum</strong></span> <span class='ocrx_word' id='word_1_296' title='bbox 368 2693 486 2727; x_wconf 85' lang='lat' dir='ltr'><strong>regem</strong></span> <span class='ocrx_word' id='word_1_297' title='bbox 519 2684 615 2719; x_wconf 82' lang='lat' dir='ltr'><strong>facta</strong></span> <span class='ocrx_word' id='word_1_298' title='bbox 646 2694 761 2729; x_wconf 88' lang='lat' dir='ltr'><strong>eoque</strong></span> <span class='ocrx_word' id='word_1_299' title='bbox 794 2682 831 2716; x_wconf 89' lang='lat' dir='ltr'><strong>in</strong></span> <span class='ocrx_word' id='word_1_300' title='bbox 865 2682 982 2726; x_wconf 80' lang='lat' dir='ltr'><strong>sugam</strong></span> <span class='ocrx_word' id='word_1_301' title='bbox 1018 2687 1096 2715; x_wconf 84' lang='lat' dir='ltr'><strong>acto</strong></span> <span class='ocrx_word' id='word_1_302' title='bbox 1129 2689 1272 2713; x_wconf 88' lang='lat' dir='ltr'><strong>uxorem</strong></span> <span class='ocrx_word' id='word_1_303' title='bbox 1295 2677 1372 2712; x_wconf 87' lang='lat' dir='ltr'><strong>eius</strong></span> <span class='ocrx_word' id='word_1_304' title='bbox 1395 2677 1581 2723; x_wconf 85' lang='lat' dir='ltr'><strong>omniaque</strong></span> <span class='ocrx_word' id='word_1_305' title='bbox 1602 2678 1697 2712; x_wconf 75' lang='lat' dir='ltr'><strong>bona</strong></span> 
     </span>
     <span class='ocr_line' id='line_1_40' title="bbox 224 2722 1695 2774; baseline -0.008 -5"><span class='ocrx_word' id='word_1_306' title='bbox 224 2731 339 2769; x_wconf 75' lang='lat' dir='ltr'><strong>cep1t‚</strong></span> <span class='ocrx_word' id='word_1_307' title='bbox 372 2739 565 2774; x_wconf 77' lang='lat' dir='ltr'><strong>magnaque</strong></span> <span class='ocrx_word' id='word_1_308' title='bbox 588 2731 698 2764; x_wconf 86' lang='lat' dir='ltr'><strong>caede</strong></span> <span class='ocrx_word' id='word_1_309' title='bbox 722 2732 865 2774; x_wconf 87' lang='lat' dir='ltr'><strong>peracta</strong></span> <span class='ocrx_word' id='word_1_310' title='bbox 893 2727 937 2762; x_wconf 82' lang='lat' dir='ltr'><strong>ad</strong></span> <span class='ocrx_word' id='word_1_311' title='bbox 961 2725 1218 2761; x_wconf 85' lang='lat' dir='ltr'><strong>Diocletianum</strong></span> <span class='ocrx_word' id='word_1_312' title='bbox 1238 2724 1364 2768; x_wconf 86' lang='lat' dir='ltr'><strong>rediit,</strong></span> <span class='ocrx_word' id='word_1_313' title='bbox 1404 2723 1568 2758; x_wconf 83' lang='lat' dir='ltr'><strong>adferens</strong></span> <span class='ocrx_word' id='word_1_314' title='bbox 1589 2722 1695 2757; x_wconf 84' lang='lat' dir='ltr'><strong>etiam</strong></span> 
     </span>
     <span class='ocr_line' id='line_1_41' title="bbox 225 2769 1695 2823; baseline 0.001 -21"><span class='ocrx_word' id='word_1_315' title='bbox 225 2769 357 2823; x_wconf 75' lang='lat' dir='ltr'><strong>loculos</strong></span> <span class='ocrx_word' id='word_1_316' title='bbox 382 2773 534 2819; x_wconf 87' lang='lat' dir='ltr'><strong>lapidum</strong></span> <span class='ocrx_word' id='word_1_317' title='bbox 569 2776 803 2822; x_wconf 83' lang='lat' dir='ltr'><strong>pretiosorum</strong></span> <span class='ocrx_word' id='word_1_318' title='bbox 838 2778 875 2809; x_wconf 88' lang='lat' dir='ltr'><strong>et</strong></span> <span class='ocrx_word' id='word_1_319' title='bbox 907 2772 1072 2808; x_wconf 88' lang='lat' dir='ltr'><strong>unionum</strong></span> <span class='ocrx_word' id='word_1_320' title='bbox 1099 2772 1236 2818; x_wconf 85' lang='lat' dir='ltr'><strong>plenos.</strong></span> <span class='ocrx_word' id='word_1_321' title='bbox 1283 2770 1410 2804; x_wconf 86' lang='lat' dir='ltr'><strong>exinde</strong></span> <span class='ocrx_word' id='word_1_322' title='bbox 1433 2775 1534 2804; x_wconf 83' lang='lat' dir='ltr'><strong>veste</strong></span> <span class='ocrx_word' id='word_1_323' title='bbox 1557 2781 1600 2804; x_wconf 87' lang='lat' dir='ltr'><strong>ac</strong></span> <span class='ocrx_word' id='word_1_324' title='bbox 1623 2769 1695 2803; x_wconf 88' lang='lat' dir='ltr'><strong>cal-</strong></span> 
     </span>
     <span class='ocr_line' id='line_1_42' title="bbox 225 2815 1697 2867; baseline -0.002 -15"><span class='ocrx_word' id='word_1_325' title='bbox 225 2827 298 2849; x_wconf 88' lang='lat' dir='ltr'><strong>ce1s</strong></span> <span class='ocrx_word' id='word_1_326' title='bbox 322 2829 406 2853; x_wconf 86' lang='lat' dir='ltr'><strong>auro</strong></span> <span class='ocrx_word' id='word_1_327' title='bbox 424 2821 636 2867; x_wconf 86' lang='lat' dir='ltr'><strong>gemmisque</strong></span> <span class='ocrx_word' id='word_1_328' title='bbox 652 2821 785 2856; x_wconf 87' lang='lat' dir='ltr'><strong>ornatis</strong></span> <span class='ocrx_word' id='word_1_329' title='bbox 802 2819 1041 2856; x_wconf 83' lang='lat' dir='ltr'><strong>Diocletianus</strong></span> <span class='ocrx_word' id='word_1_330' title='bbox 1066 2818 1117 2854; x_wconf 86' lang='lat' dir='ltr'><strong>uti</strong></span> <span class='ocrx_word' id='word_1_331' title='bbox 1139 2816 1268 2862; x_wconf 85' lang='lat' dir='ltr'><strong>coepit,</strong></span> <span class='ocrx_word' id='word_1_332' title='bbox 1292 2828 1402 2861; x_wconf 86' lang='lat' dir='ltr'><strong>seque</strong></span> <span class='ocrx_word' id='word_1_333' title='bbox 1425 2822 1550 2851; x_wconf 87' lang='lat' dir='ltr'><strong>contra</strong></span> <span class='ocrx_word' id='word_1_334' title='bbox 1571 2815 1697 2861; x_wconf 80' lang='lat' dir='ltr'><strong>pristi-</strong></span> 
     </span>
     <span class='ocr_line' id='line_1_43' title="bbox 226 2861 1695 2914; baseline 0.001 -17"><span class='ocrx_word' id='word_1_335' title='bbox 226 2873 306 2898; x_wconf 87' lang='lat' dir='ltr'><strong>num</strong></span> <span class='ocrx_word' id='word_1_336' title='bbox 328 2875 456 2900; x_wconf 84' lang='lat' dir='ltr'><strong>morem</strong></span> <span class='ocrx_word' id='word_1_337' title='bbox 477 2868 617 2903; x_wconf 86' lang='lat' dir='ltr'><strong>adorari</strong></span> <span class='ocrx_word' id='word_1_338' title='bbox 639 2867 764 2914; x_wconf 85' lang='lat' dir='ltr'><strong>iussit,</strong></span> <span class='ocrx_word' id='word_1_339' title='bbox 798 2878 842 2904; x_wconf 82' lang='lat' dir='ltr'><strong>ac</strong></span> <span class='ocrx_word' id='word_1_340' title='bbox 858 2865 1100 2914; x_wconf 81' lang='lat' dir='ltr'><strong>triumphavit.</strong></span> <span class='ocrx_word' id='word_1_341' title='bbox 1148 2861 1323 2909; x_wconf 85' lang='lat' dir='ltr'><strong>triumpho</strong></span> <span class='ocrx_word' id='word_1_342' title='bbox 1347 2873 1472 2899; x_wconf 87' lang='lat' dir='ltr'><strong>nomen</strong></span> <span class='ocrx_word' id='word_1_343' title='bbox 1494 2867 1550 2898; x_wconf 83' lang='lat' dir='ltr'><strong>est</strong></span> <span class='ocrx_word' id='word_1_344' title='bbox 1571 2874 1594 2898; x_wconf 81' lang='lat' dir='ltr'><strong>a</strong></span> <span class='ocrx_word' id='word_1_345' title='bbox 1616 2873 1695 2898; x_wconf 78' lang='lat' dir='ltr'><strong>car-</strong></span> 
     </span>
    </p>
   </div>
  </div>
 </body>
</html>
