1742 3184
226 205 320 255 128
706 205 948 253 GEORGII
978 203 1226 251 CEDRENI

167 326 198 363 B
223 324 350 380 αὐτῆς
377 319 514 368 πτῦων
544 322 755 368 ἐνέπτυσεν
786 326 843 375 εἷς
863 323 915 367 ’τὸ
940 321 1159 382 πρόσωπον
1179 321 1307 378 αὐτῆς
1313 353 1327 375 ,
1363 320 1438 367 οὒκ
1459 318 1708 381 ἐντραπήσε-

219 413 313 450 ταις
350 392 452 438 ἔπτὰ
483 392 641 452 ἡμέρας
671 391 945 453 ἀφορισθήτω
973 392 1054 445 ἔξω
1083 397 1158 449 τῆς
1187 397 1477 450 παρεμβολῆς,
1517 394 1584 436 καὶ
1603 393 1709 448 μετὰ

207 467 351 509 Ιταῦτα
373 462 674 508 εἷσελεύσεται.’
745 466 813 507 καὶ
843 464 1068 521 ἃφωρίσθη
1091 461 1278 521 Μαριὰμ
1302 462 1379 514 ἔξω
1399 467 1473 519 τῆς
1494 467 1706 520 παρεμβο-

219 539 294 591 λῆς
315 533 417 577 ἑπτὰ
437 531 594 592 ἡμέρας
602 567 614 586 ,
655 534 722 576 καὶ
754 531 776 576 ὅ
809 533 908 584 λαὸς
939 534 1013 576 οὐκ
1036 534 1176 589 ἐξῆρεν
1202 533 1278 584 ἕως
1307 533 1573 590 ἐκαθαρίσθη
1599 534 1707 575 Μα-

220 603 335 663 ριάμ.
406 605 474 646 καὶ
496 604 600 658 μετὰ
617 608 748 647 ταῦτα
768 604 908 660 ἐξῆρεν
929 601 950 645 ὅ
972 603 1073 654 λαὸς
1095 605 1136 654 ἐξ
1146 600 1330 659 Ἀσιρῶθ
1341 634 1354 655 ,
1390 603 1458 645 καὶ
1477 602 1739 659 παρει’ἕβα-5

218 679 286 718 λεν
304 675 346 718 ἐν
366 678 416 731 τῇ
438 672 578 731 ἐρήμῳ
602 671 765 731 Φαράν.
809 671 927 729 ἡνίκα
951 673 995 715 δὲ
1014 667 1143 729 ἦλθεν
1163 670 1185 715 ὅ
1203 672 1305 723 λαὸς
1328 674 1385 724 εἷς
1404 672 1452 716 τὸ
1473 675 1578 715 Σινᾶ
1597 671 1707 730 ὅρος,

218 748 387 804 τελευτᾷ
423 743 603 800 Μαριὰμ
636 740 662 798 ἡ
691 742 851 800 ἀδελφὴ
888 742 1121 794 Μωῦσέως.
1208 740 1293 785 εἶτα
1329 741 1520 799 παρευθύ
1558 743 1707 798 γίνεται

217 813 450 872 γογγυσμὸς
476 817 550 856 τοῦ
580 816 685 855 λαοῦ
711 812 780 855 διὰ
809 812 856 855 τὸ
888 814 1035 867 δίψος,
1079 814 1147 855 καὶ
1177 810 1390 870 παρώξυνε
1415 814 1609 868 Μωῢσῆς
1638 812 1707 854 καὶ

211 883 371 942 Ἀαρών
401 883 471 926 τὸν
497 882 597 925 θεὸν
625 883 689 925 ἐπὶ
719 886 793 925 τοῦ
820 881 973 934 ὕδατος
1002 886 1075 938 τῆς
1094 883 1337 938 ἀντιλογίας.
1407 883 1476 925 καὶ
1499 881 1708 939 ὀργισθεὶς

217 953 359 1011 κύριος
384 951 489 996 εἶπεν
516 951 639 995 Ἔνθ’
674 946 731 996 ὧν
760 953 834 996 οὐκ
866 951 1092 1004 ἐδοξάσατέ
1120 969 1171 1007 με
1201 950 1373 995 ἐνώπιον
1397 950 1595 1010 Ἰσραήλ,
1633 951 1706 994 οὐκ
1721 958 1742 993 κ

167 1034 199 1071 C
224 1021 398 1074 εἰσάξετε
418 1022 488 1065 τὸν
511 1023 610 1065 λαὸν
626 1020 741 1077 ὑμεῖς
762 1025 819 1074 εἷς
840 1022 917 1078 τὴν
937 1027 1013 1079 γῆν
1031 1027 1104 1078 τῆς
1122 1020 1393 1079 ἐπαγγελίας.’
1465 1025 1633 1081 τελευτᾷ
1665 1021 1709 1063 δὲ

212 1094 374 1151 ,Ἀαρὼν
407 1092 596 1135 ἀνελθὼν
625 1094 682 1144 εἷς
710 1091 756 1135 τὸ
790 1092 888 1150 ὅρος
908 1091 1013 1150 ’Ώρ,
1049 1094 1253 1148 ἐπιτιμίαν
1280 1090 1469 1135 θανάτου
1492 1090 1711 1146 δεξάμενος

221 1163 291 1206 διὰ
303 1163 349 1206 τὸ
369 1161 483 1219 ὕδωρ
503 1166 576 1218 τῆς
598 1162 840 1219 ἀντιλογίας.
874 1162 979 1218 μετὰ
999 1162 1044 1205 δὲ
1062 1162 1107 1205 τὸ
1130 1161 1244 1220 ὕδωρ
1265 1166 1337 1218 τῆς
1360 1162 1590 1217 ἀντιλογίας
1608 1178 1709 1204 κατ-

221 1234 380 1290 έρχεται
406 1230 426 1274 ὃ
449 1232 550 1282 λαὸς
572 1235 629 1284 εἷς
652 1231 788 1288 Ἐὸώμ
799 1265 812 1285 ,
861 1235 929 1275 καὶ
953 1231 1239 1289 καταγογγύζει
1260 1235 1364 1275 θεοῦ
1385 1233 1453 1274 καὶ
1474 1231 1708 1281 Μωϋσέως.

219 1305 288 1346 καὶ
310 1302 540 1346 ἀπέστειλεν
562 1300 583 1344 ὅ
608 1302 708 1353 θεὸς
725 1303 823 1353 τοὺς
845 1301 980 1361 ὄφεις,
1017 1304 1084 1345 καὶ
1108 1300 1341 1345 ἐθανάτουν
1361 1301 1433 1344 τὸν
1453 1299 1568 1344 λαόν.
1637 1301 1707 1344 καὶ
1722 1301 1739 1336 l

201 1372 361 1416 -λοιπὸν
377 1373 525 1429 γίνεται
547 1371 593 1415 τὸ
611 1371 913 1430 χαλκούργημα
935 1377 1009 1415 τοῦ
1028 1371 1162 1430 ὄφεως
1184 1370 1402 1430 προστάξει
1421 1374 1539 1414 θεοῦ.

349 1463 441 1508 ’Ότι
463 1465 505 1507 ἐν
526 1469 578 1522 τῇ
601 1464 769 1524 δευτέρα
790 1463 1060 1522 ἐξαριθμήσει
1072 1497 1085 1517 ,
1127 1462 1245 1520 ἡνίκα
1267 1466 1461 1519 Μωῢσῆς
1480 1464 1547 1506 καὶ
1564 1459 1709 1505 Ἐλεά-

217 1537 291 1593 ζαρ
319 1534 562 1591 ἠρίθμησαν
593 1534 664 1577 τὸν
692 1533 816 1586 λαόν,
861 1535 936 1590 οὐχ
968 1532 1119 1592 εὑρέθη
1144 1533 1367 1587 ἄνθρωπος
1386 1535 1428 1575 ἐκ
1450 1538 1522 1589 τῆς
1543 1531 1709 1590 πρώτης

215 1603 503 1663 ἇριθμήσεως,
560 1601 681 1659 ἡνίκα
714 1607 908 1660 Μωῦσῆς
940 1606 1008 1646 καὶ
1039 1604 1198 1662 Ἀαρών
1229 1603 1471 1660 ἠρίθμησαν
1499 1604 1596 1653 τοὺς
1626 1602 1707 1645 ἀπὸ

217 1676 364 1718 εἴκοσιν
386 1676 486 1716 ἐτῶν
508 1674 576 1715 καὶ
594 1674 787 1725 ἐπέκεινα,
824 1672 885 1717 ὅτι
906 1672 987 1716 εἶπε
1009 1671 1149 1731 κύριος
1171 1673 1308 1724 αὐτοῖς
1327 1671 1517 1731 εθανάτῳ
1538 1672 1742 1714 dno-20:³2

159 1747 192 1783 D
217 1748 353 1788 νεῖσθε
375 1744 446 1786 διὰ
467 1743 562 1793 τοὺς
582 1743 838 1799 γογγυσμοὺς
856 1741 1004 1798 ὑμῶν)
1069 1743 1108 1785 οἳ
1128 1743 1207 1801 γὰρ
1228 1744 1319 1801 περὶ
1339 1742 1410 1786 τὸν
1429 1742 1619 1786 Μωϋσὲα
1640 1743 1707 1784 καὶ

209 1812 431 1871 Ἐλεάζαρ,
469 1810 524 1863 ὡς
544 1815 747 1865 Λευῖται,
793 1814 888 1856 οὐδὲ
917 1813 963 1856 τὸ
999 1813 1176 1855 παλαιὸν
1209 1810 1590 1870 συνηριθμήθησαν
1620 1817 1710 1862 ταῖς

215 1889 376 1935 λοιπαῖς
401 1886 573 1942 φυλαῖς,
602 1880 624 1927 ὅ
652 1883 696 1927 δὲ
719 1884 877 1939 Ἰησοῦς
902 1884 1151 1940 Βενιαμίτης
1171 1877 1244 1940 ἦν,
1281 1881 1301 1926 ὃ
1326 1883 1372 1926 δὲ
1392 1881 1545 1938 Χάλεβ
1567 1882 1610 1925 ἐκ
1634 1885 1710 1938 τῆς

219 2061 464 2108 conspuisset,
497 2074 568 2097 non
601 2062 737 2118 pudore
766 2061 1001 2098 afficeretur?
1035 2067 1171 2108 septem
1196 2062 1271 2098 dies
1296 2065 1399 2098 extra
1421 2065 1539 2097 castra
1562 2058 1711 2096 seorsim

219 2111 348 2155 degat,
381 2115 454 2144 tum
475 2105 767 2144 intromittatur-'³
814 2109 867 2144 sic
893 2109 1008 2144 Maria
1043 2122 1106 2156 per
1137 2115 1272 2155 septem
1302 2109 1378 2144 dies
1407 2108 1534 2144 castris
1567 2107 1711 2142 exclusa.

218 2157 302 2193 fuit.
350 2167 466 2201 neque
495 2157 646 2203 populus
674 2162 790 2191 castra
817 2156 915 2202 prius
937 2156 1067 2201 movit,
1102 2168 1202 2202 quam
1232 2156 1351 2191 Maria
1377 2157 1617 2190 mundaretur.
1666 2165 1711 2188 ea

217 2207 366 2249 recepta
389 2204 433 2238 ab
451 2203 636 2238 Aserothis
655 2209 852 2248 moverunt,
877 2207 913 2237 et
936 2202 974 2237 in
996 2203 1186 2238 solitudine
1206 2204 1373 2238 Pliarana
1391 2209 1509 2238 castra
1530 2202 1708 2236 fecerunt.

217 2255 356 2286 mortua
378 2255 433 2284 est
451 2256 566 2285 autem
587 2250 716 2295 Maria,
742 2252 818 2284 cum
840 2250 884 2284 ad
907 2249 1090 2285 Zinaicam
1109 2250 1334 2286 solitudinem
1354 2249 1504 2297 populus
1525 2246 1708 2295 pervenis-

215 2302 284 2333 set.
333 2296 450 2332 statim
473 2303 600 2343 postea
624 2296 747 2343 populi
770 2296 968 2342 indignatio
992 2303 1140 2342 prepter
1163 2297 1259 2332 sitim
1285 2299 1411 2332 oborta
1435 2302 1512 2339 est3
1538 2294 1707 2329 irritave-

214 2349 368 2401 runtque
391 2343 513 2380 Moses
539 2350 575 2379 et
593 2344 712 2378 Aaron
731 2344 833 2378 deum
857 2355 965 2389 super
993 2355 1084 2389 aqua
1109 2344 1229 2390 iurgii.
1279 2349 1388 2390 atque
1410 2343 1523 2378 iratus
1546 2342 1633 2376 deus
1651 2339 1710 2375 di-

214 2391 269 2427 xit
292 2389 301 2401 “
317 2391 458 2436 quando
483 2403 593 2425 meam
617 2390 762 2436 gloriam
788 2402 902 2424 coram
929 2390 1058 2436 populo
1081 2392 1201 2426 testati
1223 2403 1293 2426 non
1318 2391 1428 2435 estis,
1453 2401 1518 2424 vos
1542 2387 1708 2435 populum

212 2438 250 2473 in
267 2437 449 2482 regionem
469 2438 676 2483 promissam
695 2449 765 2471 non
781 2434 1052 2472 introducetis.'’
1074 2450 1180 2484 porro
1200 2439 1319 2473 Aaron
1340 2436 1524 2473 adscendit
1548 2436 1586 2469 in
1608 2445 1709 2468 mon-

213 2490 284 2519 tem
308 2485 381 2528 Or,
414 2483 538 2530 ibique
569 2490 724 2519 mortuus
760 2489 835 2526 est;
871 2495 962 2529 quae
998 2483 1032 2519 ei
1057 2495 1171 2530 poena
1196 2491 1345 2532 propter
1367 2495 1493 2530 aquam
1518 2481 1626 2526 iurgii
1653 2485 1710 2515 est

212 2531 385 2576 irrogata.
433 2531 635 2566 secundum·
656 2530 743 2564 haec
766 2530 804 2564 in
826 2531 1028 2565 Idumaeam
1053 2531 1201 2576 populus
1226 2531 1404 2578 pervenit.
1453 2540 1601 2574 cumque
1627 2538 1707 2562 rur-

213 2589 274 2613 sus
299 2578 365 2612 deo
392 2582 429 2612 et
451 2577 546 2612 Mosi
571 2579 870 2620 obmurmuraret,
894 2577 1038 2612 immisit
1060 2579 1147 2612 deus
1170 2590 1303 2624 angues
1328 2577 1391 2624 qui
1414 2574 1579 2624 populum
1600 2585 1707 2609 neca-

214 2629 309 2659 rent.
357 2629 443 2659 tunc
469 2623 569 2658 iussu
593 2623 652 2658 dei
677 2636 824 2670 serpens
849 2624 908 2658 ille
932 2636 1062 2659 aeneus
1089 2626 1287 2660 conficitur.

308 2693 351 2728 In
375 2693 531 2728 secunda
554 2692 676 2739 populi
700 2694 920 2739 recensione,
945 2705 1021 2728 cum
1042 2694 1163 2729 Moses
1188 2700 1295 2740 atque
1316 2692 1512 2728 Eleazarus
1540 2690 1707 2738 populum

216 2745 464 2784 numerarent,
503 2752 604 2775 nemo
638 2741 777 2775 omnino
812 2753 931 2776 eorum
964 2741 1142 2787 superfuit
1174 2753 1262 2787 quos
1294 2740 1331 2774 in
1362 2739 1478 2786 prima
1500 2739 1708 2773 recensione

215 2786 338 2822 Moses
359 2792 396 2821 et
417 2787 537 2822 Aaron
560 2786 794 2833 invenerant,
820 2800 897 2823 cum
921 2800 943 2823 a
965 2787 1093 2833 viginti
1117 2800 1228 2823 annos
1252 2793 1337 2822 nato
1360 2792 1396 2821 et
1419 2785 1568 2832 amplius
1587 2795 1707 2819 omnes

217 2838 474 2868 numerassent.
523 2834 685 2869 edixerat
703 2835 796 2870 enim
815 2836 901 2870 deus
923 2834 1053 2881 populo
1077 2835 1155 2870 fore
1180 2841 1219 2869 ut
1242 2839 1390 2880 propter
1407 2844 1505 2868 suam
1528 2834 1708 2867 obtrecta-

216 2880 349 2915 tionem
372 2879 520 2928 periret.
545 2892 588 2915 ac
610 2881 730 2917 Moses
754 2882 896 2927 quidem
920 2886 957 2917 et
979 2881 1186 2927 Eleazarus,
1211 2881 1344 2927 quippe
1369 2879 1532 2924 Levitae,
1558 2891 1604 2914 ne
1625 2882 1708 2912 ante

217 2927 359 2973 quidem
391 2927 485 2963 inter
515 2927 670 2975 reliquas
700 2928 817 2965 tribus
848 2929 1139 2965 recensebantur.
1187 2929 1294 2964 Iosua
1317 2926 1579 2964 Beniaminicus
1609 2925 1709 2961 tribu
