1742 3184
173 734 686 813 ΣΥΝΟΨΙΣ
747 739 1354 816 ΙΣΤΟΡΙΩΝ

11 878 496 944 ΑΡΧΟΜΕΝΗ
524 878 707 938 Allo
741 880 1137 941 ΚΤΙΣΕΩΣ
1163 883 1508 941 ΚΟΣΜΟῩ

13 1009 145 1056 ΚΑΙ
185 1008 432 1055 MEXPI
479 1010 636 1055 ΤΗΣ
673 1011 1087 1064 ΒΑΣΙΛΕΙΑΣ
1129 1012 1507 1060 ΙΣΑΑΚΙΟΥ

425 1091 574 1137 Tor
619 1091 1087 1150 KOMNHNOY,

60 1201 389 1240 ΣΤΔΔΕΓΕΙΣΑ
411 1202 541 1238 ΠΑΡΑ
561 1203 741 1240 ΚΤΡΟΤ
761 1204 1026 1240 ΓΕΩΡΓΙΟΤ
1044 1204 1151 1241 Tor
1167 1201 1455 1240 ΚΕΔΡΗΝΟΤ

327 1296 409 1332 ΕΚ
451 1295 790 1333 ΔΙΑΦΟΡΩΝ
831 1298 1112 1335 ΒΙΒΑΙΩΝ.
1137 1297 1187 1343 *)

16 1536 211 1610 Πολλοὶ
238 1565 321 1606 τῶν
353 1560 434 1620 πρὸ
462 1558 581 1617 ἡμῶν
611 1559 823 1620 φιλοθὲων
852 1559 1014 1621 ἀνδρῶν
1045 1565 1114 1606 καὶ
1148 1561 1398 1621 φιλιστόρων
1427 1563 1500 1620 τὴν
1521 1577 1552 1613 Ρ
1577 1578 1597 1613 1
1655 1598 1658 1603 .

15 1632 212 1689 ἐπιτομὴν
229 1637 302 1687 τῆς
322 1631 503 1689 ἱστορίας
521 1629 904 1690 ἐπραγματεύσαντο
917 1646 929 1657 ·
963 1632 986 1675 ὅ
1005 1650 1046 1676 τε
1065 1633 1144 1691 γὰρ
1163 1635 1345 1690 μοναχὸς
1361 1636 1403 1675 Γ
1399 1633 1502 1691 εώρ-

14 1722 102 1763 γιος
130 1705 198 1746 καὶ
232 1700 449 1758 σύγκελλος
472 1700 552 1744 ἀπὸ
576 1705 810 1757 καταβολῆς
838 1700 1065 1759 ἀρξάμενος
1095 1701 1252 1759 κόσμου
1279 1706 1335 1754 εἷς
1355 1707 1501 1755 Maga-

14 1774 162 1831 μιανὸν
190 1774 259 1816 καὶ
287 1774 526 1827 Μαξιμῖνον
555 1771 652 1823 τούς
679 1771 902 1830 τυράννους
921 1774 1136 1829 κατέληξε,
1162 1776 1230 1817 καὶ
1254 1771 1275 1816 ὅ
1299 1772 1501 1830 ὁμολογη-

157 1883 203 1929 *)
235 1882 327 1917 eod.
355 1880 503 1917 Coislin.
530 1881 598 1917 136
620 1892 678 1927 ap.
703 1881 948 1917 montfaucon.
973 1882 1067 1918 Bibl.
1094 1882 1243 1918 Coislin.
1266 1895 1301 1930 p.
1325 1883 1500 1920 207—82

111 1927 285 1975 Σύνοψις
308 1929 481 1973 ἱστοριῶν
504 1929 755 1973 συγγραφεῖσα
785 1927 890 1973 παρὰ
918 1927 1109 1964 Ἰωάννου
1125 1929 1411 1974 κουροπαλάτου
1437 1930 1502 1965 καὶ

23 1987 29 1990 ’
110 1976 272 2023 μεγάλου
295 1976 318 2011 δ
344 1975 545 2021 ουγγαρίου
568 1976 637 2021 τῆς
659 1975 787 2021 mylas
808 1975 877 2010 τοῦ
898 1976 1093 2022 Σκυλίτζη.
1132 1974 1210 2022 Τήν
1233 1974 1411 2021 ἐπιτομὴν
1432 1977 1503 2021 τῆς

113 2025 282 2070 ἱστορίας
332 2033 440 2069 ριστα
462 2018 556 2067 μετὰ
575 2020 666 2064 τοὺς
682 2020 869 2064 παλαιοὺς
886 2019 1235 2070 ἐπραγματεύσαντο
1259 2024 1411 2070 πρῶτον
1433 2022 1502 2069 μὲν

101 2194 717 2270 COMPENDIUM
760 2192 1428 2280 HISTORLARUM,

21 2318 68 2368 A
108 2313 362 2367 MUNDO
411 2312 728 2365 CONDITO
765 2309 1006 2374 'USQUE
1041 2313 1131 2360 AD
1167 2311 1501 2364 ISAACIUM

293 2383 692 2436 COMNENUM
722 2381 1237 2433 IMPERATOREM

25 2485 63 2527 A
111 2484 217 2529 DN.
272 2482 595 2527 GEORGIO
654 2482 972 2526 CEDRENO
1025 2480 1117 2523 EX
1169 2478 1500 2525 DIVERSIS

406 2553 636 2597 LIBRIS
684 2551 1121 2603 GOLLECTUM,

187 2639 536 2677 GUILIELMO
583 2638 920 2675 XYLANDRO
967 2635 1340 2672 AUGUSTANO

546 2686 877 2723 INTERPRE
892 2685 986 2720 TE.

26 2750 170 2818 Multi
191 2783 272 2815 ante
293 2792 357 2816 nos
380 2779 541 2826 religiosi
564 2783 671 2825 atque
693 2777 904 2825 cognitionis
921 2788 1037 2811 rerum
1060 2779 1236 2822 gestarum
1257 2772 1408 2809 studiosi
1430 2771 1502 2807 viri

28 2826 67 2861 in
101 2827 341 2874 compendium
374 2827 541 2862 historias
574 2827 785 2862 contrahere
817 2824 975 2871 aggressi
1005 2829 1099 2858 sunt.
1145 2834 1223 2857 nam
1259 2827 1296 2856 et
1322 2822 1502 2874 Georgngs

28 2875 217 2909 monachus
249 2874 412 2920 idemque
443 2873 640 2919 syncellus,
677 2875 722 2909 ab
753 2873 856 2907 initio
886 2870 1003 2905 mundi
1026 2882 1146 2915 orsus,
1180 2880 1292 2915 usque
1314 2868 1359 2903 ad
1381 2867 1504 2920 May-

29 2920 180 2958 mianum
205 2925 243 2958 et
262 2921 491 2958 Maximinum
521 2927 693 2968 tyrannos
715 2932 790 2956 rem
813 2917 998 2967 perduxit3
1032 2922 1069 2953 et
1101 2929 1172 2965 quo
1205 2916 1237 2951 is
1268 2916 1347 2950 loco
1380 2915 1502 2957 desut,
