1742 3184
234 190 334 241 204
715 187 957 238 GEORGII
984 192 1228 237 CEDRENI

229 307 380 367 χόρτον
403 307 460 360 ὥς
479 313 581 364 βοῦν
607 307 821 365 ψωμιοῦσί
839 325 907 360 σε,
942 309 1009 350 καὶ
1033 306 1133 351 ἔπτὰ
1157 308 1291 365 καιροὶ
1318 305 1615 364 ἀλλαγήσονται
1636 306 1704 350 ἓπί

234 396 293 431 σε,
315 380 389 430 ἕως
408 374 457 422 οὗ
475 383 578 436 γνῷς
599 377 660 421 ὅτι
681 377 852 435 κυριεύει
876 376 896 421 ὃ
920 376 1095 432 ὕψιστος
1114 382 1188 432 τῆς
1207 378 1416 431 βασιλείας
1433 382 1514 420 τῶν
1533 375 1700 433 ἀνθρώ-

233 465 334 500 πων,
370 450 437 491 καὶ
461 442 498 507 ᾦ
528 447 579 490 ἂν
613 445 710 505 δόξῃ
742 446 862 490 δώσει
894 445 1064 501 αὖτήι’.”
1137 448 1204 489 καὶ
1233 446 1335 503 αὐτῇ
1361 450 1412 504 τῇ
1431 445 1520 506 ὥρᾳ
1542 444 1563 489 ὃ
1585 445 1702 502 λόγος

233 518 516 572 συνετελέσθη,
552 519 619 559 καὶ
641 516 720 559 ἀπὸ
745 520 824 559 τῶν
845 514 1077 573 ἀνθρώπων
1098 514 1323 570 ἒξεδιώχθη
1337 548 1349 567 ,
1385 517 1451 558 καὶ
1473 518 1513 558 ἒν
1536 513 1702 573 ἐρήμοις

182 594 214 630 Β
237 587 417 642 ηὐλίσθη
437 589 504 629 καὶ
526 585 658 643 ὄρεσι·
685 586 819 642 γέγονε
837 586 915 642 γὰρ
937 585 990 628 τὰ
1008 584 1241 643 Ξζιιπροσθεν
1262 586 1389 628 αὐτοῦ
1409 585 1484 628 σὺν
1503 589 1554 642 τῇ
1572 592 1734 643 κεφα-5

234 660 285 713 λῇ
308 654 363 706 ὡς
382 660 507 710 βοῦς,
543 657 611 698 καὶ
640 655 679 698 οἳ
706 654 829 705 πόδες
858 655 932 698 σὺν
961 661 1045 705 τοῖς
1068 655 1272 706 ὀπισθίοις
1291 653 1346 705 ὥς
1367 655 1480 697 λέων.
1550 655 1703 696 ἀπεκα-

231 724 377 783 λύφθη
398 726 442 768 δὲ
465 728 523 783 τῷ
540 723 639 782 ἁγίῳ
662 724 823 779 Δανιὴλ
845 725 934 780 περὶ
953 723 1111 776 τούτου,
1137 723 1198 767 ὅτι
1220 724 1288 766 διὰ
1313 724 1385 780 τὴν
1410 723 1557 780 ἄλογον
1577 725 1704 766 αὐτοῦ

233 796 471 852 φιληδονίαν
495 796 561 836 καὶ
583 795 907 851 σκληροκαρδίαν
927 791 1006 836 ὑπὸ
1032 794 1149 849 ζυγὸν
1171 792 1225 844 ὥς
1246 798 1349 848 βοῦς
1371 795 1520 850 ἐγένετο
1543 797 1602 850 τῷ
1621 795 1703 835 Βεέ-

232 862 340 921 λιάρ,
363 864 462 906 λέων
481 863 523 905 δὲ
544 863 614 905 διὰ
631 863 701 906 τὸν
719 862 954 920 τυραννικὸν
972 865 1039 905 καὶ
1062 861 1308 919 ἁρπακτικὸν
1328 865 1395 905 καὶ
1417 863 1703 919 θηριωδέστα-

231 950 302 975 τον
325 933 450 975 αὗτοῦ
473 930 645 989 τρόπον·
681 933 720 974 οἳ
740 932 820 988 γὰρ
845 931 1040 975 δυνάσται
1058 930 1208 987 ταύτην
1227 932 1363 987 ἒβζουσι
1381 931 1453 986 τὴν
1470 930 1620 988 ἀρχήν,
1639 932 1701 973 ἐπὶ
1717 939 1742 974 11

232 1003 335 1044 τέλει
354 1002 398 1044 δὲ
418 1000 472 1052 ὥς
493 1005 625 1059 θῆρες
646 999 894 1059 ἁρπάζουσιν
914 1000 1203 1059 ὀλοθρεύοντες
1223 1004 1290 1044 καὶ
1313 1002 1582 1058 ἀναιροῦντες.
1635 1003 1703 1043 καὶ

232 1069 289 1121 ὥς
315 1075 416 1124 βοῦς
444 1070 566 1126 ἤσθιε
585 1069 751 1127 χόρτον,
793 1073 861 1113 καὶ
896 1071 938 1113 αἱ
970 1073 1102 1129 τρίχες
1130 1071 1256 1114 αὐτοῦ
1277 1069 1532 1126 ηὐξήθησαν,
1574 1072 1640 1112 καὶ
1666 1071 1704 1113 οἳ

233 1140 372 1194 ὄνυχες
399 1140 576 1196 ἐγένοντο
600 1137 655 1190 ὡς
674 1140 815 1196 ὀρνέου
824 1173 837 1192 ,
872 1142 939 1183 καὶ
961 1138 986 1195 ἦ
1010 1141 1114 1197 σὰρξ
1136 1142 1176 1183 ἓν
1198 1138 1297 1182 ἔπτὰ
1319 1147 1474 1197 καιροῖς
1491 1138 1703 1195 ἐπαχύνθη

233 1211 301 1252 καὶ
326 1208 566 1264 ἒμελανώθη
585 1213 636 1266 τῇ
654 1211 923 1269 κακοπαθείᾳ,
952 1211 1020 1252 καὶ
1040 1208 1066 1265 ἡ
1086 1213 1252 1266 γλῶσσα
1275 1209 1400 1252 αὐτοῦ
1418 1208 1531 1266 ἤρθη
1553 1214 1625 1252 τοῦ
1645 1209 1703 1264 μὴ

235 1282 382 1321 λαλεῖν.
451 1280 519 1321 καὶ
541 1283 644 1321 νοῶν
667 1278 793 1329 εὐθὺς
813 1277 998 1338 ἐδάκρυε,
1033 1280 1100 1321 καὶ
1117 1279 1196 1321 ἀπὸ
1218 1283 1289 1322 τοῦ
1309 1280 1460 1321 κλαίειν
1481 1279 1518 1321 οἱ
1536 1279 1704 1335 ὀφθαλ-
1717 1286 1742 1322 1έ

183 1362 214 1397 c
237 1350 307 1403 μοὶ
327 1348 453 1390 αὐτοῦ
475 1348 652 1403 ἐγένοντο
675 1345 732 1398 ὡς
752 1349 883 1405 κρέας.
937 1350 1005 1391 καὶ
1026 1350 1168 1391 πολλοὶ
1189 1348 1358 1399 ἐξιόντες
1375 1349 1451 1402 οὐχ
1470 1347 1607 1406 ἑώρων
1629 1347 1706 1390 αὖ-

231 1417 304 1461 τόν
322 1417 426 1471 πλὴν
444 1422 517 1459 τοῦ
540 1415 654 1459 ὁσίου
676 1415 861 1471 Δανιήλ·
898 1411 1017 1466 οὗτος
1039 1416 1116 1474 γὰρ
1136 1414 1269 1458 πάντα
1286 1416 1356 1459 τὸν
1369 1415 1519 1474 χρόνον
1540 1421 1612 1472 τῆς
1630 1417 1706 1459 ἀλ-

233 1484 434 1537 λοιώσεως
456 1486 580 1528 αὐτοῦ
604 1487 645 1528 ἐν
666 1492 911 1543 προσευχαῖς
931 1481 981 1541 ἦν
1002 1487 1092 1543 περὶ
1115 1486 1254 1529 αὐτοῦ.
1291 1487 1359 1527 καὶ
1381 1486 1484 1540 μετὰ
1507 1486 1553 1528 τὸ
1575 1485 1706 1528 ἀλλα-

232 1561 351 1613 γῆναι
383 1555 477 1606 τοὺς
505 1554 606 1597 ἑπτὰ
638 1555 807 1612 καιροὺς
839 1555 1091 1609 ἀποκατέστη
1117 1557 1172 1604 εἰς
1193 1553 1347 1606 ἑαυτόν,
1390 1556 1457 1596 καὶ
1478 1556 1638 1610 ε’ποιήσε
1660 1553 1706 1607 (ἕξ

231 1626 361 1681 ἥμισυ
384 1623 560 1682 χρόνους
584 1621 819 1666 ὑποπίπτων
845 1625 912 1666 καὶ
943 1622 1305 1679 ἐξομολογούμενος
1332 1628 1390 1682 τῷ
1420 1626 1569 1682 κυρίῳ,
1603 1623 1742 1680 μήτεξε

234 1694 359 1751 ἄρτον
382 1693 524 1752 φαγών
540 1691 642 1748 μήτε
663 1691 770 1735 οῗνον
791 1691 907 1745 πιών,
949 1693 1042 1734 ἀλλ’
1066 1693 1107 1735 ἓν
1128 1693 1309 1749 ὀσπρίοις
1326 1697 1511 1750 βρεκτοῖς
1534 1695 1603 1736 καὶ
1628 1698 1702 1737 λα-

229 1762 372 1819 χάνοις
399 1764 547 1815 διαζῶν
577 1762 682 1805 κατὰ
712 1761 786 1817 τὴν
815 1766 887 1805 τοῦ
907 1760 1085 1818 μεγάλου
1111 1762 1272 1817 Δανιὴλ
1299 1762 1597 1819 προσλάλησιν,
1636 1766 1705 1807 καὶ

233 1833 305 1877 τὸν
322 1831 461 1891 κύριον
482 1830 753 1888 ε’ξιλεοῦμενος
773 1830 906 1876 πάντα
927 1832 997 1875 τὸν
1011 1829 1161 1889 χρόνον
1181 1836 1254 1888 τῆς
1275 1833 1378 1887 ζωῆς
1400 1833 1538 1877 αὐτοῦ.
1596 1833 1706 1888 μετὰ

234 2010 462 2058 pascerisque
483 2013 647 2056 tanquam
669 2011 733 2046 bos
756 2009 890 2055 herbis,
915 2014 1120 2058 septemque
1141 2022 1250 2046 annos
1274 2011 1363 2047 haec
1385 2010 1530 2046 mutatio
1554 2009 1706 2055 durabit,

235 2059 316 2092 dum
337 2057 452 2093 discas
476 2058 679 2093 altissimum
699 2057 737 2092 in
754 2069 863 2104 regna
882 2059 1056 2093 hominum
1076 2063 1284 2104 potestatem
1301 2059 1450 2101 habere3
1475 2057 1535 2104 qui
1549 2068 1707 2103 regnum,

235 2104 294 2139 cui
317 2104 414 2150 velit,
442 2104 519 2151 ipse
543 2101 749 2139 concedat.‘'
795 2111 833 2139 et
856 2117 899 2139 ea
920 2105 999 2150 ipsa
1022 2106 1107 2140 hora
1127 2105 1289 2151 impletus
1313 2110 1369 2140 est
1389 2105 1446 2139 hic
1469 2117 1595 2149 sermo,
1620 2116 1705 2138 exa-

233 2157 384 2196 ctusque
406 2152 451 2185 ab
482 2151 678 2186 hominibus
701 2151 740 2185 in
763 2151 1011 2187 solitudinibus
1042 2158 1078 2186 et
1103 2152 1277 2187 montibus
1306 2151 1459 2186 delituit.
1508 2163 1584 2186 nam
1608 2150 1707 2196 prior

235 2198 394 2244 corporis
422 2210 503 2243 pars
529 2210 604 2233 cum
628 2198 745 2244 capite
767 2198 805 2232 in
827 2199 941 2243 bovis,
966 2198 1142 2244 posterior
1167 2210 1242 2233 cum
1266 2199 1412 2244 pedibus
1435 2198 1473 2232 in
1494 2197 1606 2232 leonis
1630 2198 1707 2231 for-

234 2255 323 2278 mam
347 2245 521 2279 abierunt.
559 2245 771 2290 patefactum
795 2250 908 2279 autem
932 2251 987 2279 est
1009 2246 1112 2279 beato
1134 2245 1282 2280 Danielo
1305 2257 1382 2280 eum
1403 2249 1548 2290 propter
1568 2246 1706 2279 brutam

234 2290 451 2336 voluptatum
475 2291 702 2336 cupiditatem
723 2291 909 2337 cordisque
928 2292 1198 2327 obstinationem
1215 2292 1349 2327 Beliari
1371 2293 1435 2326 sub
1458 2291 1576 2336 iugum
1595 2290 1708 2325 instar

232 2337 336 2372 bovis
360 2338 545 2373 traditum:
569 2338 682 2372 leonis
705 2338 850 2372 formam
874 2339 1068 2383 tyrannicis
1103 2339 1289 2384 rapacibus
1325 2350 1367 2373 ac
1390 2338 1573 2372 ferissimis
1597 2337 1706 2371 mori-

233 2384 298 2418 bus
323 2384 504 2419 meruisse.
554 2385 686 2430 quippe
703 2390 955 2430 praepotentes
977 2385 1047 2419 tale
1072 2386 1203 2421 habent
1226 2385 1419 2430 exordium,
1445 2390 1481 2419 et
1503 2385 1540 2418 in
1562 2384 1632 2418 fine
1650 2384 1708 2418 fe-

231 2441 348 2465 rarum
373 2431 486 2466 instar
507 2432 650 2477 rapiunt
671 2432 860 2477 perdentes
885 2443 926 2465 ac
947 2438 1124 2467 necantes.
1172 2433 1203 2467 is
1228 2444 1313 2477 ergo
1338 2432 1440 2467 bovis
1461 2431 1575 2465 instar
1598 2430 1708 2464 herba

234 2488 274 2511 se
297 2478 417 2522 pavit,
454 2484 710 2523 creveruntque
733 2478 848 2512 crines
877 2478 973 2523 eius,
1010 2485 1045 2513 et
1075 2490 1208 2524 ungues
1234 2479 1351 2513 avium
1381 2477 1555 2523 unguibus
1576 2476 1707 2511 similes

228 2523 321 2557 -facti
345 2530 445 2568 sunt,
480 2524 736 2570 septennioque
768 2536 850 2559 caro
886 2524 961 2559 eius
995 2525 1194 2561 incrassata
1217 2531 1289 2571 est,
1324 2525 1510 2570 victusque
1531 2535 1608 2558 eum
1636 2528 1707 2558 tam

235 2570 358 2603 foedus
385 2571 602 2616 denigravit:
637 2572 818 2617 ademptus
855 2576 909 2606 est
940 2576 977 2605 et
1008 2572 1176 2608 sermonis
1206 2583 1311 2615 usus,
1348 2576 1384 2606 et
1408 2582 1525 2606 secum
1548 2569 1706 2615 cogitans

234 2614 448 2662 lacrimabat‚
474 2618 663 2664 flendoque
687 2618 779 2653 oculi
803 2618 879 2653 eius
903 2618 1015 2653 instar
1037 2620 1150 2654 carnis
1172 2618 1309 2654 redacti
1331 2622 1426 2653 sunt.
1473 2616 1571 2651 multi
1593 2622 1706 2651 autem

236 2672 312 2695 cum
337 2663 485 2709 exirent,
514 2676 590 2699 eum
616 2677 686 2699 non
710 2664 887 2709 viderunt,
910 2664 984 2699 solo
1002 2665 1151 2700 Danielo
1175 2669 1337 2710 excepto.
1361 2664 1392 2699 is
1418 2663 1510 2698 enim
1531 2667 1606 2698 toto
1630 2662 1708 2696 eius

235 2707 437 2743 mutationis
463 2716 621 2756 ternpore
643 2723 708 2758 pro
734 2712 813 2758 ipso
846 2713 1053 2757 deprecatus
1079 2713 1219 2747 assidue
1246 2711 1328 2746 fuit.
1375 2715 1498 2745 exacto
1521 2708 1707 2755 septennio

235 2754 563 2791 Nabuchodonosor
586 2759 630 2792 ad
656 2770 695 2793 se
718 2758 845 2804 rediit,
878 2769 1010 2802 sexque
1041 2759 1206 2805 deinceps
1231 2769 1340 2793 annos
1364 2761 1400 2792 et.
1423 2756 1506 2791 anni
1529 2755 1708 2790 semissem

236 2800 368 2853 exegit,
393 2801 458 2835 deo
482 2815 561 2838 sese
579 2804 813 2840 submittendo
840 2808 876 2840 et
898 2804 1027 2840 delicta
1049 2817 1114 2840 sua
1136 2805 1354 2846 confitend03
1378 2815 1494 2850 neque
1509 2802 1567 2837 vel
1583 2813 1708 2847 punem

234 2847 311 2880 edlt
330 2857 444 2892 neque
467 2849 584 2884 vinum
608 2851 718 2895 bibit,
755 2851 864 2888 vitam
886 2852 1089 2886 madefactis
1118 2851 1350 2898 leguminibus
1376 2855 1413 2884 et
1439 2849 1590 2885 oleribus
1617 2847 1709 2883 tole-

236 2904 319 2927 rans
332 2918 342 2938 ‚
365 2894 480 2939 magni
503 2895 644 2932 Danieli
667 2898 832 2946 hortatu,
853 2899 1026 2946 deumque
1047 2903 1123 2934 toto
1145 2899 1244 2935 vitae
1261 2908 1346 2934 suae
1368 2893 1707 2943 tempore'placuns.
