1742 3184
368 201 776 275 ῌῙὸΤΟΒΙᾼΒΠΜ
795 200 1206 247 commum.
1470 202 1532 249 13

26 341 113 368 rou
142 325 196 381 τῇ
223 319 330 380 αἰτῇ
351 318 487 381 ἡμέρα
502 323 579 376 τῆς
600 316 790 370 πλάσεως
810 317 961 372 αῧτοῦ,
996 318 1103 376 λέγει
1126 317 1200 362 τὸν
1217 311 1355 374 Ἀδὰμ
1383 318 1533 375 ἐκβλη-

46 398 177 450 θῆναι
192 396 269 436 τοῦ
284 392 537 450 παραδείσου
553 391 623 433 καὶ
640 390 717 446 τὴν
732 389 870 433 Εὕαν·
897 383 934 450 ᾧ
952 390 1021 432 καὶ
1038 388 1157 445 ἧμεΐς
1176 387 1430 444 πειθόμεθα.
1465 391 1536 433 καὶ

49 465 98 509 οὗ
115 463 201 522 χρὴ
222 464 352 519 ζητεῖν
370 461 596 519 περαιτέρω
619 460 674 504 τὰ
693 465 746 518 τῇ
765 458 1028 520 θεοπνεύστῳ
1051 463 1196 519 γραφῇ
1216 457 1297 502 ὖπὸ
1321 465 1395 504 τοῦ
1417 458 1536 517 ἁγίου

48 533 282 589 πνεύματος
311 531 577 589 σεσιγημένα,
608 533 678 574 ἵνα
694 530 755 587 μὴ
776 530 867 575 ἀντὶ
884 531 1058 590 κέρδους
1075 534 1229 590 μικροῦ
1244 528 1426 588 μεγάλην
1448 531 1539 574 ἐπι-

15 601 310 660 5σπασώμεθα
331 604 493 659 ζημίαν.

190 673 254 717 Τὸ
273 674 319 716 δὲ
338 673 550 731 εἰρημένον
570 671 635 716 ὅτι
649 669 784 726 Ἀδὰμ
801 670 962 728 γέγονεν
982 669 1041 723 ὧς
1064 668 1122 723 εἷς
1142 670 1186 724 ἔξ
1206 669 1326 727 ἡμῶν
1336 703 1351 724 ,
1386 669 1463 726 οὗχ
1486 668 1544 722 ὥς

51 745 111 789 δι’
149 744 364 795 ἀπειθείας
393 744 459 786 ἐπὶ
489 744 635 786 κακίαν
664 739 977 802 προκόψαντος,
1014 742 1125 785 ἀλλὰ
1157 741 1229 786 διὰ
1261 742 1308 785 τὸ
1342 742 1544 799 εἷρηκέναι

45 814 173 859 “xat'
213 812 348 858 εἰκόνα
368 817 487 865 ,θεοῦ
514 814 699 868 ἐποίησεν
731 810 894 856 mimir?
967 812 1075 855 ἀλλὰ
1100 810 1160 869 μή
1183 830 1246 864 τις
1266 809 1458 870 ὑπολάβῃ
1480 810 1545 855 ὅτι

51 886 99 930 τὸ
117 883 243 938 ξύλον
257 881 451 940 τοιαύτης
468 878 520 940 ἦν
538 881 704 942 φύσεως
722 881 780 934 ὥς
796 887 947 940 γνῶσιν
960 884 1153 943 παρέχειν
1167 886 1300 927 καλοῦ
1316 884 1384 926 καὶ
1402 886 1546 925 κακοῧ.

0 956 103 1005 1002'1
125 955 206 1013 γὰρ
222 949 275 1011 ἦν
291 972 332 998 τι
350 953 559 1013 βλαβερὸν
579 948 626 997 ἐν’
641 955 878 1013 παραδείσῳ
888 986 902 1007 ,
939 951 1037 1012 ὅρος
1055 955 1100 997 δὲ
1117 954 1241 1010 ἐτέθη
1263 955 1327 997 ἐπὶ
1347 957 1407 1013 τῷ
1426 956 1544 1012 φυτῷ

53 1027 158 1085 πρὸς
181 1026 411 1083 γυμνασίαν
437 1029 513 1080 τῆς
537 1023 884 1082 ἐλευθεριότητος.
954 1026 1023 1067 καὶ
1042 1022 1105 1067 ὅτι
1125 1023 1174 1068 οὗ
1198 1024 1245 1068 τὸ
1269 1023 1390 1077 ξύλον
1410 1023 1541 1066 αἴτιον
1562 1030 1596 1066 D

53 1094 241 1155 γνώσεως
259 1100 320 1155 τῷ
336 1094 472 1151 Ἀδὰμ
502 1095 663 1153 γέγονε,
699 1096 846 1151 δῆλον·
880 1092 909 1150 ἦ
934 1093 1015 1153 γὰρ
1038 1094 1182 1151 ἐντολὴ
1205 1093 1263 1146 ὥς
1281 1094 1387 1152 πρὸς
1407 1092 1547 1137 εἷδότα

55 1167 185 1226 ἄμφω
205 1164 360 1222 ἐδόθη,
395 1163 443 1209 τό
470 1182 513 1209 τε
542 1165 669 1208 καλὸν
687 1167 755 1208 καὶ
777 1162 981 1222 πονηρόν,
1014 1164 1090 1220 τήν
1110 1183 1154 1208 τε
1170 1162 1357 1221 ὗπακοὴν
1380 1166 1449 1207 καὶ
1470 1164 1548 1220 τὴν

54 1235 292 1296 παρακοήν,
325 1235 429 1280 ὥστε
461 1233 490 1291 ἦ
526 1240 676 1292 γνῶσις
707 1234 918 1293 προῦλαβε
948 1235 1023 1291 τὴν
1051 1234 1228 1291 ἐντολήν.
1299 1236 1464 1279 δέδοται
1501 1234 1547 1277 δὲ

2 1317 46 1355 15
58 1308 163 1364 αὕτη
190 1307 261 1351 διὰ
286 1305 360 1359 τό,
396 1304 453 1357 ὥς
481 1305 661 1363 εἴρηται,
698 1306 946 1364 αὗτεξουσίῳ
969 1303 1203 1362 βουλήματι
1225 1303 1460 1360 κινούμενον
1477 1304 1551 1348 τὸν

56 1379 304 1436 ἄνθρωπον,
340 1376 407 1419 ἐπ’
435 1375 575 1426 ἀδείας
594 1393 639 1418 τε
663 1374 808 1429 ἔχοντα
832 1374 914 1418 ἀπὸ
935 1373 1102 1418 πάντων
1122 1375 1453 1431 μεταλαμβάνειν
1469 1380 1553 1419 τῶν

57 1448 196 1493 ἄλλων
217 1448 422 1503 δένδρων,
458 1443 548 1494 ἕνὸς
572 1446 617 1487 δὲ
640 1443 771 1498 μόνου
793 1442 910 1504 νόμῳ
933 1444 1287 1504 προσταττόμενον
1307 1446 1551 1501 ἀπέχεσθαι,

58 1521 127 1563 καὶ
145 1515 355 1576 γινώσκειν
373 1512 431 1565 ὦς
445 1511 527 1556 ὖπὸ
548 1512 751 1570 δεσπότην
770 1515 855 1557 ἐστὶ
873 1514 947 1557 τόν
963 1518 1031 1558 καὶ
1051 1515 1127 1571 τὴν
1146 1516 1314 1572 ἐντολὴν
1333 1515 1555 1560 δεδωκότα.

56 1589 104 1634 τὸ
138 1589 184 1632 δὲ
210 1585 540 1643 “διηνοι’χθησαν
561 1585 697 1628 αὐτῶν
720 1585 758 1628 οἱ
783 1584 1032 1643 &maalmam
1070 1585 1147 1641 οὐχ
1178 1584 1235 1638 ὡς
1255 1584 1346 1630 τότε
1365 1585 1557 1642 βλεψάν-

1 1670 142 1707 mrum
178 1662 263 1702 τῶν
304 1653 640 1714 πρωτοπλάστων
677 1654 833 1714 εἷ’ρηται
868 1656 1126 1711 (δείκνυνται
1157 1657 1238 1715 γὰρ
1267 1658 1338 1699 καὶ
1368 1656 1449 1714 πρὸ
1479 1662 1554 1712 τῆς
1575 1667 1604 1702 Ρ
1629 1668 1654 1703 7

58 1728 256 1787 βρώσεως
273 1725 447 1786 ὁρῶντες
466 1726 511 1769 ἐκ
526 1730 600 1769 τοῦ
622 1726 816 1782 λέγεσθαι
845 1723 945 1768 ακαὶ
978 1724 1080 1769 εἶδεν
1100 1724 1129 1782 ἦ
1150 1726 1252 1783 γυνὴ
1274 1725 1336 1770 ὅτι
1358 1727 1484 1770 καλὸν
1505 1728 1553 1771 τὺ

60 1799 186 1853 ξύλον
215 1801 273 1849 εἷς
297 1801 456 1855 βρῶσιν
482 1797 549 1839 καὶ
582 1795 645 1839 ὅτι
680 1794 853 1854 ἀρεστόν
872 1797 957 1840 ε’στι
979 1803 1066 1848 τοῖς
1085 1796 1326 1855 ὀφθαλμοῖς
1361 1797 1493 1840 ἲδεῖν”
1508 1800 1554 1854 )·

61 1871 157 1914 ἀλλ’
184 1867 242 1920 ὥς
263 1868 310 1912 τὸ
334 1864 605 1925 ἀπειρόκακον
625 1866 894 1922 ἀποθεμένων
917 1867 987 1910 διὰ
1007 1866 1309 1927 παραβάσεως,
1345 1867 1370 1912 ὃ
1391 1869 1460 1912 καὶ
1480 1868 1555 1925 τὴν

62 2003 306 2052 septimanae,
338 2001 407 2037 hoc
430 2004 487 2036 est
509 2000 568 2036 die
591 2000 784 2037 effictionis
806 2000 953 2047 Adami,
982 2002 1076 2038 hunc
1099 2006 1136 2038 et
1157 2004 1273 2039 Evam
1291 2002 1459 2051 paradiso
1478 2002 1555 2039 eie-

62 2059 140 2088 ctos
162 2050 228 2086 ait.
275 2048 334 2084 cui
368 2055 407 2084 et
439 2060 505 2084 nos
537 2049 641 2084 fidem
676 2049 863 2093 habemus,
900 2061 1016 2096 neque
1047 2050 1194 2086 ulterius
1228 2051 1441 2097 inquirenda
1472 2054 1556 2086 sunt

62 2111 155 2145 quae
177 2095 325 2143 spiritus
347 2102 492 2131 sanctus
515 2096 554 2130 in
576 2096 748 2131 divinitus
772 2097 955 2142 inspiratis
979 2097 1094 2133 literis
1114 2098 1277 2143 reticuit,
1312 2110 1359 2134 ne
1375 2098 1455 2133 loco
1477 2098 1555 2133 exi-

63 2145 126 2193 gui
146 2144 238 2180 lucri
258 2155 422 2188 magnum
445 2143 548 2178 nobis
571 2155 793 2178 accersamus
817 2144 994 2179 damnum.

151 2191 265 2236 ,Quod
282 2197 400 2225 antem
418 2189 549 2225 dictum
569 2196 625 2226 est
646 2187 823 2226 “Adamas
843 2192 960 2226 sactus
982 2196 1038 2227 est
1056 2197 1222 2239 tanquam
1243 2203 1334 2228 unus
1354 2205 1399 2228 ex
1416 2188 1560 2237 nobis,’'

62 2251 135 2275 non
160 2251 204 2274 eo
230 2238 457 2272 referendum
481 2243 537 2272 eet
583 2238 654 2273 uod
677 2250 744 2284 per
771 2238 1046 2274 inobedientiam
1078 2239 1117 2274 in
1147 2240 1272 2275 vitium
1302 2240 1456 2284 excidit,
1491 2239 1557 2275 sed

61 2287 111 2323 ad
132 2286 172 2321 id
193 2286 289 2331 quod
311 2285 443 2320 dictum
464 2284 535 2320 fuit
555 2281 564 2295 ‘
580 2284 626 2319 ad
642 2284 828 2331 imaginem
853 2286 913 2321 dei
934 2286 1094 2321 condidit
1114 2284 1230 2322 eum.”
1277 2298 1392 2331 neque
1416 2286 1557 2334 opinari

64 2333 251 2379 quisquam
273 2332 381 2367 debet
397 2331 528 2378 lignum
547 2332 623 2367 eius
642 2333 755 2368 fuisse
773 2340 923 2369 naturae
940 2339 980 2369 ut
997 2334 1082 2368 boni
1100 2334 1254 2380 malique
1271 2333 1431 2368 notitiam
1451 2345 1559 2380 prae-

63 2382 190 2417 beret:
213 2378 303 2414 nihil
325 2379 419 2414 enim
438 2379 476 2414 in
496 2379 661 2426 paradiso
687 2386 766 2415 erat
788 2380 944 2416 noxium.
993 2381 1057 2415 sed
1082 2380 1170 2416 haec
1192 2382 1300 2416 arbor
1320 2381 1463 2416 termini
1481 2380 1561 2416 loco

64 2432 200 2464 statuta
226 2431 304 2471 est,
338 2431 380 2461 ut
408 2433 505 2461 esset
524 2426 701 2462 libertatis
726 2429 948 2463 exercendae
971 2428 1153 2463 materies.
1200 2440 1243 2463 ac
1264 2428 1379 2474 liquet
1399 2428 1563 2463 arborem

63 2475 200 2511 Adamo
224 2485 296 2508 non
320 2473 433 2508 fuisse
457 2484 599 2509 eausam
624 2474 837 2520 cognitionis
850 2502 860 2520 ,
897 2476 1038 2522 quando
1073 2481 1300 2521 praeceptum
1331 2475 1367 2510 ei
1395 2480 1563 2521 tanquam

64 2522 253 2568 utrimque
275 2520 479 2566 cognitione
504 2521 665 2568 praedito
689 2521 808 2557 datum
832 2530 908 2567 est,
949 2522 1035 2557 boni
1055 2522 1198 2568 inquam
1222 2528 1260 2557 et
1282 2522 1365 2557 mali
1387 2522 1560 2557 obedien-

65 2568 140 2604 tiae
170 2574 209 2603 et
237 2568 492 2603 contumaciae.
539 2568 661 2615 itaque
692 2569 849 2615 cognitio
883 2575 1114 2616 praeceptum
1144 2575 1352 2615 antegressa
1375 2575 1444 2605 est.
1492 2569 1562 2604 hoc

67 2623 185 2651 antem
217 2615 336 2650 datum
368 2620 447 2659 est,
492 2619 554 2660 ut,
588 2617 877 2662 quemadmodum
908 2616 1081 2661 diximus,
1115 2616 1317 2662 voluntate,
1350 2615 1452 2652 cuius
1481 2616 1563 2663 ipse

93 2666 279 2698 otestatem
299 2661 497 2706 obtineret,
530 2669 645 2698 motus
669 2663 794 2708 homo,
818 2664 991 2710 permisso
1016 2663 1050 2697 ei
1074 2668 1114 2698 ut
1134 2663 1309 2700 fructibus
1330 2664 1481 2699 omnium
1498 2675 1561 2698 re-

66 2709 459 2802 ssssffisseffkss‘ssfflb
472 2715 1136 2794 *ffssffiffiffifixssaffifflfflsse
1149 2710 1561 2794 '233⁰‘223P5333

66 2800 207 2849 “aperti
229 2809 314 2838 sunt
335 2816 456 2839 eorum
481 2801 598 2839 oculi”
620 2816 691 2840 non
714 2806 880 2841 dicuntur
903 2804 1007 2849 quasi
1028 2810 1101 2839 tum
1123 2806 1262 2841 demum
1281 2806 1408 2840 videre
1426 2816 1558 2850 coepe-

67 2851 142 2886 rint
171 2852 277 2894 (nam
305 2851 385 2886 visu
411 2852 568 2898 praediti
596 2852 703 2887 etiam
733 2859 816 2888 aute
843 2863 939 2887 esum
966 2851 1251 2888 demonstrantur
1276 2865 1321 2888 ex
1350 2851 1406 2887 his
1435 2852 1559 2886 verbis

67 2893 255 2944 “viditque
283 2898 410 2934 mulier
440 2901 603 2934 arborem
629 2905 666 2934 et
689 2900 735 2935 ad
758 2911 856 2935 esum
890 2900 1103 2936 commodam
1126 2905 1164 2935 et
1184 2906 1330 2946 aspectu
1358 2895 1558 2953 gratam”),

3 2984 7 2987 ,
68 2945 133 2981 sed
153 2957 197 2981 eo
218 2945 423 2994 pertinent,
458 2948 555 2994 quod
573 2959 616 2983 eo
633 2947 763 2983 delicto
782 2948 894 2983 omnis
916 2946 1000 2983 mali
1022 2947 1300 2995 ignorationem,
1336 2958 1430 2994 qnae
1450 2945 1557 2982 umh-
