1742 3184
203 220 268 267 88
689 217 842 263 GEOR
849 215 931 262 GII
960 213 1206 260 CEDRENI

205 334 421 396 φλυκτίδες
441 334 508 377 καὶ
530 331 647 389 ἕλκη,
676 332 921 390 Δεκεμβρίῳ
938 329 1127 387 χάλαζα,
1157 329 1395 387 Ἰανουαρίῳ
1422 326 1537 387 ἀκρίς
1546 328 1570 381 ,4
1598 330 1683 370 Φε-

203 405 415 464 βρουαρίῳ
442 401 586 454 σκότος
616 401 772 462 ἡμέρας
794 408 923 458 τρεῖς,
959 401 1141 459 Μαρτίῳ
1165 399 1214 444 τὰ
1236 396 1491 456 πρωτότοκα.
1558 402 1608 455 τῇ
1631 395 1682 440 ιδ’

205 474 352 519 τούτου
375 477 449 517 τοῦ
471 473 599 528 μηνὸς
621 471 912 522 σκυλεύσαντες
931 470 1026 522 τοὺς
1047 471 1299 527 Αἷγυπτίους
1318 470 1517 524 ἐξῆλθον,
1552 484 1682 524 προσ-

152 555 184 593 c
210 544 320 596 τάξει
352 547 455 586 θεοῦ
486 546 606 586 τοῦτο
638 539 912 597 πεποιηκότες.
993 541 1097 595 μετὰ
1132 540 1177 583 δὲ
1206 538 1280 594 τὴν
1314 538 1455 590 ἔξοδον
1481 537 1628 594 Ἴοθὸρ
1661 534 1683 580 ὃ

206 613 405 671 πενθερὸς
425 613 661 664 Μωϋσέως,
696 611 836 666 λαβὼν
854 608 1076 668 Σεπφόραν
1097 609 1171 665 τὴν
1189 614 1360 666 γυναῖκα
1379 608 1597 658 ΖΠωϋσὲως
1615 608 1682 649 καὶ
1695 612 1718 649 5

205 683 303 735 τοὺς
333 682 408 726 δύο
438 683 553 733 υἱοὺς
582 682 730 733 αὐτοῦ,
767 681 965 734 κατέλαβε
986 680 1089 737 πρὸς
1113 682 1303 734 Μωϋσῆν
1326 680 1368 720 ἓν
1389 683 1438 736 τῇ
1465 675 1603 735 ἐρήμῳ
1628 676 1685 719 ἔτι

206 757 463 808 πολεμοῦντα
490 751 560 794 τὸν
588 749 785 806 Ἀμαλήκ.
854 751 921 793 καὶ
946 750 987 792 ἓν
1009 753 1067 808 τῷ
1088 751 1209 807 τρίτῳ
1229 750 1324 804 μηνὶ
1346 752 1419 803 τῆς
1439 746 1581 799 ἐξόδου
1604 750 1686 790 τῶν

205 823 306 865 υἱῶν
323 821 496 878 Ἰσραὴλ
513 821 564 863 τὰ
587 821 628 862 ἐν
643 825 702 878 τῷ
722 820 873 878 Σιναίῳ
896 818 980 877 ι’)’ρει
1002 823 1299 874 νομοθετεῖται,
1330 819 1398 861 καὶ
1421 815 1447 874 ἡ
1468 815 1688 873 δεκάλογος

230 894 366 934 ἰ’δοται
388 893 559 947 Μωυσῇ
582 891 650 932 καὶ
673 889 833 948 Ἀαρὼν
856 891 924 932 καὶ
956 891 1076 932 παντὶ
1097 894 1156 948 τῷ
1179 893 1278 947 λαῷ.
1350 890 1418 930 καὶ
1441 887 1545 942 μετὰ
1565 891 1684 929 τοῦτο

207 959 330 1004 πάλιν
358 958 558 1003 κελεύεται
586 958 666 1002 ὑπὸ
698 965 772 1003 τοῦ
798 963 901 1001 θεοῦ
924 962 1116 1015 Μωϋσῆς
1145 959 1249 1013 μετὰ
1275 958 1419 1013 Ἰησοῦ
1439 957 1626 1000 ἀνελθεῖν
1643 956 1685 998 ἐν
1698 961 1742 996 10

206 1035 265 1089 τῷ
292 1029 376 1087 ὄρει
407 1031 474 1072 καὶ
500 1033 638 1084 λαβεῖν
663 1029 716 1073 τὰ
745 1030 867 1080 πυξία
887 1029 1166 1087 γεγραμμένα,
1212 1027 1240 1071 ἃ
1263 1028 1637 1085 προενομοθέτησεν
1663 1023 1684 1069 ὃ

206 1099 321 1151 θεός.
389 1097 480 1142 τότε
511 1101 581 1141 καὶ
606 1099 677 1142 τὸν
698 1098 825 1142 τύπον
847 1103 919 1154 τῆς
942 1103 1091 1154 σκηνῆς
1112 1103 1268 1156 θεωρεῖ
1285 1100 1352 1140 καὶ
1377 1098 1430 1140 τὰ
1451 1099 1540 1155 περὶ
1560 1096 1687 1151 αὐτὴν

206 1168 354 1212 πάντα.
390 1175 631 1223 μοσχοποιεΐ
650 1169 694 1212 δὲ
715 1167 736 1211 ὅ
758 1166 878 1221 λαός,
912 1170 980 1211 καὶ
1000 1170 1204 1226 συντρίβει
1224 1170 1417 1223 Μωῦσῆς
1438 1167 1513 1218 τὰς
1535 1171 1689 1224 θεουρ-

155 1246 188 1282 D
212 1240 410 1296 γηθείσας
440 1237 611 1289 πλάκας.
682 1237 768 1282 εἶτα
803 1236 925 1280 πάλιν
961 1237 1162 1281 κελεύεται
1202 1241 1394 1290 λαξεῦσαι
1428 1232 1588 1287 πλάκας
1621 1237 1689 1278 καὶ

210 1308 398 1351 ἀνελθεῖν
428 1308 469 1350 ἓν
502 1312 561 1366 τῷ
594 1307 691 1365 ὄρει.
762 1309 829 1350 καὶ
860 1308 950 1350 ἰδοὺ
980 1306 1006 1363 ῆ
1037 1307 1255 1364 δεκάλογος
1282 1306 1395 1364 παρὰ
1420 1311 1524 1350 θεοῦ
1552 1308 1686 1363 τρίτον
1699 1311 1742 1350 15

210 1378 499 1438 παραδέδοται,
529 1382 689 1433 πρῶτον
711 1379 773 1420 ἐπὶ
794 1381 868 1420 τοῦ
888 1376 1010 1434 ὅρους
1029 1380 1145 1430 Σινᾶ,
1179 1375 1297 1432 ῆνίκα
1321 1377 1363 1419 αἱ
1386 1375 1602 1433 σάλπιγγες
1620 1377 1688 1418 καὶ

208 1444 231 1490 ὃ
253 1446 424 1504 γνόφος,
462 1445 648 1504 δεύτερον
671 1445 790 1503 ῆνίκα
811 1447 857 1490 τὸ
882 1445 1116 1504 παράδοξον
1140 1451 1212 1503 τῆς
1243 1451 1393 1502 σκηνῆς
1418 1448 1485 1489 καὶ
1515 1446 1567 1489 τὰ
1598 1448 1688 1504 περὶ

209 1515 284 1571 τὴν
306 1514 467 1571 σκηνήν,
503 1517 638 1572 τρίτον
658 1516 761 1571 μετὰ
783 1517 859 1572 τὴν
879 1518 1160 1571 μοσχοποιιάν.
1231 1518 1299 1559 καὶ
1326 1514 1416 1559 τότε
1437 1515 1516 1574 γὰρ
1540 1533 1689 1559 τεσσα-

211 1584 389 1642 ράκοντα
419 1583 577 1642 ἡμέρας
609 1587 813 1642 διέτριψεν
842 1586 883 1628 ἐν
915 1590 972 1643 τῷ
1004 1585 1111 1643 ὄρει,
1169 1585 1295 1643 ἄρτον
1321 1586 1380 1641 μὴ
1411 1586 1555 1644 φαγὼν
1584 1586 1689 1641 μηδὲ

209 1654 324 1712 ὕδωρ
351 1652 474 1697 πιών·
523 1654 627 1697 ἀλλὰ
660 1657 727 1698 καὶ
749 1653 776 1711 ἦ
798 1653 899 1706 δόξα
919 1659 992 1698 τοῦ
1013 1654 1234 1714 προσώπου
1259 1655 1384 1699 αὐτοῦ
1405 1653 1496 1699 τότε
1518 1656 1688 1711 ἕξέλαμ-
1699 1660 1742 1696 20

212 1737 292 1779 ψεν
310 1726 367 1774 εἷς
384 1722 454 1765 τὸν
473 1721 585 1766 λαόν.

349 1793 435 1834 Καὶ
463 1794 505 1834 ἐν
538 1798 597 1852 τῷ
628 1790 827 1851 ἑνδεκάτῳ
850 1790 926 1835 ἔτει
948 1797 1021 1849 τῆς
1039 1791 1180 1845 ἐξόδου
1201 1798 1283 1837 τῶν
1307 1794 1406 1837 υἱῶν
1421 1793 1598 1852 Ἰσραὴλ
1621 1812 1689 1837 κε-

212 1863 399 1912 λευσθεὶς
430 1864 622 1918 Μωϋσῆς
661 1864 938 1921 ἐξαριθμῆσαι
970 1862 1040 1907 τὸν
1080 1864 1180 1906 λαὸν
1213 1863 1293 1906 ἀπὸ
1333 1867 1587 1915 εῗκοσαετοῦς
1621 1866 1690 1907 καὶ

93 1939 123 1974 Ρ
148 1939 194 1976 50
217 1929 351 1975 ἐπάνω
369 1931 465 1983 τοὺς
484 1931 725 1984 ἐξελθόντας
740 1935 783 1984 ἐξ
803 1931 1033 1990 Αἰγύπτου,
1063 1936 1192 1992 χωρὶς
1208 1939 1410 1991 γυναικῶν
1430 1935 1604 1977 παιδίων
1622 1936 1690 1977 καὶ

215 2085 363 2132 grando,
388 2085 552 2122 Ianuario
574 2085 743 2131 locustae,
765 2086 964 2122 Februario
985 2086 1170 2123 triduanae
1193 2088 1379 2133 tenebrae,
1403 2087 1535 2123 Martio
1559 2088 1690 2134 primo-

214 2133 412 2179 genitorum
435 2133 612 2169 interitus.
647 2133 704 2168 die
727 2133 852 2168 Martii
873 2134 1007 2168 decimo
1032 2141 1157 2180 quarto
1181 2135 1390 2180 depraedati
1413 2134 1512 2170 iussu
1538 2135 1597 2171 dei
1619 2135 1690 2169 Ae-

214 2179 358 2226 gyptios
380 2181 503 2215 Iudaei
527 2180 726 2216 exiverunt.
774 2185 855 2226 post
884 2181 1014 2215 exitum
1039 2193 1083 2215 ex
1105 2182 1269 2228 Aegypto
1294 2182 1417 2217 Iothor
1439 2182 1691 2227 Musis-socer,

214 2232 394 2272 assumpta
417 2227 603 2273 Sepphora
623 2226 737 2261 Mosis
762 2238 871 2262 uxore
895 2227 1042 2272 eiusque
1067 2228 1202 2263 duobus
1226 2228 1321 2273 filiis,
1347 2229 1391 2263 ad
1409 2228 1545 2264 Mosam
1570 2229 1607 2263 in
1631 2240 1690 2262 so-v

214 2272 394 2308 litudinem
417 2273 593 2320 pervenit,
618 2274 731 2308 adhuc
752 2285 827 2307 cum
851 2273 1013 2308 Amaleco
1037 2275 1165 2309 bellum
1186 2281 1380 2320 gerentem.
1404 2275 1513 2310 tertio
1531 2276 1575 2310 ab
1595 2274 1692 2310 exitu

216 2331 335 2354 mense
357 2320 415 2354 lex
433 2320 470 2355 in
495 2326 611 2355 monte
629 2320 731 2354 Sinai
755 2320 846 2366 lata,
883 2321 1074 2366 decemque
1102 2328 1292 2367 praecepta
1315 2321 1408 2356 Mosi
1431 2322 1564 2356 Aaroni
1585 2327 1692 2367 atque

216 2366 381 2401 universo
401 2366 529 2413 populo
552 2368 634 2401 data
652 2372 746 2402 sunt.
771 2367 961 2402 secundum
978 2367 1045 2402 hoc
1064 2379 1185 2403 rursus
1206 2369 1328 2403 Moses
1350 2368 1492 2403 iubetur
1514 2374 1693 2414 assumpto

216 2412 322 2447 Iosua
351 2419 501 2448 montem
531 2414 785 2458 conscendere,
820 2413 1028 2459 tabulasque
1051 2414 1213 2460 accipere
1238 2415 1274 2450 in
1299 2415 1425 2461 quibus
1448 2414 1505 2449 lex
1527 2415 1587 2450 dei
1609 2426 1693 2460 per-

217 2459 351 2504 scripta
379 2465 467 2495 erat.
517 2461 639 2495 eodem
669 2464 830 2505 tempore
855 2460 1033 2507 exemplar
1057 2472 1197 2507 quoque
1220 2461 1438 2496 tabernaculi
1461 2461 1572 2505 vidit,
1607 2460 1693 2495 reli-

219 2515 358 2550 quaque
388 2506 471 2541 item
506 2507 622 2542 omnia
654 2518 744 2552 quae
777 2507 822 2542 ad
854 2506 892 2541 id
923 2507 1162 2552 pertinebant.
1210 2508 1351 2543 interim
1375 2507 1525 2554 populus
1547 2508 1695 2542 vitulum

219 2552 368 2586 fecerat.
414 2553 535 2588 Moses
556 2565 578 2588 a
603 2555 670 2588 deo
692 2555 807 2588 factas
827 2554 967 2588 tabulas
987 2554 1189 2599 confringit,
1213 2555 1382 2600 iubetque
1403 2554 1490 2588 alias
1514 2565 1559 2588 ex
1579 2554 1697 2600 lapide

220 2598 398 2642 excidere,
420 2605 456 2633 et
480 2606 630 2635 montem
656 2600 905 2635 conscendere.
954 2605 1059 2647 atque
1083 2613 1178 2646 ecce,
1203 2602 1346 2637 tertium
1370 2600 1557 2645 decalogus
1583 2613 1604 2636 a
1628 2602 1694 2635 deo

220 2643 384 2697 treditun
411 2645 557 2690 primum
579 2647 616 2681 in
640 2653 757 2681 monte
779 2646 892 2690 Sinai,
919 2647 981 2681 ubi
999 2648 1106 2682 tubae
1133 2654 1169 2683 et
1192 2648 1317 2694 caligo,
1340 2647 1508 2692 secundo,
1533 2659 1610 2682 cum
1629 2647 1694 2681 ad-

216 2689 389 2724 mlrabilis
413 2703 540 2726 scenae
564 2699 601 2727 et
623 2694 668 2728 ad
689 2695 727 2729 id
750 2693 999 2739 pertinentium
1022 2694 1136 2729 visum
1158 2695 1252 2730 Mosi
1283 2700 1340 2730 est
1371 2693 1542 2738 oblatum,
1586 2693 1694 2728 tertio

224 2740 307 2780 post
331 2737 483 2772 effictum
506 2738 672 2773 vitulum:
705 2752 784 2775 nam
819 2748 855 2777 et
885 2745 968 2775 tunc
998 2741 1119 2775 Moses
1151 2742 1386 2787 quadraginta
1415 2740 1491 2774 dies
1520 2741 1558 2774 in
1582 2745 1699 2774 monte

224 2788 455 2817 commotatus
476 2790 553 2828 est,
580 2786 631 2820 ita
651 2791 691 2820 ut
712 2798 827 2832 neque
848 2798 973 2833 panem
997 2788 1117 2822 ederet
1141 2799 1256 2834 neque
1281 2798 1408 2834 aquam
1430 2787 1582 2822 biberet.
1631 2787 1697 2821 sed

224 2831 260 2863 et
283 2828 450 2874 splendor
465 2830 572 2865 faciei
591 2832 666 2866 eius
683 2838 767 2867 tunc
785 2834 830 2868 ad
850 2833 1015 2880 populum
1036 2834 1182 2869 effulsit.
1441 2847 1445 2851 ’

315 2875 509 2910 Undecimo
533 2889 623 2911 anno
648 2879 692 2913 ab
717 2879 814 2914 exitu
834 2881 879 2915 de
899 2880 1076 2927 Aegypto,
1100 2880 1221 2915 Moses
1242 2879 1359 2914 iussus
1378 2890 1557 2914 numerum
1574 2878 1699 2924 populi

223 2920 336 2967 inire,
371 2933 392 2957 a
425 2922 553 2969 viginti
583 2935 691 2959 annos
725 2932 808 2961 nato
837 2932 875 2962 et
899 2926 1046 2974 amplius
1070 2927 1131 2974 qui
1157 2926 1291 2973 egressi
1315 2931 1436 2961 essent
1456 2937 1500 2961 ex
1517 2925 1697 2973 Aegypto,
