1742 3184
192 194 295 242 760
675 195 916 245 GEORGII
942 193 1189 240 GEDRENI

193 312 315 366 ἔστιν,
352 311 400 356 οὖ
417 311 499 370 χρὴ
520 312 566 356 δὲ
584 314 906 370 προσκυνεῖσθαι
922 309 969 353 τὸ
987 308 1107 362 ξύλον
1127 308 1183 362 ὥς
1202 309 1527 368 κε’κατηραμένον
1545 309 1672 369 ὄργα-

192 398 275 426 νον.
343 381 440 433 τοὺς
463 379 750 440 ὃὲ.προφήτας
772 381 840 423 καὶ
869 379 1037 431 λοιποὺς
1064 378 1204 438 ἁγίους
1228 378 1546 436 ἀποβάλλονται.
1615 380 1674 423 ἴτε

193 453 238 495 δὲ
266 452 337 495 τὸν
366 451 481 510 ἅγιον
508 452 685 508 Πέτρον,
719 449 790 493 τὸν
813 450 942 507 μέγαν
967 447 1325 509 πρωταπόστολον,
1370 450 1493 493 πλέον
1510 447 1674 493 πάντων

192 525 261 565 καὶ
288 524 551 580 δυσφημοῦσι
582 521 649 563 καὶ
679 518 1030 579 ἀποστρέφονται,
1083 520 1127 572 ἐξ
1162 518 1298 563 αὐτῶν
1326 519 1484 576 μηδένα
1514 520 1606 563 τινὰ
1631 521 1673 562 ἐν

189 592 302 649 μέρει
332 595 414 635 τῶν
446 589 684 645 σωζομένων
714 587 813 633 εἶναι
845 590 1040 646 λέγοντες.
1110 588 1339 646 καθολικὴν
1373 590 1586 646 ἐκκλησίαν
1619 589 1705 634 τάὅ

141 670 172 706 C
196 659 352 704 ἑαυτῶν
374 661 588 718 συνέδρια,
632 658 736 717 πρὸς
761 657 873 715 ἦμᾶς
899 659 942 702 ἓν
970 663 1023 718 τῇ
1052 658 1276 720 ἀλληγορία
1308 658 1444 703 αὐτῶν
1469 660 1673 716 λέγοντες·

190 730 294 788 πρὸς
315 729 485 781 ἑαυτοὺς
504 729 583 787 γὰρ
603 728 745 772 ἐκεῖνοι
766 728 999 788 προσευχὰς
1020 728 1126 772 αὐτὰ
1148 730 1324 786 λέγουσι.
1392 726 1608 785 βάπτισμα
1628 730 1675 773 δὲ

190 800 244 845 τὰ
277 799 443 858 ῥήματα
470 803 544 842 τοῦ
572 799 819 856 εὐαγγελίου,
864 797 1010 850 καθώς
1032 815 1158 857 φησιν
1179 796 1202 842 ὅ
1224 795 1365 857 κύριος
1392 796 1503 856 “ἒγώ
1523 802 1605 854 εἶμι
1624 799 1671 842 τὸ

189 868 306 927 ’ὕδωρ
326 868 372 912 τὸ
396 868 518 922 ζῶν.”
589 872 721 911 ταῦτα
741 866 899 921 πάντα,
934 870 1003 912 καὶ
1024 870 1148 912 πλείω
1165 865 1334 922 τούτων,
1370 867 1436 912 ὅτε
1455 873 1673 928 φωραθῶὸ

189 955 268 991 σιν,
304 939 612 996 ἀλληγοροῦσιν.
681 938 786 982 ἀλλὰ
813 938 896 997 χρὴ
927 943 1127 993 νουνεχῶς
1146 941 1215 982 καὶ
1236 939 1513 997 διωρισμένως
1533 939 1672 991 αὐτοῖς
1685 943 1729 979 10

189 1011 246 1058 εἷς
267 1006 401 1052 πάντα
425 1007 705 1064 διαλέγεσθαι.
776 1010 844 1051 καὶ
871 1007 951 1068 γὰρ
972 1009 1041 1052 καὶ
1063 1008 1110 1052 τὸ
1129 1011 1288 1064 ψεῦδος
1307 1009 1533 1066 προχείρως
1555 1008 1673 1065 ἔχου-

191 1095 255 1122 σιν
283 1075 339 1129 ὧς
364 1076 490 1133 νόμον
521 1080 681 1131 οἰκεῖον,
723 1076 895 1122 πάντοτε
914 1078 1004 1133 μέν,
1037 1076 1219 1133 μάλιστα
1253 1078 1297 1121 δὲ
1325 1076 1423 1121 ὅταν
1445 1083 1672 1133 βιασθῶσι,

189 1146 506 1203 διαψευδόμενοι
529 1149 597 1190 καὶ
620 1149 801 1205 λέγοντες
830 1148 976 1200 καθώς
1003 1148 1074 1191 ἐὰν
1098 1150 1421 1206 προσταχθῶσιν
1438 1147 1466 1205 ἢ
1488 1163 1673 1206 προτρα-

188 1221 296 1261 maon
309 1249 323 1270 ,
357 1219 425 1260 καὶ
446 1217 681 1274 ἀνέγκλητοι
701 1216 813 1269 ὄντες
831 1218 934 1276 παρ’
961 1216 1132 1270 ἑαυτοῖς.
1202 1217 1332 1269 οὕτως
1360 1217 1439 1276 γὰρ
1467 1216 1488 1261 ὅ
1516 1219 1672 1276 Μάνης

135 1298 170 1335 D
193 1286 331 1338 αὐτοῖς
349 1287 582 1346 παρέδωκεν
600 1286 663 1330 ὅτι
680 1287 753 1331 οὗκ
772 1289 853 1343 εἰμὶ
871 1286 950 1345 ἐγὼ
970 1287 1240 1345 ἄσπλαγχνος,
1277 1288 1415 1347 φησίν,
1442 1286 1472 1331 εἴ
1478 1306 1499 1339 ς
1516 1286 1538 1331 ὃ
1559 1291 1671 1347 Χρι-
1684 1292 1727 1329 15

173 1355 287 1407 “στός
307 1355 328 1399 ὃ
349 1355 471 1401 εἰπών
492 1355 623 1408 εὅστις
644 1375 696 1413 με
718 1356 950 1415 ἀρνήσεται,
985 1357 1219 1416 ἀρνήσομαι
1239 1358 1364 1402 αὐτὸν
1385 1356 1530 1415 κάγώ.’
1580 1360 1669 1403 ἀλλ’

189 1426 267 1482 ἐγὼ
288 1426 405 1483 λέγω,
440 1431 515 1470 τοῦ
545 1426 794 1484 ἀρνουμένου
824 1445 875 1483 με
902 1427 1136 1486 ἔμπροσθεν
1159 1432 1242 1472 τῶν
1270 1426 1503 1487 ἀνθρώπων
1525 1431 1593 1472 καὶ
1614 1435 1672 1490 τῷ

187 1494 333 1551 ψεύδει
357 1496 431 1552 τὴν
452 1497 602 1539 οἰκείαν
619 1498 824 1554 σωτηρίαν
846 1498 1111 1556 ποριζομένου
1134 1496 1190 1550 ὥς
1210 1497 1270 1554 μὴ
1293 1498 1546 1557 ἀρνουμένου
1566 1500 1672 1555 μετὰ

184 1569 322 1623 χαρᾶς
344 1566 515 1621 δέχομαι
535 1568 602 1609 καὶ
619 1567 694 1623 τὴν
717 1566 940 1623 ἀνάκλησιν
970 1569 1036 1610 καὶ
1058 1567 1105 1612 τὸ
1127 1570 1285 1623 ψεῦδος
1305 1566 1360 1619 ὦς
1382 1569 1457 1624 τὴν
1477 1569 1581 1627 πρὸς
1600 1571 1671 1625 ε’μὲ

188 1632 407 1691 ὁμολογίαν
424 1634 672 1687 ἀνευθύνως.
743 1635 893 1692 ὅμοίως
910 1637 1048 1692 μέντοι
1073 1639 1142 1680 καὶ
1163 1638 1260 1690 τοὺς
1278 1640 1579 1696 πρεσβυτέρους
1600 1642 1667 1683 καὶ
1680 1647 1726 1683 20

188 1704 356 1756 λοιποὺς
379 1705 495 1763 ἱερεῖς
514 1709 594 1748 τῶν
612 1706 713 1763 παρ’
738 1704 836 1762 ἡμῖν
855 1705 1173 1761 ἀποβάλλονται.
1243 1710 1385 1751 ἐκεῖνοι
1409 1709 1454 1750 δὲ
1481 1711 1549 1751 καὶ
1571 1710 1671 1762 τοὺς

189 1772 307 1830 ἱερεῖς
341 1774 490 1825 αὐτοὺς
528 1774 807 1831 συνεκδήμους
839 1776 1000 1832 λέγουσι
1033 1778 1101 1819 καὶ
1131 1778 1367 1835 νοταρίους,
1412 1777 1669 1837 ἀδιαφόρους

187 1846 313 1886 πᾶσιν
339 1843 477 1894 αὐτοῖς
504 1842 625 1895 ὄντας
649 1846 718 1887 καὶ
744 1851 829 1897 τοῖς
851 1843 1033 1902 σχήμασι
1054 1846 1123 1888 καὶ
1153 1853 1244 1898 ταῖς
1266 1848 1442 1900 διαίταις
1462 1850 1530 1891 καὶ
1554 1848 1668 1909 πάσῃ

186 1973 344 2020 trahunt,
375 1975 553 2013 Christum
578 1988 657 2013 esse
677 1989 815 2014 crucem
839 1978 1010 2025 dicentes,
1041 1990 1158 2026 neque
1180 1979 1393 2017 adorandum
1416 1994 1496 2019 esse
1518 1983 1663 2031 lignum,

187 2022 488 2059 exsecrationibus
517 2025 673 2059 deditum
703 2025 982 2063 instrumentum.
1029 2031 1132 2062 vates
1163 2039 1304 2074 quoque
1334 2028 1474 2065 divinos
1509 2037 1545 2066 et
1575 2032 1663 2067 reli-

186 2080 275 2114 quos
306 2075 445 2105 sanctos
478 2070 684 2116 explodunt.
739 2073 879 2107 beatum
903 2073 1065 2117 Petrum,
1105 2084 1266 2119 magnum
1299 2074 1394 2111 illum
1427 2077 1665 2124 apostolorum

183 2114 399 2162 principem,
430 2117 574 2162 gravius
598 2117 743 2164 reliquis
767 2119 926 2154 omnibus
951 2124 989 2154 et
1010 2119 1183 2155 infamant
1210 2126 1247 2156 et
1275 2133 1422 2168 prorsus
1453 2136 1476 2159 a
1504 2136 1545 2159 se
1576 2126 1666 2162 reii-

185 2161 293 2207 ciunt,
322 2168 491 2207 negantes
516 2175 593 2199 eum
613 2163 651 2198 in
675 2164 776 2200 ullam
798 2165 921 2201 salutis
945 2171 1081 2213 partem
1102 2167 1240 2204 venire.
1287 2169 1439 2205 concilia
1461 2182 1526 2207 sua
1550 2173 1667 2209 eccle-

185 2207 272 2242 siam
305 2209 510 2244 catholicam
544 2210 726 2246 nominant
751 2211 789 2246 in
819 2213 894 2248 suis
924 2214 970 2248 ad
1004 2225 1068 2248 nos
1103 2214 1301 2260 allegoriis:
1333 2215 1428 2251 inter
1464 2229 1504 2252 se
1527 2219 1618 2254 enim
1643 2232 1666 2256 a

183 2253 350 2298 precibus
373 2267 417 2291 ea
439 2256 653 2302 proseuchas
677 2258 867 2305 appellant.
915 2271 980 2306 pro
1010 2261 1184 2307 baptismo
1214 2262 1346 2297 habent
1370 2264 1482 2299 verba
1505 2277 1664 2312 evange-

183 2299 236 2344 lii,
269 2301 351 2347 quia
374 2302 534 2340 dominus
557 2304 686 2340 dixerit
711 2317 750 2340 se
775 2317 854 2340 esse
877 2317 1001 2352 aquam
1024 2307 1141 2343 vivam
1165 2308 1308 2352 (Ioann.
1330 2309 1386 2355 4).
1436 2310 1551 2347 omnia
1574 2313 1663 2348 haec

183 2350 290 2392 atque
314 2347 420 2384 etiam
442 2349 565 2395 plura,
599 2350 660 2386 ubi
683 2352 896 2398 deprehensi
917 2358 1103 2399 tenentur,
1139 2354 1234 2390 aliud
1264 2359 1358 2391 tecte
1380 2357 1663 2402 significantibus

184 2392 305 2428 verbis
339 2394 401 2439 (id
434 2396 525 2431 enim
549 2409 638 2432 voco
662 2398 889 2444 allegoriam)
910 2398 1109 2435 involvunt.
1157 2406 1300 2448 oportet
1323 2407 1439 2438 autem
1462 2409 1597 2441 attente
1625 2412 1663 2443 et

181 2438 348 2476 distincte
378 2442 423 2476 de
444 2442 589 2488 singulis
610 2450 732 2480 contra
756 2457 818 2480 eos
841 2445 1036 2492 disputare.
1086 2459 1164 2482 nam
1189 2453 1226 2484 et
1245 2449 1386 2484 mentiri
1409 2450 1454 2486 iis
1477 2452 1515 2486 in
1539 2465 1661 2499 prom-

182 2490 247 2530 ptu
270 2491 336 2532 est,
362 2486 411 2523 ita
429 2489 625 2526 ferentibus
647 2491 803 2537 ipsorum
824 2492 977 2539 legibus,
1003 2498 1040 2528 et
1063 2505 1139 2528 cum
1162 2495 1250 2530 alias
1268 2508 1420 2542 semper,
1455 2503 1527 2534 tum
1551 2512 1660 2546 prae-

182 2531 287 2576 cipue
311 2533 371 2568 ubi
393 2541 582 2581 urgentur,
614 2538 796 2573 mendacio
827 2538 1041 2585 interposito
1064 2540 1270 2587 elabuntur,
1305 2543 1521 2580 affirmantes
1551 2547 1659 2592 quid-

182 2578 267 2622 quid
295 2579 499 2626 imperetur.
548 2594 662 2629 neque
695 2586 739 2619 ob
766 2585 837 2621 tale
871 2586 1086 2622 mendacium
1113 2587 1150 2622 in
1184 2588 1302 2635 aliqua
1338 2591 1432 2636 apud
1462 2604 1544 2627 suos
1574 2599 1660 2629 sunt

180 2624 305 2670 culpa,
337 2627 420 2672 quia
450 2629 609 2664 nimirum
632 2630 719 2677 ipsis
743 2631 890 2667 liberum
914 2632 981 2667 hoc
1003 2633 1092 2668 fecit
1113 2634 1251 2670 Manes.
1300 2636 1332 2671 is
1355 2637 1447 2672 enim
1470 2639 1562 2674 dixit
1585 2652 1658 2675 non

180 2680 221 2703 se
242 2670 462 2708 inhumanum
484 2687 566 2710 esse
587 2676 702 2712 instar
724 2678 879 2724 Christi,
912 2678 1062 2715 dicentis
1086 2681 1233 2725 (Matth.
1259 2684 1320 2727 10)
1352 2695 1392 2719 se
1413 2684 1569 2720 vicissim
1593 2699 1658 2722 eos

181 2716 432 2762 abnegaturum
456 2733 477 2756 a
499 2722 626 2767 quibus
648 2723 776 2760 fuisset
797 2730 960 2771 negatus.
1008 2738 1049 2761 se
1073 2739 1134 2762 eos
1157 2729 1223 2774 *qui
1250 2728 1364 2775 ipsum
1394 2743 1511 2767 coram
1541 2733 1657 2768 homi-

181 2760 284 2797 nibus
307 2765 443 2801 diffessi
463 2768 614 2804 fuissent
645 2782 759 2816 eoque
789 2772 971 2807 mendacio
995 2772 1066 2809 sibi
1088 2773 1234 2810 salutem
1257 2777 1539 2824 quaesivissent,
1573 2785 1655 2814 tan-

180 2818 283 2852 quam
306 2822 373 2845 non
398 2813 562 2851 diffessos
583 2826 658 2850 cum
676 2817 804 2862 gaudio
827 2818 1001 2865 recipere,
1022 2821 1354 2869 revocationemque
1378 2829 1415 2859 et
1435 2826 1656 2861 mendacium

179 2864 251 2888 non
283 2858 392 2902 magis
424 2859 565 2905 culpare
598 2873 701 2907 quam
731 2865 761 2899 si
793 2864 908 2909 ipsum
940 2866 1094 2912 professi
1122 2868 1288 2905 fuissent.
1344 2870 1507 2907 similiter
1536 2879 1655 2907 tamen

176 2900 334 2938 seniores
355 2906 570 2942 sacerdotes
587 2908 742 2955 reliquos
774 2916 950 2948 nostrates
982 2920 1203 2951 aversantur.
1251 2927 1334 2952 suos
1357 2918 1655 2965 peregrinationis
