1742 3184
214 168 314 216 556
693 171 932 218 GEORGII
965 171 1211 218 GEDRENI

212 283 313 330 εἶναι
334 285 408 342 τὴν
431 290 502 330 τοῦ
522 287 616 331 υἱοῦ
635 286 810 343 ἀτιμίαν.
879 290 947 332 καὶ
970 286 991 331 ὃ
1009 285 1290 347 Ἀμφιλόχιος
1311 286 1521 346 ἐξεβόησεν
1539 288 1685 351 ’(ὃρᾷς,

213 351 248 400 ὦ
274 360 467 410 βασιλεῦ’,
502 361 589 408 πῶς
617 357 664 401 οὗ
693 358 827 416 φέρεις
854 357 929 415 τὴν
959 363 1034 402 τοῦ
1053 359 1145 403 υἱοῦ
1167 359 1329 414 ἀτιμίαν
1337 378 1353 415 ,-
1382 361 1594 403 πίστευσον
1614 355 1686 404 οὖν

213 427 280 469 καὶ
301 425 370 469 τὸν
389 426 490 469 θεὸν
508 426 602 480 τοὺς
620 427 690 470 τὸν
709 427 799 470 υἱὸν
820 427 947 471 αὐτοῦ
962 432 1312 488 βλασφημοῦντας
1327 427 1628 483 βδελύττεσθαί
1642 446 1684 472 τε

211 497 280 538 καὶ
317 496 695 552 ἀποστρέφεσθ·αι.”
774 500 894 540 τοῦτο
930 496 1109 549 ἀκούσας
1141 496 1162 540 ὃ
1195 499 1390 552 βασιλεὺς
1420 501 1488 541 καὶ
1521 497 1686 557 σφόδρα

211 563 441 619 θαυμάσας
466 563 590 619 νόμον
615 565 793 622 ἔγραψεν
823 566 951 618 εὐθὺς
970 568 1044 619 τὰς
1065 572 1147 611 τῶν
1169 567 1379 625 αἱρετικῶν
1402 566 1585 618 συνάξεις
1603 573 1719 610 κω-5

213 632 375 677 λύοντα.
443 632 574 692 τούτῳ
604 639 661 693 τῷ
693 636 840 694 ἀγαθῷ
869 635 1088 694 φθονήσας
1110 636 1132 680 ὃ
1154 635 1377 691 μισόκαλος
1399 639 1556 691 δαίμων
1575 635 1687 692 ὠμόν

157 707 191 743 D
217 720 256 746 τι
287 705 355 746 καὶ
384 701 664 760 ἀπάνθρωπον
689 704 965 763 παρεσκεύασε
984 707 1189 763 γενέσθαι.
1258 706 1337 749 ἀπὸ
1361 706 1440 764 γὰρ
1464 708 1687 749 Κωνσταν-

212 770 481 823 τινουπόλεως
514 773 577 815 ἐπὶ
599 771 759 830 Ῥώμην
781 772 800 818 ὅ
820 776 1015 830 βασιλεὺς
1034 776 1108 830 τὴν
1131 774 1365 833 ὁδοιπορίαν
1386 774 1626 830 ποιούμενος
1645 777 1688 818 ἓν

217 842 495 899 Θεσσαλονίκῃ
530 843 636 885 κατὰ
671 842 853 902 πάροδον
890 846 1046 902 γε’γονε,
1092 850 1174 889 τῶν
1202 846 1246 888 δὲ
1275 850 1532 902 στρατιωτῶν
1561 846 1688 887 αὐτοῦ

212 909 475 967 ταραξάντων
504 911 578 967 τὴν
608 911 725 955 πόλιν
756 915 824 957 διὰ
853 913 1005 969 μιτάτα
1034 916 1279 958 ἐστασίασαν
1300 915 1338 957 οἳ
1364 915 1686 965 Θεσσαλονικεῖς,
1701 919 1742 956 10

214 981 282 1024 καὶ
310 980 381 1023 τὸν
407 980 484 1036 μὲν
500 982 674 1036 βασιλέα
694 983 893 1041 ὕβρισαν,
927 984 1040 1035 τινὰς
1063 985 1106 1027 df*
1128 989 1208 1027 τῶν
1232 983 1440 1042 ἀρχόντων
1460 984 1585 1025 αὐτοῦ
1607 985 1689 1024 ἐλι-

213 1049 470 1106 θοβόλησαν.
539 1048 560 1093 ὃ
579 1052 774 1106 βασιλεὺς
795 1054 839 1096 δὲ
861 1058 991 1096 ταῦτα
1006 1054 1162 1109 μαθών
1181 1055 1248 1096 καὶ
1269 1054 1343 1108 τὴν
1362 1051 1494 1110 ῥύμην
1514 1056 1586 1093 τοῦ
1606 1055 1689 1094 θυ-

213 1123 298 1174 μοῦ
327 1120 386 1175 μὴ
417 1121 585 1176 ἐνεγκὼν
614 1126 670 1179 τῷ
702 1120 866 1180 ἐπάρχῳ
896 1127 969 1177 τῆς
1002 1121 1156 1174 πόλεως
1184 1124 1332 1175 ἐκείνης
1357 1121 1431 1175 τὴν
1451 1124 1596 1177 ψῆφον
1617 1125 1691 1176 τῆς

213 1191 412 1246 τιμωρίας
440 1190 678 1247 ἐπέτρεψεν·
713 1190 759 1241 ὃς
786 1192 861 1245 τὴν
891 1190 1082 1245 τοιαύτην
1112 1191 1297 1241 ἐξουσίαν
1329 1189 1505 1247 εῗληφώς
1535 1188 1603 1232 οἷα
1637 1190 1688 1244 ὀὴ

214 1256 443 1312 αὐτόνομος
462 1257 659 1314 τύραννος
676 1257 799 1301 ἄδικα
819 1260 915 1316 ξίφη
935 1259 1041 1302 κατὰ
1060 1257 1222 1301 πάντων
1244 1256 1470 1315 ἐγύμνωσε,
1507 1261 1574 1301 καὶ
1594 1258 1689 1309 τοὺς
1703 1268 1742 1306 15

217 1326 386 1378 ἅθώους
413 1326 518 1382 μετὰ
548 1331 629 1370 τῶν
654 1325 897 1371 ὑπευθύνων
926 1330 1146 1371 κατέκτεινε
1175 1327 1366 1383 χιλιάδας
1393 1325 1517 1380 ἑπτά,
1564 1326 1619 1379 ὡς
1647 1328 1693 1371 δέ

66 1406 97 1441 P
121 1407 191 1442 318
214 1414 339 1449 τινες,
375 1397 671 1440 πεντεκαίδεκα.
740 1396 892 1453 ταύτην
910 1398 984 1453 τὴν
1007 1398 1226 1455 συμφορὰν
1247 1395 1268 1440 ὃ
1288 1399 1416 1454 μέγας
1430 1395 1692 1455 ’Λμβρόσιος

215 1465 423 1522 ἀκηκοώς,
459 1465 734 1510 ΖΠεὸιολάνων
763 1467 979 1519 ἐπίσκοπος
1005 1494 1056 1500 -
1080 1466 1197 1517 πόλις
1225 1467 1269 1510 δὲ
1294 1471 1367 1523 τῆς
1382 1467 1554 1517 Ἰταλίας
1575 1465 1691 1522 αὕτη,

217 1539 273 1586 εἷς
292 1535 342 1591 ἢν
364 1536 612 1594 ἀφικομένου
636 1540 709 1579 τοῦ
729 1537 931 1591 βασιλέως
949 1539 1015 1580 καὶ
1039 1536 1231 1593 συνήθως
1252 1538 1308 1588 εἷς
1329 1536 1399 1579 τὸν
1419 1537 1518 1580 ναὸν
1537 1540 1692 1591 βουλη-

210 1606 359 1656 θέντος
386 1608 580 1648 εἰσελθεῖν
608 1604 763 1656 ἔξωθεν
784 1611 865 1649 τῶν
885 1606 1109 1664 προθύρων
1133 1604 1386 1662 συναντήσας
1409 1604 1429 1648 ὃ
1454 1605 1566 1662 ἅγιος
1590 1604 1742 1650 ἐκώ-20

211 1679 310 1718 λυσε
333 1676 406 1730 τὴν
430 1675 609 1727 εἴσοδον,
645 1675 771 1731 λέγων
798 1676 910 1733 αὐτῷ
939 1676 1043 1731 μετὰ
1073 1677 1304 1733 παρρησίας
1330 1674 1436 1717 “oi-z
1464 1673 1601 1727 οἶδας,
1637 1673 1692 1725 ὡς

213 1742 338 1802 ἔοικε,
373 1747 566 1798 βασιλεῦ,
602 1749 674 1799 τῆς
706 1746 968 1801 εἰργασμένης
997 1746 1256 1802 παρανομίας
1286 1744 1332 1788 τὸ
1364 1745 1560 1800 μέγεθος·
1598 1744 1694 1787 οὐδὲ

212 1808 292 1871 γὰρ
325 1814 373 1875 ἐᾷ
401 1830 446 1857 σε
474 1818 546 1869 τῆς
573 1815 784 1868 βασιλείας
802 1814 899 1866 ἴσως
921 1812 946 1870 ἡ
968 1815 1184 1858 δυναστεία
1204 1814 1278 1870 τὴν
1297 1811 1500 1872 ἁμαρτίαν
1524 1814 1694 1871 ἐπιγνῶ-

217 1992 411 2036 imperator
433 1994 469 2026 et
490 1991 564 2027 filio
586 1992 717 2027 illatam
742 1991 984 2027 contumeliam
1009 1993 1053 2027 ad
1079 2004 1119 2028 se
1138 1996 1301 2040 spectare
1325 1993 1481 2038 diceret,
1514 1992 1695 2039 Amphilo-

218 2038 317 2073 chius
350 2038 422 2072 alta
450 2050 539 2073 voce
572 2035 726 2074 “viden'’
758 2039 891 2085 inquit,
928 2036 1160 2085 “imperator,
1194 2047 1231 2075 te
1261 2053 1331 2075 non
1355 2041 1450 2075 ferre
1471 2040 1696 2085 ignominiam

217 2084 291 2120 filio
316 2090 378 2120 tuo
401 2085 558 2120 factam?
582 2085 730 2132 proinde
751 2087 852 2121 deum
875 2097 1015 2143 quoque
1041 2087 1187 2121 credere
1210 2087 1318 2122 debes
1342 2088 1501 2121 aversari
1524 2092 1560 2121 et
1578 2086 1696 2122 odisse

219 2143 282 2166 eos
308 2131 370 2177 qui
392 2131 465 2166 filio
494 2132 571 2167 eius
594 2132 702 2178 impie
728 2129 951 2168 obtrectant?
1008 2132 1075 2167 hoc
1099 2133 1218 2168 audito
1242 2133 1434 2179 imperator
1460 2132 1563 2167 valde
1589 2132 1697 2167 mira-

220 2183 278 2212 tus
309 2178 426 2212 statim
458 2178 570 2226 legem
601 2180 693 2224 fert,
729 2191 800 2225 qua
830 2183 1023 2214 conventus
1047 2179 1301 2214 haereticorum
1323 2180 1567 2227 prohibentur.
1615 2178 1699 2214 huic

218 2225 312 2260 bono
337 2224 517 2270 diabolus,
550 2225 663 2261 omnis
687 2226 771 2262 boni
795 2238 895 2270 osor,
919 2225 1082 2261 invidens
1105 2227 1205 2261 saevi
1228 2232 1335 2272 atque
1358 2226 1536 2261 inhumani
1559 2226 1696 2260 facino-

219 2271 271 2306 ris
295 2276 419 2306 auctor
439 2271 518 2307 suit.
566 2285 644 2307 nam
665 2285 740 2307 cum
761 2272 952 2319 imperator
976 2272 1079 2319 Cpoli
1098 2274 1240 2307 Romam
1260 2273 1488 2319 proficiscens
1508 2285 1550 2307 eo
1569 2273 1698 2307 itinere

218 2317 509 2353 Thessalonicam
543 2319 767 2365 divertisset,
802 2319 998 2364 militesque
1032 2321 1153 2354 urbem
1186 2319 1392 2365 quibusdam
1424 2321 1529 2354 rebus
1553 2324 1696 2354 contur-

217 2365 380 2409 bassent,
405 2365 741 2401 Thessalonicenses
762 2366 937 2400 seditione
959 2366 1054 2400 facta
1075 2366 1321 2412 imperatorem
1344 2365 1484 2400 iniuriis
1502 2366 1699 2400 affecerunt

218 2416 256 2445 et
279 2411 447 2456 quosdam
471 2413 548 2448 eius
573 2414 772 2458 praefectos
794 2412 971 2458 lapidibus
995 2414 1199 2447 obruerunt.
1248 2413 1439 2457 imperator
1463 2423 1504 2446 re
1525 2411 1697 2455 inaudita,

217 2456 295 2492 irae
323 2458 487 2504 impetum
507 2471 590 2497 ⁴non
621 2459 817 2503 sustinens,
854 2459 1038 2504 praefecto
1070 2459 1167 2494 urbis
1195 2458 1269 2494 eius
1294 2459 1430 2493 facinus
1453 2457 1491 2493 id
1513 2458 1698 2493 vindican-

219 2504 299 2538 dum
333 2504 518 2540 commisit.
565 2506 597 2540 is
630 2510 762 2540 tantum
794 2505 976 2552 potentiae
1006 2506 1178 2552 adeptus,
1214 2510 1253 2540 ut
1285 2511 1360 2540 erat
1391 2505 1531 2550 legibus
1564 2505 1697 2539 solutus

219 2555 409 2597 tyrannus,
443 2552 594 2587 iniustos
625 2552 761 2598 gladios
794 2559 917 2586 contra
951 2551 1047 2587 cives
1079 2552 1242 2596 strinxit,
1274 2551 1503 2597 insontesque
1527 2563 1598 2586 una
1620 2563 1698 2585 cum

220 2598 380 2632 sontibus
415 2598 626 2643 trucidavit,
662 2599 757 2634 milia
787 2598 961 2633 hominum
991 2600 1014 2634 7
1045 2598 1102 2633 vel
1133 2600 1198 2643 (ut
1220 2598 1280 2633 alii
1300 2599 1467 2643 tradunt)
1504 2598 1561 2633 15.
1609 2597 1698 2632 hanc

221 2642 352 2678 cladem
388 2656 464 2679 cum
498 2645 719 2691 percepisset
742 2645 857 2680 clarus
878 2645 938 2679 ille
961 2645 1187 2689 Ambrosius,
1221 2645 1414 2679 Mediolani
1446 2646 1554 2689 (urbs
1578 2656 1622 2679 ea
1646 2650 1700 2679 ost

221 2688 373 2733 Italiae)
398 2691 605 2737 episcopus,
630 2691 854 2738 imperatori,
879 2703 955 2726 cum
978 2691 1009 2726 is
1029 2691 1263 2726 Mediolanum
1289 2691 1447 2726 venisset
1469 2703 1510 2725 ac
1534 2692 1578 2726 de
1602 2703 1699 2725 more

223 2736 388 2780 templum
412 2737 503 2773 inire
526 2738 653 2782 vellet,
693 2745 775 2774 ante
797 2738 1009 2774 vestibulum
1032 2737 1171 2773 obviam
1195 2750 1234 2773 se
1257 2737 1355 2773 dedit
1374 2737 1591 2782 introituque
1613 2749 1699 2782 pro-

223 2779 357 2825 hibuit,
386 2783 498 2819 libere
522 2785 643 2820 dicens
664 2781 848 2831 “ignoraS,
873 2791 911 2819 ut
930 2790 1098 2831 apparet,
1123 2784 1331 2830 imperator,
1357 2783 1550 2830 perpetrati
1571 2783 1700 2828 flagitii

224 2827 455 2871 gravitatem3
482 2837 595 2877 neque
616 2837 651 2867 te
674 2832 836 2867 fortassis
857 2830 997 2876 imperii
1014 2837 1172 2878 potestas
1190 2830 1276 2865 sinit
1292 2836 1473 2874 peccatum
1491 2842 1698 2875 agnoscere.

226 2884 305 2915 ¹¹³¹ss
336 2886 357 2910 a
387 2887 543 2922 purpura
577 2879 746 2926 deceptus
779 2877 937 2925 corporis
969 2889 1013 2914 ea
1043 2877 1153 2913 velati
1173 2877 1450 2913 imbecillitatem
1471 2877 1599 2912 nescis.
1647 2876 1701 2911 sic
