1742 3184
229 182 332 234 460
569 219 572 223 -
715 182 959 232 GEORGII
994 183 1244 230 CEDRENI

368 298 470 347 Εἶτα
490 296 676 359 Σεβῆρός
692 315 754 350 τις
771 294 1004 356 λεγόμενος,
1050 296 1241 357 ἁρπάσας
1269 298 1342 343 τὸν
1371 296 1525 359 θρόνον
1553 300 1708 346 Ἀντιο-

177 374 207 411 Β
230 372 366 428 χείας,
413 389 487 427 την
515 371 621 414 κατὰ
651 367 851 414 Μάνεντα
883 363 1010 420 αὖθις
1037 367 1319 427 Ἀπολινάριόν
1347 387 1391 413 τε
1423 373 1491 413 καὶ
1523 372 1709 427 Εὖτυχέα

228 444 438 486 διεκδικεῒν
460 442 614 499 αἵρεσιν
637 440 847 496 ἐπειρᾶτο,
880 442 1014 482 κυκῶν
1032 437 1106 495 ὅση
1130 437 1303 494 δύναμις
1323 439 1436 498 αὐτῷ
1454 440 1529 497 τὴν
1547 446 1620 496 τῆς
1639 443 1706 485 ἔκ-

227 513 397 568 κλησίας
417 508 593 570 εῗρήνην.
662 509 870 560 ἐξελαθεὶς
902 508 947 551 δὲ
977 512 1051 564 τῆς
1067 509 1311 564 Ἀντιοχείας
1338 507 1360 551 ὃ
1389 508 1620 566 στασιώδης
1639 513 1708 554 καὶ

225 582 423 639 ταραξίας
449 583 501 638 τῇ
523 577 820 632 Ἀλεξανδρέων
839 576 1063 636 κουφότητι
1082 579 1279 628 λαίλαπος
1299 579 1367 621 καὶ
1394 579 1572 635 θυέλλης
1593 580 1742 636 δίκην5

228 651 462 706 ἐνέσκηψεν,
490 648 594 691 ἔνθα
612 649 680 690 καὶ
698 645 838 706 ἑτέρας
858 649 1090 704 καταιγῖδος
1111 645 1429 704 ἀντιπνευσάσης
1449 648 1561 708 αὐτῷ
1580 667 1622 692 τε
1640 652 1711 692 καὶ

227 725 288 779 τῷ
310 724 397 777 λαῷ
419 717 578 772 συνέχεε
601 716 757 767 πάντας
780 719 847 759 καὶ
869 715 1115 775 ἕθορύβησε.
1184 718 1415 761 διεσκέδασε
1446 717 1525 776 γὰρ
1561 719 1711 770 αὐτοὺς

223 786 443 839 Ἰουλιανός
469 805 532 838 τις
559 785 831 841 καλούμενος,
871 785 1192 844 Ἁλικαρνασσοῦ
1212 787 1286 842 μὲν
1309 791 1381 843 τῆς
1394 788 1531 838 Ἀσίας
1550 788 1712 831 ἐπίσκο-

226 876 324 911 πος,
371 862 446 913 τῆς
482 857 528 900 δὲ
567 857 822 912 Εὐτυχιανῆς
858 858 1102 908 κακοδοξίας
1143 854 1374 915 προστάτης
1417 856 1712 911 εὖθυμότατος.

228 924 416 985 Σεβήρου
444 926 527 984 γὰρ
554 927 652 981 μίαν
684 924 808 984 φύσιν
842 923 942 968 εἶναι
973 927 1156 983 λέγοντος
1183 926 1253 969 τὸν
1272 925 1458 982 Χριστὸν
1486 928 1553 969 καὶ
1576 927 1649 982 τὴν
1671 929 1742 970 ἒν1

228 1000 402 1056 Χριστῷ
434 995 642 1055 διαφορὰν
674 994 915 1051 δεχομένου,
952 996 1176 1038 Ἰουλιανοῦ
1205 995 1249 1037 δὲ
1276 997 1374 1049 μίαν
1406 995 1481 1050 μὲν
1507 996 1613 1038 κατὰ
1642 996 1714 1039 τὸν

175 1073 206 1108 C
230 1070 417 1125 Σεβῆρον
448 1065 678 1124 φάσκοντος
705 1063 844 1122 φύσιν,
879 1064 1142 1123 ἀναιροῦντος
1167 1065 1211 1107 δὲ
1228 1064 1304 1119 τὴν
1325 1062 1558 1122 διαφοράν,
1593 1065 1715 1108 αἴτιοι

228 1135 362 1191 πάσης
379 1139 564 1199 ταραχῆς
583 1136 650 1177 καὶ
671 1132 794 1189 ζάλης
814 1132 1025 1190 γεγόνασιν
1044 1135 1081 1177 οἳ
1102 1131 1272 1186 ἀνόσιοι,
1305 1134 1364 1188 μὴ
1384 1137 1570 1185 νοοῦντες
1589 1134 1715 1190 (κατὰ

229 1207 276 1249 τὸ
300 1206 351 1261 δὴ
376 1204 608 1262 λεγόμενον)
639 1202 740 1259 μήτε
763 1202 790 1245 ἃ
812 1203 972 1259 λέγουσι.
993 1202 1096 1259 μήτε
1119 1204 1210 1260 περὶ
1230 1204 1347 1246 τίνων
1369 1205 1715 1258 διαβεβαιοῦνται.

231 1278 373 1327 οἵτινες
400 1275 504 1331 πρὸς
530 1272 642 1329 ἡμᾶς
669 1270 938 1329 διαμάχονται
961 1271 1249 1328 λαμβάνοντας
1277 1275 1334 1323 εἷς
1360 1271 1621 1331 παράδειγμα
1640 1278 1742 1330 τῆς1

228 1347 349 1395 θείας
379 1342 559 1395 ἑνώσεως
587 1343 659 1386 τὸν
686 1344 730 1385 ἐκ
757 1347 899 1397 ψυχῆς
928 1344 995 1385 καὶ
1017 1341 1207 1398 σώματος
1229 1340 1466 1400 ἄνθρωπον,
1498 1345 1567 1385 καὶ
1590 1344 1717 1401 φασίν

223 1413 403 1457 “οὐκοῦν
423 1420 531 1471 τρεῖς
551 1411 779 1468 ὁμολογεῖτε
801 1410 988 1469 φύσεις.”
1058 1412 1153 1455 ἀλλ’
1181 1412 1359 1455 ἴστωσαν
1384 1411 1423 1455 οἳ
1445 1412 1624 1467 ἀμαθεῖς
1647 1407 1715 1455 καὶ

230 1485 466 1528 ἀπαίδευτοι
480 1516 494 1536 ,
530 1481 629 1525 ὅταν
648 1480 723 1524 δύο
749 1479 893 1539 φύσεις
910 1482 1076 1538 λέγομεν
1093 1479 1233 1537 ἡμεῖς,
1261 1481 1308 1523 οὗ
1331 1485 1437 1524 θεοῦ
1456 1484 1524 1524 καὶ
1548 1480 1716 1540 σαρκός,

229 1553 321 1597 οὔτε
338 1554 422 1610 μὴν
442 1557 545 1596 θεοῦ
563 1554 631 1594 καὶ
650 1556 804 1607 ψυχῆς,
827 1550 934 1594 ἀλλὰ
947 1555 1051 1594 θεοῦ
1062 1553 1130 1594 καὶ
1150 1548 1392 1609 ἀνθρώπου.
1426 1551 1522 1594 οὐδὲ
1537 1550 1617 1609 γάρ
1632 1553 1717 1594 ε’στι

171 1635 204 1670 D
231 1625 379 1680 κυρίως
392 1620 618 1679 ἀνθρώπου
634 1619 758 1678 φύσις
774 1618 800 1675 ἦ
818 1624 891 1663 τοῦ
911 1621 1063 1678 με’ρους
1080 1618 1216 1678 φύσις.
1244 1620 1348 1677 με’ρη
1361 1620 1436 1674 μὲν
1452 1620 1531 1677 γὰρ
1548 1619 1742 1679 ἀνθρώ-Ξ

230 1711 310 1737 που
324 1692 441 1747 ψυχὴ
455 1693 523 1733 καὶ
537 1695 671 1746 σῶμα,
699 1690 802 1747 με’ρη
824 1690 868 1732 δὲ
887 1694 968 1732 τῶν
986 1693 1122 1747 μερῶν
1143 1689 1186 1732 αἱ
1204 1690 1296 1746 περὶ
1315 1688 1420 1732 αὐτὰ
1439 1690 1656 1749 διαιρέσεις
1674 1707 1718 1735 τε

232 1763 299 1806 καὶ
315 1760 627 1818 ὗποδιαιρέσεις.
667 1761 735 1802 καὶ
754 1759 858 1818 μέρη
871 1760 947 1814 μὲν
959 1761 1146 1817 Χριστοῦ
1162 1756 1372 1816 ἀσύγχυτα
1389 1757 1541 1816 θεότης
1556 1762 1625 1804 καὶ
1644 1762 1718 1805 ἆν-

324 1918 457 1953 Postea
481 1916 638 1950 Severus
665 1914 804 1962 quidam
827 1916 971 1960 arrepto
993 1912 1212 1950 Antiocheae
1235 1914 1462 1962 episcopatu,
1490 1927 1613 1952 rursus
1636 1916 1718 1952 Ma-

236 1965 329 2000 netis
353 1963 552 2010 Apolinarii
576 1969 612 1997 et
634 1959 846 2007 Eutychetis
865 1973 1003 1996 errores
1028 1962 1219 1996 defendere
1236 1963 1399 2006 intendit,
1424 1969 1659 2008 quantumque
1679 1964 1719 1998 in

233 2013 314 2059 ipso
338 2011 408 2046 fuit
431 2009 579 2054 virium,
610 2008 648 2043 id
682 2007 763 2054 paci
795 2007 968 2043 ecclesiae
1002 2010 1266 2043 conturbandae
1288 2008 1475 2055 impendit.
1522 2009 1721 2045 Antiochea

235 2065 353 2094 autem
376 2056 497 2104 pulsus
521 2057 624 2090 homo
648 2054 838 2091 seditiosus
870 2059 906 2088 et
934 2055 1040 2089 rebus
1072 2055 1256 2090 turbandis
1279 2054 1460 2100 intentus,
1493 2054 1608 2091 instar
1632 2068 1719 2102 pro-

237 2105 348 2140 cellae
367 2110 475 2149 atque
496 2102 650 2138 turbinis
674 2100 990 2137 Alexandrinorum
1011 2100 1154 2136 levitati
1176 2101 1351 2139 incubuit.
1398 2101 1461 2137 ubi
1485 2113 1563 2136 cum
1588 2114 1633 2137 ex
1653 2103 1721 2138 ad-

237 2163 344 2187 versa
367 2156 470 2198 parte
493 2155 616 2184 contra
639 2161 716 2184 eum
738 2148 928 2184 vehemens
951 2152 1079 2183 ventus
1112 2152 1358 2194 tempestatem
1388 2147 1626 2192 concitasset,
1660 2148 1719 2183 in-

238 2197 338 2244 genti
361 2196 511 2232 tumultu
533 2201 629 2231 totus
651 2194 800 2242 populus
823 2194 989 2229 confusus
1012 2194 1095 2229 fuit.
1141 2193 1357 2231 disturbavit
1386 2195 1479 2231 enim
1509 2206 1587 2229 eum
1610 2194 1720 2230 Iulia-

237 2257 304 2280 nus
328 2244 489 2290 quidam,
524 2241 769 2277 Halicarnassi
789 2240 895 2276 Asiae
926 2240 1022 2276 urbis
1055 2240 1264 2287 episcopus,
1302 2240 1576 2276 animosissimus
1599 2241 1719 2286 Euty—

238 2291 387 2326 chianae
419 2289 584 2324 falsitatis
606 2292 863 2336 propugnator.
914 2299 993 2322 nam
1018 2298 1095 2322 cum
1118 2290 1276 2323 Severus
1299 2299 1402 2322 unam
1426 2286 1464 2322 in
1488 2287 1632 2322 Clu-isto
1656 2299 1721 2322 na-

238 2343 351 2374 turam
376 2349 456 2371 esse
479 2336 615 2371 diceret
638 2347 679 2370 ac
703 2333 937 2370 differentiam
964 2340 1184 2379 agnosceret,
1208 2335 1365 2369 Iulianus
1388 2333 1510 2368 itidem
1534 2346 1635 2368 unam
1656 2346 1721 2369 na·-

238 2390 353 2420 turam
377 2384 588 2427 affirmabat,
614 2382 677 2417 sed
701 2381 937 2416 differentiam
959 2382 1126 2426 negabat.
1173 2382 1226 2416 ita
1247 2380 1348 2426 impii
1369 2379 1421 2414 illi
1441 2380 1580 2425 ingenti
1595 2381 1722 2415 turbae

239 2437 347 2476 atque
371 2429 573 2476 tempestati
597 2440 738 2464 causam
761 2429 1013 2474 praebuerunt,
1038 2439 1124 2463 vere
1147 2428 1364 2473 ignorantes,
1403 2430 1443 2461 ut
1466 2426 1517 2461 ait
1539 2426 1722 2473 apostolus

240 2479 281 2523 (1
294 2477 391 2511 Tim.
406 2478 456 2521 1),
474 2481 511 2511 et
526 2475 610 2521 quid
628 2475 786 2510 dicerent
801 2478 836 2509 et
851 2473 979 2519 quibus
995 2474 1038 2508 de
1053 2476 1158 2509 rebus
1175 2474 1441 2508 contenderent.
1466 2478 1624 2519 pugnant
1636 2485 1720 2508 con-

241 2531 299 2559 tra
318 2535 394 2567 nos,
420 2534 497 2557 cum
514 2534 579 2568 pro
597 2522 740 2557 divinae
757 2519 926 2555 unitionis
952 2520 1110 2567 exemplo
1134 2520 1284 2555 hominis
1308 2531 1352 2554 ex
1373 2520 1490 2554 anima
1512 2525 1549 2555 et
1572 2531 1722 2566 corpore

243 2570 527 2605 constitutionem
550 2579 770 2615 usurpamus,
793 2566 961 2611 aiuntque
983 2579 1048 2601 nos
1072 2572 1146 2602 tres
1168 2567 1206 2601 in
1222 2566 1365 2601 Christo
1389 2570 1532 2601 naturas
1550 2570 1720 2601 statuere.

244 2616 336 2651 scire
352 2621 466 2652 autem
481 2616 658 2650 debebant
671 2613 789 2661 ignari
803 2613 865 2648 isti
880 2618 987 2658 atque
1000 2614 1136 2650 indocti
1150 2613 1319 2658 homines,
1344 2624 1408 2647 nos
1427 2624 1504 2647 cum
1523 2613 1568 2648 de
1587 2612 1723 2647 duabus

244 2662 416 2707 loquimur
439 2662 586 2706 naturis,
615 2673 686 2696 non
707 2660 806 2707 loqui
827 2660 871 2694 de
894 2660 962 2694 deo
987 2666 1025 2695 et
1047 2673 1210 2716 corpore,
1233 2671 1348 2704 neque
1372 2659 1416 2693 de
1439 2659 1506 2694 deo
1535 2662 1571 2693 et
1596 2658 1722 2704 anima,

244 2709 308 2743 sed
331 2709 375 2742 de
398 2709 464 2744 deo
489 2714 526 2743 et
547 2708 700 2743 homine.
748 2717 864 2753 neque
888 2705 979 2741 enim
1002 2719 1147 2753 proprie
1177 2706 1326 2742 hominis
1356 2712 1482 2740 natura
1505 2705 1543 2740 id
1566 2704 1722 2751 appella-

245 2760 303 2788 tur
335 2755 429 2800 quod
462 2754 633 2790 humanae
665 2758 812 2789 naturae
845 2763 928 2798 pars
964 2761 1032 2788 est.
1071 2753 1214 2800 ‚quippe
1235 2759 1306 2787 tam
1330 2763 1457 2797 corpus
1481 2763 1583 2797 quam
1608 2750 1724 2785 anima

245 2804 366 2845 partes
388 2805 468 2835 sunt
491 2801 661 2844 hominis3
686 2806 792 2846 atque
814 2799 915 2846 ipsae
938 2805 1058 2843 partes
1079 2811 1200 2834 rursus
1222 2799 1260 2833 in
1283 2798 1370 2833 alias
1389 2809 1478 2833 suas⁴
1490 2802 1610 2844 partes
1629 2797 1722 2832 divi-

248 2847 390 2895 duntur,
423 2847 587 2891 repetitis
605 2848 710 2882 etiam
734 2846 903 2891 deinceps
926 2845 1159 2881 divisionibus
1182 2845 1220 2879 in
1242 2844 1329 2880 alias
1352 2844 1518 2879 minores.
1564 2844 1616 2879 ita
1637 2855 1722 2889 par·

250 2899 308 2928 tes
330 2891 467 2927 Christi
489 2893 678 2930 distinctae
700 2897 783 2929 sunt
809 2892 930 2929 divina
949 2897 1059 2940 atque
1081 2893 1230 2928 humana
1249 2895 1395 2928 naturaz
1418 2890 1534 2927 anima
1552 2895 1669 2927 autem
1687 2893 1724 2924 et
