1742 3184
215 214 283 266 94
702 214 942 262 GEORGII
972 212 1219 260 CEDRENI

344 330 398 378 Ὅ
417 350 461 391 γε
482 333 565 390 μὴν
584 332 710 391 μέγας
742 333 810 376 καὶ
838 331 1109 390 τερατουργὸς
1139 332 1206 374 καὶ
1230 329 1431 389 θεοφιλὴς
1451 327 1558 374 πάνυ
1583 324 1702 382 οὗτος

214 404 475 459 ἀναδειχθεὶς
497 404 570 447 οὐκ
592 403 763 460 ἄμοιρος
786 401 917 458 λύπης
945 405 1012 445 καὶ
1043 405 1280 459 πειρασμῶν
1300 400 1513 459 διαφόρων
1534 401 1702 458 ἐγένετο.

215 477 307 533 περὶ
335 469 383 517 οὗ
411 476 478 516 καὶ
512 472 532 517 ὃ
553 472 802 532 θεορρήμων
824 470 1127 530 Χρυσόστομος
1149 471 1227 530 ἔφη
1254 468 1477 527 “ἕννοήσον
1498 469 1595 514 ὅσον
1617 471 1699 513 ἐστὶ

215 546 372 596 δίκαιος
394 543 627 602 ἄνθρωπος.
697 541 802 586 εἶπεν
817 543 983 598 Ἰησοῦς
1004 547 1078 585 τοῦ
1097 546 1224 597 Ναυῆ
1238 539 1392 596 εστήτω
1422 539 1443 584 ὃ
1461 540 1577 598 ἥλιος
1596 539 1701 583 κατὰ

214 615 394 657 Γαυαὼὁ
415 616 483 656 καὶ
503 612 528 670 ἡ
554 612 698 670 σελήνη
718 612 823 656 κατὰ
843 610 1036 671 φάραγγα
1055 611 1223 666 Ἐλώμ.’
1297 612 1366 654 καὶ
1386 612 1560 669 ἐγένετο·
1600 611 1699 668 φησὶ
1714 617 1735 653 5

214 683 294 742 γάρ
321 682 410 727 εκαὶ
436 683 530 739 ἔστη
563 682 584 726 ὃ
616 683 731 739 ἥλιος
761 682 866 726 κατὰ
897 683 1023 738 μέσον
1043 675 1117 725 τοῦ
1138 682 1315 739 οὐρανοῦ
1337 683 1394 732 εἷς
1413 682 1528 732 τέλος
1546 677 1704 738 ἡμέρας

95 760 125 796 P
149 759 197 797 53
218 759 338 812 μιᾶς,
374 756 442 796 καὶ
470 755 544 796 οὐκ
571 755 721 810 ἐγένετο
754 751 888 810 ἡμέρα
918 750 1085 808 τοιαύτη
1119 751 1319 810 πρότερον
1355 753 1421 794 καὶ
1453 751 1703 809 ἔμπροσθεν,

218 824 323 869 ὥστε
343 822 575 867 ὑπακοῦσαι
593 823 694 866 θεὸν
723 822 980 880 ἀνθρώπουῖ
1054 826 1175 865 τοῦτο
1207 827 1280 865 τοῦ
1311 822 1531 872 Μωϋσὲως
1553 822 1702 876 μεῖζον.

219 892 327 938 ἄλλά
356 911 399 951 γε
433 893 483 949 δὴ
517 895 585 936 καὶ
617 888 736 945 οὗτος
768 892 789 935 ὃ
819 891 1066 948 θαυμαστὸς
1092 893 1160 935 καὶ
1177 892 1307 949 μέγας
1327 894 1395 935 καὶ
1418 889 1703 949 τερατουργός,

220 963 510 1019 διαδεξάμενος
531 963 601 1006 τὸν
621 966 827 1019 Μωῢσῆν,
863 961 1174 1019 συναπήλαυσεν
1192 963 1305 1021 αὐτῷ
1333 961 1496 1005 πάντων
1523 959 1579 1013 ὡς
1608 959 1742 1011 {hog-’1⁴'

220 1037 342 1078 εἰπεῖν
361 1039 442 1077 τῶν
465 1034 655 1091 ἀνιαρῶν.
727 1034 774 1076 οὗ
795 1033 873 1091 γὰρ
895 1033 952 1076 ἔτι
969 1031 1095 1089 μόνον
1111 1031 1176 1076 ὅτε
1200 1031 1267 1088 ἔζη
1290 1035 1495 1087 Μωῦσῆς,
1531 1031 1583 1074 τὰ
1606 1029 1711 1085 {ped--

218 1121 287 1148 τια
319 1105 500 1162 διέρρηξε
529 1105 595 1146 καὶ
629 1103 782 1147 σποδὸν
813 1101 1092 1156 manticato,
1154 1103 1261 1145 ἀλλὰ
1288 1105 1357 1146 καὶ
1390 1100 1705 1157 τελευτήσαντος

218 1174 343 1218 πάλιν
365 1176 421 1225 εἷς
439 1175 602 1228 μείζονα
621 1171 773 1230 ταύτης
793 1174 964 1229 κατέστη
986 1171 1166 1231 ἀνάγκην
1185 1173 1234 1215 δι’
1260 1172 1359 1229 ὅλης
1373 1170 1530 1230 ἡμέρας
1547 1171 1706 1230 πρηνὴς

218 1246 399 1300 κείμενος
419 1243 489 1286 διὰ
511 1244 584 1299 τὴν
612 1241 816 1301 ἁμαρτίαν
838 1243 965 1299 ’Ἀχαν
987 1245 1054 1286 καὶ
1077 1244 1152 1300 τὴν
1175 1247 1250 1286 τοῦ
1269 1247 1374 1286 λαοῦ
1391 1237 1531 1299 ἧτταν.
1603 1242 1704 1299 φησὶ

216 1313 296 1372 γάρ
316 1312 402 1357 ςκαὶ
426 1314 632 1371 διέρρηξεν
649 1314 816 1370 Ἰησοῦς
839 1314 890 1357 τὰ
913 1311 1056 1368 ἱμάτια
1076 1314 1217 1365 αὐτοῦ,
1249 1316 1316 1356 καὶ
1336 1312 1473 1356 ἔπεσεν
1493 1313 1556 1355 ἐπὶ
1574 1309 1705 1369 πρόσ-
1718 1313 1742 1349 1³

217 1402 329 1428 ωπον
370 1375 560 1426 ἐναντίον
590 1385 731 1442 κυρίου
766 1385 843 1435 ἕως
872 1382 1067 1441 ἑσπέρας,
1115 1384 1238 1434 αὐτὸς
1266 1385 1335 1426 καὶ
1367 1383 1405 1425 οἳ
1438 1381 1706 1441 πρεσβύτεροι

162 1456 193 1494 Β
213 1452 421 1512 Ἰσραήλ..
471 1455 540 1496 καὶ
568 1454 765 1509 ἐπέβαλον
790 1458 894 1509 χοῦν
925 1455 987 1496 ἐπὶ
1013 1454 1087 1509 τὴν
1114 1454 1296 1512 κεφαλὴν
1326 1453 1475 1505 αὐτῶν,
1507 1453 1574 1495 καὶ
1602 1450 1707 1495 εἶπεν

211 1524 404 1580 Ἰησοῦς·
455 1525 623 1578 δέομαι,
668 1522 803 1582 κύριε,
844 1525 914 1567 ἵνα
937 1525 979 1566 τί
999 1525 1232 1578 διεβίβασεν
1254 1522 1275 1566 ὃ
1297 1529 1394 1574 παῖς
1416 1540 1493 1565 σου
1515 1522 1586 1565 τὸν
1608 1521 1708 1564 λαὸν

215 1598 362 1638 τοῦτον
395 1593 466 1636 τὸν
492 1592 734 1651 Ἰορδάνην,
771 1596 1030 1651 παραδοῦναι
1054 1594 1177 1637 αὐτὸν
1198 1598 1257 1652 τῷ
1278 1593 1485 1651 Ἀμοραίῳ
1509 1586 1706 1635 ἀπολέσαι

215 1662 351 1721 ’ἣμᾶςς
387 1665 454 1706 καὶ
475 1665 517 1706 τί
536 1664 640 1721 ἐρῶ,
676 1664 760 1706 ἐπεὶ
791 1665 1011 1718 μετέβαλεν
1032 1663 1207 1722 Ἰσραὴλ
1235 1663 1306 1706 τὸν
1337 1663 1485 1718 αὐχένα
1516 1663 1704 1705 ἀπέναντι
1716 1665 1742 1700 2

217 1739 291 1778 τοῦ
316 1734 472 1790 ἐχθροῦ
491 1733 644 1789 αὗτοῦς
674 1735 742 1776 καὶ
763 1733 944 1784 ἀκούσας
965 1732 1236 1784 ὃΧαναναῖος
1256 1739 1324 1776 καὶ
1344 1732 1491 1784 πάντες
1508 1733 1546 1776 οἶ
1567 1749 1707 1775 κατοι-

219 1807 383 1855 κοῦντες
409 1802 484 1858 τὴν
515 1807 591 1860 γῆν
619 1802 990 1861 περικυκλιιῖσουσιν
1011 1801 1121 1859 ἡμᾶς
1151 1805 1219 1846 καὶ
1244 1805 1506 1860 ἐκτρίψουσιν
1528 1803 1608 1845 ἀπὸ
1634 1806 1708 1857 τῆς

218 1873 325 1931 γῆς’
399 1871 502 1933 δρᾷς
531 1873 643 1925 ὅπως
675 1875 743 1917 καὶ
774 1868 892 1925 οὗτος
919 1874 993 1930 οὐχ
1022 1868 1144 1930 ἦττον
1160 1875 1380 1925 Μωῦσέως
1410 1873 1613 1929 &dimovet
1638 1875 1706 1915 καὶ

312 2006 444 2040 Verum
471 2005 650 2040 enimvero
672 2017 816 2050 magnus
842 2004 911 2040 iste
935 2005 1061 2051 Iosua,
1101 2010 1138 2042 et
1161 2006 1223 2052 qui
1246 2006 1413 2042 miracula
1438 2006 1543 2042 etiam
1569 2005 1707 2041 edendo

220 2064 260 2088 se
282 2053 349 2088 deo
373 2064 491 2087 carum
516 2053 794 2097 demonstraret,
829 2065 900 2087 non
931 2058 1048 2087 tamen
1072 2053 1204 2088 doloris
1227 2054 1474 2100 variarumque
1496 2053 1567 2088 fuit
1589 2059 1707 2088 tenta-

220 2099 354 2135 tionum
380 2111 521 2146 expers.
569 2101 614 2134 de
638 2111 707 2144 quo
732 2099 843 2141 etiam*
860 2100 949 2134 haec
973 2100 1095 2135 divina
1119 2100 1319 2146 eloquentia
1338 2101 1465 2136 nobilis
1490 2101 1709 2145 Chrysosto-

220 2158 297 2182 mus
321 2146 421 2181 dicit.
472 2146 655 2181 considera
681 2146 765 2180 mihi
789 2146 874 2191 quid
896 2146 948 2181 rei
969 2146 1017 2181 sit
1040 2147 1152 2182 iustus
1179 2148 1293 2184 homo.
1330 2148 1435 2183 iussit
1457 2149 1564 2182 Iosua
1582 2148 1708 2182 Nauae

220 2195 268 2229 F.
293 2193 401 2228 solem
427 2193 622 2229 subsistere
645 2193 744 2228 iuxta
768 2194 934 2228 Gabaoth
958 2193 1143 2240 lunamque
1174 2196 1218 2229 ad
1246 2195 1371 2230 vallem
1394 2195 1564 2237 Eloman3
1600 2200 1709 2239 atque

215 2239 270 2275 ita
293 2241 423 2275 factum
449 2245 517 2275 est.
566 2240 619 2275 ita
644 2240 735 2275 enim
761 2246 817 2275 est
840 2240 1009 2286 scriptum
1034 2237 1101 2276 “ac
1131 2243 1290 2277 substitit
1322 2243 1375 2278 sol
1407 2243 1446 2277 in
1477 2242 1592 2276 medio
1618 2239 1708 2276 caeli

217 2299 331 2333 usque
351 2287 397 2322 ad
415 2287 519 2322 finem
543 2287 646 2322 unius
671 2284 781 2322 diei.”
829 2293 980 2333 quantus
1000 2287 1075 2323 dies
1098 2300 1212 2334 neque
1235 2296 1317 2324 ante
1341 2290 1410 2324 fuit
1433 2301 1548 2335 neque
1567 2295 1707 2334 postea,

216 2334 269 2369 ita
292 2340 367 2369 tum
391 2334 478 2369 deus
503 2334 634 2369 homini
660 2335 933 2380 obtemperavit.
982 2334 1049 2369 hoc
1071 2335 1183 2371 Mosis
1218 2337 1314 2372 facta
1346 2342 1504 2384 superat.
1553 2340 1592 2378 at
1615 2335 1708 2370 enim

216 2392 362 2426 magnus
387 2380 456 2415 iste
479 2386 585 2427 atque
608 2381 776 2416 mirificus
798 2387 834 2416 et
853 2381 1069 2416 admirabilis
1088 2382 1200 2418 Mosis
1225 2395 1420 2428 successor,
1447 2382 1597 2419 omnium
1617 2393 1709 2427 quae

214 2427 278 2462 isti
301 2428 450 2463 molesta
474 2429 673 2475 acerbaque
698 2433 901 2473 evenerant,
925 2433 1060 2474 partem
1085 2429 1163 2476 ipse
1188 2442 1329 2476 quoque
1352 2430 1477 2466 sensit.
1525 2441 1596 2464 non
1616 2428 1709 2463 enim

213 2474 318 2509 modo
344 2475 491 2509 vivente
516 2476 704 2511 etiamnum
726 2475 828 2510 Mose
856 2482 991 2510 vestem
1025 2476 1198 2512 laceravit
1222 2489 1317 2513 suam
1342 2489 1453 2524 seque
1476 2476 1597 2511 cinere
1622 2487 1710 2510 con-

214 2522 347 2568 spersit
367 2522 490 2565 (Num.
517 2522 590 2568 14),
615 2523 679 2557 sed
706 2534 748 2556 eo
772 2523 938 2558 defuncto
959 2523 996 2557 in
1020 2524 1143 2558 maiori
1166 2536 1288 2560 rursus
1314 2525 1525 2560 constitutus
1549 2522 1619 2557 fnit
1644 2535 1708 2557 ne-

214 2568 442 2612 cessitudine,
469 2580 600 2614 pronus
626 2568 720 2604 humi
743 2574 853 2604 totum
879 2570 970 2604 diem
994 2576 1190 2616 prostratus
1213 2573 1256 2607 ob
1277 2571 1413 2607 Achani
1436 2576 1619 2617 peccatum
1641 2581 1708 2616 po-

215 2614 360 2660 pulique
383 2614 531 2651 cladem.
581 2616 633 2651 sic
665 2616 756 2651 enim
790 2617 897 2651 habet
920 2617 1097 2664 scriptura
1120 2619 1217 2663 (Ios.
1243 2621 1289 2665 7)
1322 2615 1383 2654 “et
1404 2617 1578 2652 laceravit
1602 2617 1710 2651 Iosua

215 2667 336 2696 vestes
359 2673 462 2708 suas,
499 2674 609 2708 seque
633 2675 749 2698 coram
773 2663 912 2698 domino
939 2664 975 2698 in
999 2665 1126 2700 faciem
1152 2666 1346 2712 prostravit
1368 2676 1479 2711 usque
1507 2665 1551 2699 ad
1577 2675 1708 2709 vespe-

220 2720 315 2753 ram,
342 2719 490 2755 cumque
512 2709 591 2756 ipso
616 2710 773 2745 seniores
796 2711 934 2757 populi,
968 2711 1220 2759 pulveremque
1246 2713 1420 2760 capitibus
1446 2711 1520 2747 suis
1544 2712 1708 2757 ingesse-

221 2760 317 2790 runt.
367 2756 528 2802 dixitque
547 2757 670 2791 Iosua:
702 2758 863 2804 obsecro,
888 2759 1039 2804 domine,
1065 2771 1126 2794 cur
1146 2760 1296 2795 famulus
1319 2765 1400 2795 tuus
1427 2759 1592 2805 populum
1617 2758 1710 2791 hunc

220 2806 319 2837 trans
343 2802 528 2838 Iordanem
553 2804 684 2839 duxit?
725 2817 769 2839 an
789 2811 828 2840 ut
849 2816 926 2840 eum
947 2807 1129 2843 Amoraeis
1153 2807 1338 2843 delendum
1363 2806 1581 2852 praeberet?
1624 2804 1710 2850 quid

222 2850 313 2884 enim
333 2849 458 2895 dicam,
485 2855 670 2897 postquam
690 2852 877 2888 Israelicus
903 2853 1052 2899 populus
1074 2860 1175 2901 terga
1200 2854 1294 2890 hosti
1318 2854 1456 2888 vertit?
1481 2853 1627 2888 audient
1643 2851 1710 2886 hoc

222 2896 427 2931 chananaei
450 2909 491 2932 ac
514 2897 643 2943 reliqui
665 2904 784 2934 terrae
808 2899 910 2935 huius
934 2900 1089 2947 incolae,
1125 2913 1260 2947 nosque
1285 2901 1561 2946 circumcingcnt
1587 2905 1624 2933 et
1647 2910 1711 2932 ex-

220 2941 419 2979 scindent.”
444 2944 591 2981 videsne
611 2946 703 2981 hunc
726 2959 795 2982 non
821 2947 949 2983 minori
973 2959 1075 2995 quam
1094 2948 1229 2984 Mosam
1253 2948 1366 2984 fuisse
1390 2948 1427 2982 in
1453 2947 1632 2983 anxietate
1654 2950 1710 2980 at-
