1742 3184
207 213 304 261 122
687 212 928 259 GEORGII
959 213 1206 259 CEDRENI

145 333 179 371 D
205 327 400 391 διφθέρᾳ.
469 327 620 374 κελεύει
651 331 695 375 δὲ
721 329 883 387 ὀμνύειν
906 331 1035 387 μηδὲν
1060 328 1294 387 ἠδικηκέναι
1321 331 1411 387 περὶ
1437 329 1508 374 τὸν
1538 329 1684 391 ἄνδρα.

200 405 450 458 παραβᾶσαν
471 401 515 443 δὲ
535 400 582 444 τὸ
606 405 797 459 σῶφρον,
831 404 906 444 τοῦ
936 402 1071 452 δεξιοῦ
1104 401 1272 451 σκέλους
1299 399 1346 442 τὸ
1376 399 1541 459 ἄρθρον
1561 401 1686 460 ἔξαρ-

197 476 308 530 θρον
336 472 550 527 γενέσθαι,
596 473 664 514 καὶ
694 471 769 527 τὴν
799 470 979 528 γαστέρα
1009 475 1258 528 πρισθεῖσαν
1290 468 1421 522 οὕτως
1445 470 1685 515 ἀποθανεῖν.

197 541 268 584 ἐὰν
289 541 332 583 δὲ
353 539 431 583 ὑπὸ
453 543 609 583 πολλοῦ
637 540 787 600 ἔρωτος
806 542 874 583 καὶ
899 545 972 596 τῆς
993 539 1142 583 τούτου
1165 541 1409 596 ζηλοτυπίας
1428 545 1640 599 προπετῶς
1663 539 1684 584 ὅ

198 611 303 668 ἀνὴρ
332 611 401 653 διὰ
432 610 507 665 τὴν
538 608 734 653 ὑπόνοιαν
771 611 830 666 εἴη
863 611 1139 666 κεκινημένος,
1178 611 1274 665 μηνὶ
1306 608 1464 669 δεκάτῳ
1494 612 1724 667 γενέσθαιὸ

197 682 361 723 παιδίον
386 679 508 737 ἄρρεν
532 680 651 739 αὐτῇ.
720 685 801 723 τῶν
824 681 869 723 δὲ
892 679 1025 737 ὅρκων
1046 680 1358 733 τελειωθέντων,
1389 684 1463 736 τῆς
1481 682 1689 739 διφθέρας

202 751 437 806 ἀπαλείψας
456 749 658 805 τοῦνομα,
696 753 752 801 εἷς
772 749 925 808 φιάλην
941 751 1121 803 ἐκπιέζει.
1190 751 1472 808 προσκομίσας
1489 751 1535 793 δὲ
1553 752 1595 794 ἔκ
1616 755 1690 806 τῆς

200 825 275 864 τοῦ
308 820 419 877 ἱεροῦ
444 823 518 876 γῆς
548 820 590 862 εἶ’
599 838 639 863 τι
659 817 882 878 προστύχοι
896 852 910 872 ,
945 821 1012 862 καὶ
1035 817 1303 872 καταπάσας,
1339 822 1487 863 ἐκπιεῖν
1510 822 1690 863 δίδωσιν.

199 888 226 946 ἦ
252 890 296 932 δὲ
321 892 356 932 εἲ
375 890 450 945 μὲν
471 890 622 941 ἀδίκως
639 889 839 947 ἐνεκλήθη
850 922 863 942 ,
908 888 1094 946 ἐγκύμων
1111 907 1155 932 τε
1172 891 1322 946 γίνεται
1343 891 1410 933 καὶ
1431 894 1690 948 τελεσφορεῖ-

82 971 108 1004 Ρ
134 971 178 1007 69
201 978 268 1003 ται
288 959 394 1002 κατὰ
412 959 486 1015 τὴν
504 961 697 1018 γαστέρα.
766 961 1007 1015 ψευσαμένη
1037 961 1081 1003 δὲ
1103 960 1175 1002 τὸν
1199 959 1332 1018 ἄνδρα
1355 961 1419 1002 ἐπὶ
1440 966 1526 1011 τοῖς
1541 959 1689 1017 γάμοις
1703 970 1742 1006 lt]

202 1031 269 1073 καὶ
292 1029 363 1072 τὸν
389 1029 492 1072 θεὸν
517 1031 580 1072 ἐπὶ
598 1037 683 1082 τοῖς
703 1029 841 1088 ὅρκοις
860 1029 955 1086 μετ’
983 1028 1177 1086 αἰσχύνης
1197 1030 1471 1087 καταστρέφει
1494 1029 1565 1072 τὸν
1582 1033 1690 1085 βιόν,

202 1104 276 1142 τοῦ
293 1117 334 1142 τε
358 1100 527 1150 σκέλους
546 1100 787 1152 ἐκπεσόντος
819 1101 946 1156 αὐτῆς
973 1101 1043 1143 καὶ
1063 1099 1136 1156 τὴν
1155 1101 1312 1143 κοιλίαν
1333 1098 1485 1158 ὖδέρου
1508 1104 1693 1143 καταλα·

202 1169 361 1224 βόντος.

334 1238 434 1283 Ἀπὸ
458 1240 622 1294 βιβλίου
645 1236 840 1296 τετάρτου
861 1242 936 1282 τοῦ
961 1237 1091 1281 αὐτοῦ
1100 1269 1112 1289 ,
1160 1236 1222 1280 ὅτι
1246 1237 1328 1280 ἀπὸ
1355 1239 1596 1294 ἇμυγδαλῆς
1620 1236 1693 1281 οὕ-

203 1326 282 1366 σης
300 1314 374 1365 τῆς
395 1306 552 1368 ῥάβδου
567 1308 727 1366 Ἀαρὼν
745 1307 966 1365 ἀμύγδαλα
987 1309 1054 1350 καὶ
1080 1307 1117 1350 οἶ
1136 1309 1286 1365 καρποὶ
1307 1306 1551 1366 ὥράθησαν.
1706 1315 1742 1352 15

335 1379 427 1422 ’Ότι
451 1377 540 1421 ὅσοι
564 1379 614 1421 ἂν
636 1378 808 1429 ἑαυτοὺς
828 1382 1078 1435 καθιερῶσιν
1100 1376 1221 1432 εὐχὴν
1243 1378 1503 1433 πεποιημένοι
1512 1410 1526 1430 ,
1562 1379 1695 1431 Ναζι-

204 1455 313 1507 ραῖοι
347 1443 459 1492 οὗτοι
489 1452 730 1502 καλοῦνται,
792 1453 996 1503 κομῶντες
1025 1448 1093 1490 καὶ
1128 1445 1234 1490 οἶνον
1264 1447 1323 1503 μὴ
1354 1446 1695 1506 προσφερόμενοι.

203 1518 374 1570 τούτους
397 1518 464 1571 δέ,
501 1518 599 1562 ὅταν
627 1519 704 1570 τὰς
730 1520 875 1576 τρίχας
910 1518 1133 1575 ἀφιερῶσιν
1166 1518 1229 1558 ἐπὶ
1253 1520 1385 1576 θυσία
1404 1535 1447 1560 τε
1471 1520 1601 1575 δρῶσι
1622 1518 1697 1569 τὰς

203 1588 377 1647 κουράς,
408 1589 617 1643 ,νέμεσθαι
639 1589 743 1646 πρὸς
764 1588 861 1638 τοὺς
885 1587 1028 1645 ἱερέας.
1100 1589 1166 1629 καὶ
1189 1587 1227 1629 οἳ
1249 1586 1408 1644 κορβὰν
1427 1587 1578 1639 αὖτοὺς
1602 1582 1698 1630 ὀνο-ἓ

202 1658 408 1714 μάσαντες
429 1662 487 1717 τῷ
506 1663 596 1718 θεῷ
617 1660 772 1715 (δῶρον
792 1658 835 1700 δὲ
852 1662 973 1700 τοῦτο
994 1656 1201 1712 σημαίνει)
1224 1655 1468 1712 βουλόμενοι
1492 1657 1742 1716 ἄφίεσθαιξ(

148 1743 179 1779 Β
204 1734 276 1785 τῆς
295 1729 572 1786 λειτουργίας,
615 1735 701 1779 τοῖς
729 1727 879 1785 ἱερεῦσι
906 1729 1158 1781 καταβαλεῖν
1186 1726 1232 1769 τὸ
1265 1725 1474 1786 ἀργύριον,
1507 1727 1699 1785 γυναικὸς

201 1801 277 1856 μὲν
294 1797 515 1857 τριάκοντα
535 1799 721 1850 σίκλους,
754 1797 904 1854 ἀνδρὸς
925 1797 970 1839 δὲ
992 1794 1251 1851 πεντήκοντα.

332 1868 424 1911 ’Ότι
450 1869 625 1911 Βαλαὰκ
647 1867 782 1912 πεσών
809 1868 873 1909 ἐπὶ
902 1864 1036 1921 στόμα
1063 1865 1114 1908 τὰ
1146 1863 1265 1921 πάθη
1286 1864 1520 1924 προύλεγεν,
1556 1864 1635 1910 ὅσα
1656 1884 1699 1910 τε

204 1942 443 1995 βασιλεῦσιν
466 1937 579 1981 ἔσται
607 1939 678 1982 καὶ
701 1936 780 1981 ὅσα
802 1935 942 1980 πόλεσι
964 1942 1054 1988 ταῖς
1082 1935 1449 1993 ἀξιολογωτάταις,
1490 1930 1547 1980 ὧν
1577 1937 1701 1989 ἐνίαις

303 2049 322 2084 1
343 2045 448 2093 παρὰ
474 2048 506 2082 P

209 2141 390 2177 mulierem
413 2141 533 2176 iurare
559 2150 599 2175 se
622 2139 729 2174 fidem
751 2138 880 2176 marito
903 2149 1083 2184 servasse,
1110 2151 1226 2185 neque
1249 2138 1457 2187 pudicitiam
1482 2139 1705 2186 negligenter

209 2190 398 2224 habuisse:
433 2189 465 2223 si
489 2198 591 2223 secus
615 2185 763 2232 fecerit,
787 2185 975 2232 imprecari
999 2186 1069 2220 sibi
1093 2192 1133 2221 ut
1155 2189 1237 2221 'crus
1259 2199 1360 2223 suum
1381 2187 1542 2222 dextrum
1561 2187 1704 2222 luxetur

208 2242 408 2281 ventreque
432 2239 600 2281 crepante
623 2233 806 2268 moriatur.
854 2233 982 2279 quodsi
1009 2232 1066 2267 vir
1094 2233 1200 2268 nimio
1223 2245 1342 2269 amore
1372 2235 1416 2268 ad
1436 2234 1528 2269 hanc
1548 2239 1703 2269 temera-

208 2283 297 2318 riam
322 2282 616 2317 obtrectationem
639 2281 750 2315 fuerit
772 2280 970 2328 prolapsus,
996 2279 1076 2325 ipsa
1098 2280 1235 2315 decimo
1262 2286 1344 2326 post
1365 2293 1486 2316 mense
1512 2281 1703 2316 masculum

209 2330 341 2376 pariat.
390 2329 586 2363 iuramento
617 2332 763 2374 peracto
798 2339 924 2361 nomen
960 2327 1019 2361 dei
1054 2338 1076 2361 a
1112 2329 1313 2362 membrana
1345 2327 1459 2372 delet,
1494 2339 1641 2373 eamque
1665 2327 1704 2362 in

210 2382 372 2423 pateram
398 2376 575 2422 exprimit,
600 2375 853 2420 pulveremque
878 2373 1012 2419 templi,
1037 2373 1075 2407 in
1099 2386 1201 2419 quam
1224 2375 1319 2409 forte
1342 2374 1490 2420 incidit,
1513 2374 1704 2421 inspergit,

209 2424 474 2469 bibendumque
498 2420 637 2457 mulieri
660 2421 820 2455 exhibet.
869 2432 929 2466 ea,
954 2420 1127 2466 siquidem
1152 2422 1274 2456 insons
1299 2428 1365 2467 est,
1390 2422 1523 2456 foetum
1547 2421 1704 2467 concipit

211 2482 254 2505 ac
278 2482 342 2505 suo
366 2475 526 2515 tempore
550 2468 666 2515 parit:
691 2467 819 2513 quodsi
842 2467 921 2502 viro
946 2467 1050 2502 fidem
1074 2468 1205 2503 fefellit
1228 2481 1269 2503 ac
1292 2469 1360 2503 deo
1385 2468 1581 2515 peieravit,
1605 2467 1705 2515 turpi

211 2523 326 2552 morte
345 2528 388 2551 ea
412 2516 518 2563 perit,
540 2526 643 2550 crure
662 2514 849 2549 excidente
871 2520 909 2549 et
930 2520 1057 2549 ventre
1075 2526 1167 2560 aqua
1187 2515 1364 2551 intercute
1384 2515 1556 2550 distento.

306 2565 361 2598 De
386 2568 514 2608 quarto
540 2562 632 2597 libro
658 2561 832 2596 eiusdem:
863 2561 909 2596 de
939 2563 1067 2596 arbore
1095 2563 1304 2607 amygdalus·
1334 2562 1498 2609 proferre
1533 2562 1613 2597 nisa
1634 2561 1705 2597 fuit

213 2611 317 2656 virga
338 2609 503 2654 Aaronis,
524 2609 647 2653 itaque
667 2613 704 2643 et
727 2607 931 2654 amygdalos
955 2609 1119 2653 proferre
1141 2609 1222 2644 visa
1243 2610 1326 2644 suit.

309 2657 382 2699 Qui
412 2662 497 2691 voto
527 2659 699 2700 concepto
723 2667 763 2690 se
784 2655 884 2703 ipsos
906 2655 973 2690 deo
999 2661 1228 2702 consecrant,
1260 2654 1431 2691 Naziraei
1456 2655 1705 2702 appellantur3

212 2705 319 2749 hique
345 2715 476 2738 comam
501 2702 599 2737 alunt
625 2707 661 2736 et
684 2703 769 2737 vino
795 2702 988 2737 abstinent.
1020 2702 1057 2737 hi
1081 2714 1157 2737 cum
1182 2715 1314 2739 comam
1338 2703 1501 2746 tondent,
1526 2701 1704 2737 sacrificio

211 2750 371 2786 adhibito
406 2762 482 2784 eam
516 2750 583 2784 deo
616 2749 788 2794 offerunt,
826 2750 1048 2784 sacerdotum
1076 2762 1200 2795 opera.
1249 2755 1288 2785 et
1319 2749 1381 2795 qui
1414 2761 1454 2784 se
1484 2749 1551 2784 deo
1575 2749 1704 2783 donum

210 2797 373 2841 (Corban
388 2796 426 2832 id
441 2796 597 2831 Ebraice
612 2796 758 2840 dicitur)
784 2801 999 2842 nuncupant,
1024 2796 1051 2830 ii
1075 2797 1105 2831 si
1125 2797 1272 2832 liberari
1296 2796 1418 2832 officio
1442 2795 1568 2841 velint,
1592 2807 1703 2842 pecu-

211 2845 307 2880 niam
329 2844 573 2879 sacerdotibus
598 2843 814 2889 dependunt,
840 2843 965 2879 mulier
988 2843 1094 2878 siclos
1117 2845 1176 2889 30,
1200 2843 1258 2878 vir
1279 2843 1339 2879 50.

306 2891 477 2927 Balaacus
509 2891 546 2925 in
581 2890 708 2925 faciem
746 2902 892 2937 pronum
918 2902 958 2925 se
982 2896 1144 2925 sternens
1169 2889 1348 2936 praedixit
1371 2899 1463 2935 quae
1486 2887 1706 2923 calamitates

213 2938 358 2986 regibus
383 2945 422 2975 et
439 2938 589 2974 urbibus
612 2937 830 2985 praecipuis,
853 2948 1000 2985 quarum
1025 2938 1198 2985 quaedam
1220 2941 1295 2973 tum
1318 2948 1364 2972 ne
1385 2935 1539 2972 habitari
1563 2934 1705 2983 quidem
