1742 3184
392 111 796 196 HISTORIARUM
835 149 1233 199 COMPENDIUM.
1493 151 1559 198 23

67 265 113 307 δὲ
133 261 286 320 ταύτην
305 262 528 322 ἅνθρωπος
549 262 837 323 ἓρμηνεῦεται’
870 262 982 322 καὶῆ
1003 270 1077 310 τοῦ
1099 269 1197 310 Νῶε
1217 266 1473 324 προσηγορία
1491 269 1556 310 δι-
1577 274 1609 310 Β

65 333 286 390 καιοσύνην
305 336 519 390 σημαίνει,
556 337 625 378 καὶ
643 334 764 386 Χοῧς
779 335 967 391 Αἰθίοψ,
1006 337 1075 379 καὶ
1098 337 1304 395 Μεστρέμ
1323 331 1555 394 Αἴγυπτος,

63 405 133 447 καὶ
156 405 295 448 Φαλέκ
317 402 540 462 μερισμός,
575 406 643 448 καὶ
663 405 872 460 Βαβυλὼν
892 403 1100 462 σύγχυσις.

161 515 163 517 .
193 472 285 517 τὈτι
301 474 404 529 μετὰ
427 474 498 518 τὸν
514 474 804 531 κατακλυσμὸν
824 476 900 526 ἕως
915 480 989 531 τῆς
1006 478 1236 534 διασπορᾶς
1253 471 1373 531 μόνοι
1390 475 1429 519 οἱ
1445 481 1555 534 τρεῖς

28 540 270 607 ὅῆγήσαντο
305 549 387 587 τῶν
413 548 577 588 πολλῶν
610 544 789 599 εὐσεβῶς
796 578 810 598 ,
844 549 942 595 Νῶε
958 545 1058 602 Σὴμ
1084 547 1154 590 καὶ
1177 545 1395 604 Ἀρφαξὰδ
1416 543 1438 590 ὁ
1462 546 1555 597 υἱὸς

60 619 135 657 τοῦ
155 611 265 669 Σήμ,
301 612 369 670 ἔτη
388 613 501 672 ᾳιλὸ”.
533 618 609 658 τοῦ
627 615 671 658 δὲ
690 613 847 670 κόσμου
869 614 959 666 ἔτος
975 610 1026 671 ἦν
1040 613 1194 671 ῥ’ψος’·
1225 619 1285 674 τῷ
1304 615 1384 674 γὰρ
1407 613 1553 674 sscpqss‘

60 681 137 726 ἔτει
158 685 227 726 καὶ
245 687 342 727 Νῶε
364 682 385 726 ὅ
411 685 567 735 δίκαιος
585 683 807 741 ἐκοιμήθη,
829 683 886 728 ὢν
909 686 1011 729 ἐτῶν
1029 685 1271 729 ἐννακοσίων
1288 684 1554 742 πεντήκοντα.

57 758 140 796 τῶν
163 755 208 796 δὲ
228 751 324 811 φλιῗ
340 752 544 812 χρόνωνὸ
569 753 754 811 ἀριθμὸς
773 749 918 807 οὗτος·
966 759 1063 801 Νῶε
1098 756 1151 799 τὰ
1183 755 1290 811 μετὰ
1318 756 1391 798 τὸν
1421 773 1552 799 κατα-

57 822 241 878 κλυσμὸν
268 822 336 880 ἴτη
366 822 440 876 τν’,
469 823 566 880 Σὴμ
587 823 656 880 ἔτη
680 822 756 883 ρν’,
791 827 858 868 καὶ
877 824 1095 883 Ἀρφαξὰὸ
1116 825 1184 881 ἴτη
1207 824 1283 882 λγ’,
1354 824 1460 881 ὁμοῦ
1481 825 1550 882 ἔτη

1 899 48 937 10
59 891 153 958 φλγ’
164 925 179 946 ,
213 897 286 949 τῆς
307 893 439 951 ἀρχῆς
456 898 539 938 τῶν
559 892 695 937 ἄλλων
714 896 756 938 ἓν
777 899 836 955 τῷ
857 893 1039 954 τετάρτῳ
1058 895 1197 954 χρόνῳ
1219 896 1552 952 λαμβανομένης.

56 970 307 1022 συγγραφεῖς
339 965 384 1007 δὲ
413 968 497 1007 τῶν
519 965 759 1021 Αἰγυπτίων
779 966 850 1008 καὶ
869 967 1099 1009 Χαλδαίων
1122 959 1234 1009 οὗτοι
1246 998 1259 1019 ,
1294 963 1503 1018 Μάνεθος
1524 964 1546 1010 ὁ
1570 972 1602 1008 C

54 1031 130 1088 τὴν
150 1037 231 1076 τῶν
241 1035 482 1091 Αἰγυπτίων
503 1032 780 1091 ποιησάμενος
792 1035 1050 1095 συγγραφήν,
1078 1036 1297 1094 Βηροσσὸς
1314 1034 1334 1078 ὅ
1356 1037 1410 1079 τὰ
1426 1038 1527 1079 Χαλ
1540 1062 1550 1069 ·

55 1102 180 1146 δαϊκά
212 1102 479 1161 συναγαγών,
527 1103 691 1160 Μῶχός
719 1123 764 1150 τε
794 1107 864 1149 καὶ
891 1103 1125 1159 ίΕστιαΐος,
1162 1107 1230 1148 καὶ
1260 1105 1365 1164 πρὸς
1390 1104 1552 1158 τούτοις

52 1170 284 1229 Αἰγύπτιος
299 1171 555 1233 Ἱερώνυμος.
603 1175 643 1218 οἷ
665 1175 711 1219 δὲ
729 1174 780 1219 τὰ
804 1175 977 1219 Φοινικὰ
1000 1173 1551 1234 συγγραψάμενοι“Ησιόὸ’ός

0 1249 42 1288 15
54 1259 97 1286 τε
127 1244 196 1286 καὶ
222 1240 466 1299 Ἑκαταῖος,
492 1243 738 1299 (Ελλάνικος
758 1246 828 1290 καὶ
850 1243 1174 1302 ὁἈκουσίλαος,
1200 1244 1391 1306 ’Ἔφορός
1411 1263 1454 1290 τε
1479 1247 1549 1289 καὶ

50 1310 273 1365 Νικόλαος.
1256 1369 1259 1370 ⁷

193 1386 269 1442 Τῷ
299 1379 442 1442 „quoss‘
474 1380 552 1426 ἴτει
583 1387 657 1427 τοῦ
691 1381 851 1439 κόσμου
861 1416 884 1438 ,-
911 1385 1188 1445 ἰνακοσιοστῷ
1216 1389 1446 1444 τριακοστῷ
1469 1383 1548 1428 ἔτει

49 1457 125 1496 τοῦ
145 1456 265 1506 Νῶε,
300 1451 408 1495 κατὰ
435 1456 553 1495 θεῖον
583 1451 771 1508 δηλονότι
797 1455 991 1511 χρησμὸν
1010 1455 1169 1513 ἐμέρισε
1193 1459 1292 1498 Νῶε
1309 1462 1395 1506 τοῖς
1415 1457 1547 1512 τρισὶν

49 1523 155 1573 υἱοῖς
174 1523 303 1567 αὐτοῦ
320 1521 396 1578 τὴν
413 1526 489 1578 γῆν
511 1520 632 1566 οὕτω.
662 1522 758 1578 Σὴμ
779 1527 838 1582 τῷ
859 1523 1106 1583 πρωτοτόκῳ
1131 1524 1258 1567 αὐτοῦ
1277 1524 1376 1583 υἱῷ,
1408 1523 1548 1581 ἄγοντι

0 1590 140 1644 ἰοῖτος
158 1591 496 1652 τετρακοσιοστὸν
516 1592 759 1651 τριακοστὸν
780 1597 957 1650 πρῶτον,
984 1593 1134 1637 ἔδωκεν
1151 1593 1232 1636 ἀπὸ
1249 1595 1459 1650 Περσίδος
1475 1596 1544 1638 καὶ

48 1661 254 1721 Βάκτρων
286 1662 364 1714 ἕως
388 1662 562 1718 Ἰνδικῆς
579 1667 734 1719 μῆκος,
779 1660 935 1715 πλάτος
961 1664 1004 1706 δὲ
1027 1663 1107 1707 ἀπὸ
1126 1663 1298 1718 Ἰνδικῆς
1321 1666 1397 1715 ἕως
1412 1663 1543 1707 Ῥινο-
1562 1671 1597 1706 1)

49 1731 288 1791 κουρούρων
309 1737 385 1788 τῆς
407 1730 646 1788 Αἰγύπτου,
681 1731 772 1789 ἤτοι
794 1732 847 1776 τὰ
869 1732 949 1776 ἀπὸ
975 1733 1177 1790 ἀνατολῆς
1202 1734 1278 1785 ἕως
1299 1734 1452 1793 μέρους
1469 1739 1545 1790 τῆς

46 1804 329 1861 μεσημβρίας,
363 1799 438 1858 τήν
467 1819 511 1845 τε
530 1804 709 1861 Συρίαν,
744 1802 772 1859 ἣ
792 1800 1058 1847 καὶζἸουὸαἴα
1079 1804 1235 1859 λέγεται
1261 1805 1350 1859 (καὶ
1371 1803 1450 1860 γὰρ
1473 1805 1543 1846 καὶ

49 1873 89 1916 οἱ
109 1874 281 1916 παλαιοὶ
299 1870 464 1931 Σύρους
495 1872 593 1924 τοὺς
619 1873 940 1930 Παλαιστηνοὺς
963 1872 1216 1931 ὠνόμαζον),
1261 1875 1329 1916 καὶ
1349 1875 1542 1930 Μηδίαν,

46 1986 161 2018 notat.
208 1981 262 2018 sic
284 1981 368 2017 Noa
384 1981 570 2027 iustitiam,
597 1982 693 2017 Chus
713 1982 949 2030 Aethiopem,
972 1983 1173 2020 Mem-emus
1194 1983 1420 2030 Aegyptum,
1443 1981 1540 2019 Pha-

47 2029 144 2065 lecus
169 2029 395 2074 divisionem,
419 2028 581 2075 Babylon
606 2030 861 2066 confusionem.

139 2075 171 2111 A
202 2076 337 2112 diluvio
369 2087 482 2122 usque
514 2075 559 2111 ad
591 2076 849 2123 dispersionem
881 2081 1016 2112 tantum
1049 2076 1087 2111 hi
1122 2080 1197 2111 tres
1231 2075 1449 2111 multitudini
1478 2075 1541 2123 pie

44 2124 299 2171 praefuerunt,
335 2124 418 2159 Noa
448 2123 574 2158 Samus
609 2128 647 2159 et
680 2124 783 2160 huius
818 2124 912 2160 filius
943 2123 1201 2170 Arphaxadus,
1235 2124 1337 2158 annis
1366 2122 1454 2167 534,
1492 2123 1539 2159 ad

45 2182 174 2206 annum
197 2170 318 2206 mundi
341 2171 445 2207 2776.
494 2175 651 2206 mortuus
682 2170 774 2206 enim
808 2178 864 2207 est
890 2172 972 2207 Noa
1004 2171 1119 2206 iustus
1150 2182 1242 2205 anno
1274 2170 1387 2213 2592,
1426 2181 1538 2205 annos

46 2224 152 2253 natus
170 2218 253 2253 950.
302 2228 410 2263 porro
439 2216 510 2253 534
542 2229 632 2263 quos
658 2218 832 2264 diximus,
868 2218 952 2253 anni
978 2218 1031 2252 sic
1058 2223 1299 2252 numeruntur.
1347 2216 1431 2251 Noa
1454 2220 1538 2261 post

46 2264 218 2299 diluvium
241 2276 352 2300 annos
378 2265 466 2309 350,
503 2264 630 2299 Semus
654 2278 765 2300 annos
787 2267 873 2311 150,
906 2264 1139 2312 Arphaxadus
1163 2275 1274 2298 annos
1297 2263 1344 2298 33
1405 2272 1539 2297 summa

47 2311 132 2346 anni
154 2310 242 2356 533,
275 2311 379 2346 initio
400 2310 616 2357 reliquorum
639 2311 677 2347 in
701 2312 726 2348 4
748 2324 857 2358 supra
880 2312 950 2347 530
980 2323 1070 2346 anno
1094 2315 1247 2356 sumpto.
1297 2308 1359 2355 qui
1380 2320 1440 2344 res
1463 2310 1535 2345 Ae-

44 2358 235 2404 gyptiacus
260 2363 296 2393 et
319 2357 530 2393 chaldaicas
555 2359 856 2405 conscripserunt,
879 2358 917 2393 hi
938 2364 1034 2393 sunt.
1082 2356 1271 2391 Manethus
1295 2355 1442 2402 scripsit
1462 2356 1535 2391 Ae-

43 2405 229 2451 gyptiace,
253 2406 428 2440 Berossus
448 2405 640 2440 Chaldaica
659 2406 813 2452 collegit,
835 2411 907 2441 tum
922 2405 1071 2440 Mochus
1091 2408 1127 2438 et
1142 2403 1345 2447 Hestiaeus,
1369 2414 1412 2437 ac
1428 2414 1537 2448 prae-

44 2459 103 2487 ter
125 2452 190 2486 hos
212 2452 454 2496 Hieronymus
476 2452 690 2498 Aegyptius.
713 2453 931 2488 Phoenicum
952 2464 1010 2487 res
1035 2451 1323 2497 conscripserunt
1341 2449 1533 2496 Hesiodus,

44 2498 264 2544 Hecataeus,
286 2498 504 2543 Hellanicus,
526 2500 724 2546 Acusilaus,
747 2501 917 2547 Ephorus
939 2505 975 2534 et
995 2498 1180 2533 Nicolaus.

139 2546 242 2580 Anno
267 2547 312 2581 ab
335 2545 475 2591 origine
492 2547 612 2582 mundi
633 2548 728 2584 2572
748 2548 832 2583 Noa
854 2558 980 2582 annum
1006 2544 1134 2579 aetatis
1156 2555 1264 2590 agens
1285 2543 1373 2588 930,
1391 2541 1535 2578 oraculo

46 2591 209 2628 nimirum
232 2592 406 2628 divinitus
433 2598 583 2639 accepto
611 2594 727 2629 tribus
748 2594 822 2630 suis
848 2594 932 2629 filiis
958 2599 1088 2628 terram
1111 2590 1306 2635 distribuit,
1329 2590 1396 2625 hoc
1415 2589 1534 2624 modo.

48 2641 154 2675 Semo
177 2639 415 2686 primogenito
439 2651 503 2674 suo
523 2640 620 2687 filio,
659 2654 787 2677 annum
820 2640 950 2677 aetatis
982 2637 1362 2684 quadringentesimum
1387 2635 1535 2682 trigesi-

46 2698 139 2722 mum
159 2686 308 2732 primum
326 2687 460 2733 agenti,
486 2687 587 2722 dedit
603 2688 686 2734 quic
711 2689 772 2724 uid
795 2693 915 2724 terrae
937 2686 974 2720 in
993 2687 1134 2731 longum
1152 2684 1330 2720 aPerside
1348 2688 1385 2719 et
1393 2682 1535 2719 Bactria

47 2745 162 2779 usque
185 2735 231 2769 ad
251 2734 390 2770 Indiam
414 2735 620 2781 porrigitur,
643 2701 807 2772 inqamm
829 2737 872 2770 ab
894 2734 997 2769 India
1019 2744 1131 2777 usque
1155 2731 1199 2768 ad
1221 2731 1444 2767 Rinocorura
1462 2731 1534 2765 Ae-

46 2780 154 2835 gypti
167 2807 179 2825 ,
206 2780 285 2816 sive
308 2793 400 2827 quae
422 2783 467 2817 ab
487 2788 569 2817 ortu
586 2781 671 2817 solis
694 2788 778 2819 sunt
798 2794 912 2828 usque
934 2781 979 2815 ad
1003 2779 1140 2826 plagam
1162 2777 1437 2821 meridionalem,
1461 2777 1535 2822 Sy-

46 2838 139 2862 nam
158 2839 297 2874 nempe,
322 2840 414 2874 quae
436 2834 474 2864 et
494 2829 627 2864 Iudaea
649 2829 780 2865 dicitur
803 2830 901 2873 (nam
925 2826 1063 2872 antiqui
1085 2826 1198 2871 Syros
1216 2827 1393 2861 vocabant
1407 2823 1536 2877 Palae‘.

45 2874 179 2921 stinos)
190 2901 203 2921 ‚
226 2880 266 2911 et
282 2875 462 2923 Mediam,
485 2881 526 2914 et.
543 2875 765 2925 Euphratem
784 2876 932 2914 fluvium
954 2874 1178 2921 designavit,
1209 2872 1272 2920 qui
1291 2872 1421 2909 limites
1438 2871 1538 2907 sem
