1742 3184
382 184 785 259 msronnssum
807 183 1220 231 commum.
1513 182 1547 230 9

19 305 154 364 ’,περὶ
187 304 263 360 τὴν
294 301 453 363 ἡμέραν
482 302 701 362 σταθηρὰν
731 301 873 348 εὗδίαν
902 302 1289 360 κατεπαγγέλλεται,
1322 305 1471 357 παχεῖα
1500 301 1548 345 δὲ

60 381 152 426 ταῖς
169 375 352 433 κεραίαις
371 375 439 417 καὶ
456 371 694 433 ὖπέρυθρρς
711 373 938 433 φαινομένη
958 373 987 430 ἢ
1004 372 1120 432 ὕδωρ
1138 371 1296 431 λάβρον
1312 371 1392 415 ἀπὸ
1412 375 1549 430 νεφῶν

42 443 89 501 ἢ
114 449 298 500 χειμῶνα
328 443 500 488 ἔσεσθαι
524 443 684 500 μηνύει.
751 442 949 496 ὡσαύτως
977 445 1046 487 καὶ
1078 441 1101 487 ὅ
1128 443 1245 500 ἣλιος
1272 441 1549 501 ἀνθρακώδης

58 513 273 571 γενόμενος
294 517 363 557 καὶ
384 514 569 572 ὕφαιμος
591 521 683 566 ταῖς
706 513 862 558 ἆκτῖσιν
881 513 908 571 ἢ
931 514 979 558 τὸ
998 513 1251 571 ἀπαύγασμα
1272 514 1414 569 βιαίαν
1436 514 1549 569 κίνη-

9 591 50 635 ,25
60 601 125 629 σιν
143 586 268 640 δηλοῖ
280 584 548 641 ἐπιγενέσθαι.
617 586 686 628 καὶ
704 582 912 644 μάρτυρες
930 582 1085 629 τούτων
1105 588 1315 642 πλωτῆρες
1332 585 1401 626 καὶ
1419 600 1548 641 γεωρ-
1570 589 1601 624 Β

57 655 124 712 γοὶ
139 656 206 697 καὶ
225 652 449 713 ὁδοιπόροι.
495 658 549 713 τῇ
569 651 600 698 ε’
621 653 757 715 ἡμέρᾳ
774 654 827 698 τὰ
849 653 998 714 ἑρπετά
1009 687 1023 708 ,
1048 653 1102 698 τὰ
1121 654 1249 711 νηκτὰ
1265 652 1421 707 πάντα,
1447 652 1550 710 κήτη

58 722 205 780 ἰχθύες
236 726 305 767 καὶ
336 723 417 768 ὅσα
449 725 493 768 ἓν
523 731 610 776 τοῖς
639 724 812 777 ὕδασιν,
839 724 898 769 ἔτι
921 742 965 769 τε
990 727 1060 768 καὶ
1088 722 1269 777 πετεινά,
1305 724 1406 782 ἔργα
1437 725 1548 782 τρία.

58 798 121 852 τῇ
143 792 179 846 ς’
207 791 343 855 ἡμέρᾳ
377 795 431 838 τὰ
467 793 727 854 τετράποδα,
761 794 815 838 τὰ
844 794 992 853 ἑρπετὰ
1017 800 1092 851 τῆς
1112 800 1210 853 γῆς,
1245 794 1299 838 τὰ
1321 795 1455 852 θηρία
1478 796 1549 837 καὶ

57 863 131 908 τὸν
161 863 386 924 ἄνθρωπον
392 897 408 918 ,
441 864 542 922 ἔργα
568 865 764 924 τέσσαρα.
791 877 795 882 ·
834 863 942 920 ὃμοῦ
967 863 1103 909 πάντα
1125 865 1178 908 τὰ
1204 865 1303 922 ἔργα
1330 862 1548 917 εἰκοσιδύο,

4 931 270 991 ωἶσάριθμα
295 941 383 986 τοῖς
405 933 639 991 Ἑβραϊκοῖς
658 934 874 994 γράμμασι
896 937 964 979 καὶ
982 943 1073 987 ταῖς
1097 933 1298 979 εἰκοσιδύο
1322 935 1457 978 αὐτῶν
1477 936 1549 990 βί-

57 1007 177 1059 βλοις
191 1002 260 1048 καὶ
279 1010 370 1056 ταῖς
387 1005 469 1048 ἀπὸ
487 1005 620 1061 Ἀδὰμ
641 1006 878 1060 ξ’ωςἸακώβ
898 1005 1100 1049 εἰκοσιδύο
1120 1007 1393 1062 γενεαρχίαις,
1428 1002 1485 1056 ὦς
1506 1006 1549 1048 ἓν

58 1075 210 1132 Λεπτῇ
232 1074 398 1133 φέρεται
417 1077 459 1117 Γ
455 1076 578 1119 ενέσει
586 1108 600 1128 ,
635 1074 688 1132 ἢν
709 1078 778 1119 καὶ
800 1076 995 1127 Μωσέως
1016 1073 1122 1119 εἶναι’
1139 1078 1248 1134 φασί
1262 1093 1367 1126 τινες
1386 1073 1548 1118 ἀποκά-

59 1147 202 1199 λυψιν.
271 1144 375 1200 αὕτη
394 1146 470 1197 τὰς
490 1146 706 1204 οὐρανίους
726 1145 920 1201 δυνάμεις
935 1150 989 1204 τῇ
1006 1144 1150 1204 πρώτῃ
1167 1144 1302 1206 ἡμέρα
1320 1146 1422 1202 λέγει
1441 1146 1548 1188 ε’κτί-

43 1217 177 1257 σθαι.
245 1215 354 1266 τίνος
378 1216 424 1259 δὲ
442 1214 570 1274 χάριν
598 1215 674 1272 τὴν
703 1214 738 1269 ζ’
766 1214 923 1274 ἡμέραν
952 1215 1168 1272 εὐλόγησεν
1196 1213 1218 1258 ὅ
1247 1214 1371 1268 θεός,
1406 1217 1474 1258 καὶ
1496 1215 1544 1258 οὗ
1566 1223 1599 1258 C

4 1281 223 1341 3⁵⁷¹‘2w93
257 1286 367 1343 φασί
390 1303 510 1337 τινες.
579 1286 747 1343 λέγομεν
775 1281 847 1330 οὗν
877 1285 940 1328 ὅτι
965 1284 1116 1342 ἑκάστη
1140 1291 1222 1330 τῶν
1246 1284 1382 1328 ἄλλων
1406 1286 1450 1328 ἐκ
1473 1291 1550 1342 τῆς

57 1354 101 1396 ἓν
121 1353 227 1411 αὐτῇ
244 1355 459 1411 γενομένης
476 1357 743 1413 δημιουργίας
761 1355 852 1410 ἴσχε
871 1355 946 1411 τὴν
967 1357 1176 1413 εὐλογίαν·
1209 1356 1345 1411 ἐπειδὴ
1368 1357 1412 1399 δὲ
1430 1355 1551 1411 ἔμελ-

57 1427 126 1466 λεν
159 1423 264 1479 αὕτη
295 1422 402 1480 μόνη
431 1425 566 1479 μένειν
595 1424 842 1481 ἀγέραστος,
876 1427 1081 1480 μηδεμιᾶς
1114 1426 1156 1468 ἓν
1193 1426 1299 1484 αἰτῇ
1334 1427 1551 1482 γενομένης

58 1494 348 1550 δημιουργίας,
380 1491 528 1537 τούτου
555 1492 682 1551 χάριν
704 1493 921 1550 ηὖλογήθη
943 1497 1011 1537 καὶ
1037 1493 1140 1550 αὕτη
1159 1493 1239 1538 ὑπὸ
1261 1501 1336 1538 τοῦ
1358 1500 1464 1540 θεοῦ
1481 1497 1552 1539 καὶ

56 1561 240 1620 ἦγιάσθη
250 1595 264 1615 ,
299 1564 368 1606 καὶ
391 1561 604 1619 σάββατον
624 1561 681 1614 ὥς
698 1560 1013 1618 καταπαῦσιμος
1030 1564 1373 1622 προσηγορεύθη,
1405 1567 1474 1608 καὶ
1495 1564 1553 1617 ὡς

1 1632 186 1684 ωτύπος
214 1637 288 1688 τῆς
318 1630 499 1689 ἑβδόμης
524 1634 821 1690 χιλιοετηρίδος
839 1634 908 1676 καὶ
934 1638 1008 1689 τῆς
1028 1639 1109 1676 τῶν
1130 1632 1387 1692 ἁμαρτωλῶν
1406 1653 1550 1680 συντε-

57 1704 191 1756 λείας,
226 1701 283 1754 ὥς
297 1701 494 1760 Ἰώσηπος
510 1710 719 1761 μαρτυρεῖ
733 1704 800 1746 καὶ
824 1701 851 1758 ἦ
870 1704 1020 1758 Λεπτὴ
1047 1705 1085 1745 Γ
1081 1705 1219 1755 ένεσις.

198 1772 267 1816 Τὰ
294 1775 426 1834 θηρία
449 1775 519 1818 καὶ
545 1773 597 1819 τὰ
625 1770 859 1833 τετράποδα
881 1775 950 1817 καὶ
971 1773 1034 1818 τὰ
1049 1771 1197 1834 ἑρπετὰ
1219 1770 1419 1834 ὁμόφωνα
1442 1769 1549 1832 ἦσαν

56 1929 201 1966 nitatem
219 1930 413 1978 promittit,
448 1930 506 1967 sin
528 1930 665 1969 obtusis
687 1931 854 1969 cornibus
873 1944 917 1968 ac
940 1931 1138 1968 subrubeus
1162 1933 1354 1978 appareat,
1387 1933 1450 1966 aut
1474 1930 1550 1967 lar-

56 1989 123 2022 gos
147 1977 278 2014 imbres
305 1985 368 2014 aut
388 1984 634 2025 tempestatem
657 1981 737 2015 fore
762 1980 912 2016 indicat.
961 1980 1084 2014 eodem
1110 1980 1213 2014 modo
1237 1979 1291 2014 sol
1315 1990 1479 2024 quoque,
1514 1977 1548 2013 si

56 2035 194 2070 prunae
216 2025 331 2061 instar
355 2026 504 2061 candeat
527 2038 570 2062 ac
590 2027 772 2072 sanguinis
798 2028 919 2063 colore
949 2027 1079 2062 tinctos
1101 2026 1221 2061 radios
1252 2025 1548 2072 splendoremque

57 2072 160 2117 edat,
195 2079 324 2108 motum
354 2073 549 2108 violentum
578 2073 762 2110 imminere
796 2073 966 2109 ostendit.
1026 2078 1137 2108 testes
1171 2074 1292 2107 harum
1321 2083 1438 2107 rerum
1464 2078 1548 2107 sunt

56 2123 188 2154 nautae
208 2119 387 2165 agricolae
409 2120 581 2156 viatores.
629 2121 755 2167 quinta
779 2121 840 2157 die
862 2120 1047 2167 repentia,
1071 2131 1300 2166 quaecunque
1319 2125 1461 2163 natant,
1486 2131 1548 2153 ce-

55 2169 136 2210 tos,
159 2165 298 2212 pisces,
323 2171 362 2202 et
382 2178 614 2214 quaecunque
634 2168 674 2202 in
697 2167 801 2215 aquis
823 2168 970 2214 vivunt,
995 2179 1038 2202 ac
1060 2174 1249 2213 praeterea
1273 2165 1436 2201 volucres
1459 2166 1550 2200 deus

42 2213 212 2250 creavit:
236 2225 347 2260 opera
372 2214 457 2250 tria.
505 2221 608 2250 sexta
633 2215 693 2251 die
716 2215 967 2262 quadrupeda,
992 2226 1035 2249 ea
1058 2225 1149 2259 quae
1171 2213 1266 2248 humi
1286 2218 1456 2259 serpunt,
1479 2214 1548 2247 be-

53 2258 143 2295 stias
168 2265 206 2295 et
230 2260 427 2296 hominem:
464 2273 576 2308 opera
607 2268 788 2308 quattuor.
836 2273 1000 2297 numerus
1025 2260 1176 2295 omnium
1200 2271 1344 2306 operum
1366 2259 1469 2294 simul
1489 2258 1549 2294 vi-

53 2306 240 2351 gintiduo;
261 2318 354 2353 quae
374 2319 508 2343 summa
529 2315 659 2355 aequat
681 2320 863 2345 numerum
882 2308 1064 2344 literarum
1085 2307 1338 2352 Ebraicarum,
1365 2312 1402 2340 et
1423 2316 1549 2340 rursus

44 2353 224 2390 librorum
242 2354 371 2399 quibus
395 2355 520 2390 Iudaei
543 2362 711 2401 utuntur,
744 2356 900 2402 itemque
922 2354 1123 2400 vigintiduo
1145 2355 1316 2399 graduum
1337 2352 1480 2398 generis
1502 2353 1549 2388 ab

53 2399 190 2435 Adamo
211 2411 326 2447 usque
348 2401 395 2436 ad
410 2402 599 2447 Iacobum,
621 2402 717 2438 utin
735 2415 850 2449 parva
871 2402 1007 2437 Genesi
1026 2401 1180 2447 legitur,
1205 2412 1308 2446 quam
1330 2399 1437 2434 etiam
1456 2411 1549 2434 non-

53 2445 142 2482 nulli
165 2446 264 2483 aiunt
287 2459 370 2483 esse
392 2448 505 2484 Mosis
523 2449 812 2496 patefactionem.
860 2449 955 2485 idem
973 2449 1065 2483 liber
1085 2447 1195 2482 tradit
1214 2447 1384 2483 caelestes
1408 2458 1551 2493 quoque

54 2493 234 2540 potentias
262 2494 377 2540 prima
405 2496 466 2530 die
498 2502 636 2532 creatas
674 2509 768 2532 esse.
815 2508 879 2532 cur
908 2502 1046 2540 autem,
1080 2494 1246 2540 inquiunt
1279 2493 1443 2539 quidam,
1477 2505 1550 2529 non

54 2552 194 2586 omnes,
227 2542 293 2577 sed
314 2541 502 2588 septimum
524 2544 698 2579 duntaxat
718 2544 812 2579 diem
833 2544 922 2579 deus
940 2544 1091 2577 faustum
1117 2553 1196 2575 esse
1218 2541 1351 2575 iussit?
1395 2552 1549 2588 respon-

53 2587 176 2622 demus
208 2588 424 2634 reliquarum
454 2600 735 2637 unamquamque
760 2602 805 2625 ex
829 2590 972 2637 opificio
1001 2589 1096 2635 quod
1119 2600 1162 2623 ea
1185 2587 1246 2622 die
1315 2594 1450 2623 tactum
1480 2592 1548 2632 est,

53 2645 154 2669 suam
175 2634 309 2670 habere
343 2636 593 2682 prosperitatis
623 2637 946 2672 denuntiationem:
983 2648 1060 2670 cum
1092 2641 1208 2670 autem
1232 2646 1272 2670 so
1330 2635 1481 2681 septima
1504 2646 1549 2669 eo

53 2679 191 2716 honore
212 2687 309 2718 esset
333 2683 509 2728 caritura,
542 2683 636 2719 nullo
661 2696 707 2720 ea
734 2683 795 2719 die
818 2696 928 2730 opere
952 2682 1117 2727 condito,
1150 2681 1233 2717 ideo
1256 2681 1269 2715 i
1295 2693 1337 2717 sa
1361 2693 1503 2728 qnoque
1526 2693 1551 2716 a

0 2729 6 2735 '
54 2727 123 2762 deo
146 2728 266 2764 fausta
294 2740 374 2764 esse
399 2730 499 2765 iussa
528 2736 585 2766 est
606 2742 650 2766 ac
671 2738 882 2766 consecrata
906 2736 943 2766 et
961 2730 1144 2765 sabbatum
1169 2741 1261 2776 appe
1309 2735 1363 2772 ta;
1396 2735 1434 2763 ut
1458 2739 1551 2773 quae

53 2774 251 2820 requietem
291 2776 441 2821 afferat,
490 2782 527 2813 et
568 2783 818 2823 repraesentet
862 2777 1048 2822 septimum
1091 2787 1260 2811 annorum
1303 2774 1548 2820 millenarium,

53 2821 232 2876 finemque
270 2824 494 2869 peccantium
534 2823 733 2870 hominum3
770 2830 812 2860 ut
846 2823 1019 2870 Iosephus
1055 2827 1211 2859 testatur
1248 2826 1287 2858 et
1320 2834 1433 2869 parva
1470 2823 1549 2858 Ge-

55 2878 167 2904 nesis.
1055 2879 1059 2883 ·

146 2913 293 2952 Bestiae
322 2928 368 2954 ac
399 2916 631 2966 quadrupeda
654 2922 692 2955 et
711 2916 858 2966 reptilia
878 2920 965 2954 ante
995 2915 1162 2953 delictum
1183 2915 1361 2952 communi
1378 2926 1458 2952 cum
1479 2914 1546 2951 ho-
