1742 3184
349 139 748 194 msToR-Jfflum
781 139 1173 186 COMPENDIUM.
1409 137 1506 186 13⁷

161 259 253 305 ’Ὁτι
270 256 351 317 Ὶτὴν
373 259 555 318 ἐρυθρὰν
577 258 617 302 οἱ
636 259 711 314 μὲν
733 259 789 310 εἷς
807 256 967 301 δώδεκα
987 256 1118 311 τομὰς
1138 246 1297 311 λέγόυσι
1318 257 1505 310 κοπῆναι,
1557 270 1560 271 ’

32 330 177 382 καθὼς
205 332 275 373 καὶ
301 329 324 373 ὃ
349 331 477 387 μέγας
501 327 801 386 Χρυσόστομος
826 326 975 384 ἑκάστῃ
994 329 1107 384 φυλῇ
1115 326 1226 381 ,λέγει
1244 326 1381 367 δίοδον
1397 327 1505 367 ἰδίαν

32 400 333 457 παρεχομένην,
368 399 407 443 οἳ
435 400 480 442 δὲ
508 401 564 450 εἷς
590 400 689 453 μίαν
715 398 784 440 διὰ
803 397 848 440 τὸ
865 399 963 452 μίαν
979 396 1136 452 πληγὴν
1154 394 1224 437 τὸν
1242 396 1436 449 Μωῦσῆν
1453 398 1504 451 τῇ

31 469 228 527 θαλάσσῃ
249 469 478 512 δεδωκέναι.
546 466 608 511 ὅτι
623 472 704 511 τῶν
716 467 977 523 Ἰσραηλιτῶν
993 470 1065 520 τῆς
1079 463 1298 519 θαλάσσης
1314 463 1506 516 ἐξελθόν-

0 546 113 582 Ετων
131 539 229 590 τοὺς
246 539 500 595 Αἰγυπτίους
518 535 544 593 ἦ
564 536 761 580 θάλασσα
780 535 1016 593 ἐκβράσασα
1033 534 1198 592 νεκροὺς
1217 534 1354 585 αὐτοῖς
1367 551 1506 590 παρα-

33 609 222 651 δίδωσιν·
248 597 340 658 ὀὓς
366 609 434 650 καὶ
466 605 758 657 σκυλεύσαντες
785 606 962 660 βουνοὺς
989 602 1276 660 πεποιήκασιν,
1310 606 1379 646 καὶ
1402 601 1429 659 ἦ
1453 608 1506 660 γῆ

26 674 191 732 χάνασα
206 674 378 728 τούτους
391 677 551 719 κατέπιε
562 709 575 728 ,
611 676 716 719 κατὰ
732 676 779 718 τὸ
802 676 1011 732 εἰρημένον
1038 672 1063 688 “
1070 674 1263 725 ἐξέτεινας
1279 673 1355 729 τὴν
1370 671 1507 724 δεξιάν

30 764 128 799 σου,
157 746 340 792 κατέπιεν
358 745 509 797 αὖτοὺς
529 745 625 802 yffi-'²
697 742 888 795 ἐλθόντες
907 746 950 788 δὲ
971 746 1027 794 εἷς
1041 744 1170 799 Ἐλὴμ
1191 737 1307 799 εὗρον
1329 742 1502 786 δεκαδύο
1525 744 1558 779 D

30 815 163 871 πηγὰς
184 814 349 859 ὑδάτων
381 817 449 858 καὶ
480 813 763 870 ἑβδομήκοντα
795 815 960 869 στελέχη
985 815 1177 871 φοινίκων
1189 845 1202 864 ,
1238 814 1380 864 οἵτινες
1401 808 1507 868 ἦσαν

0 884 151 928 θτύποι
173 890 255 928 τῶν
271 887 460 942 Χριστοῦ
479 889 707 940 μαθητῶν,
743 884 785 926 αἶ
806 885 880 938 μὲν
901 882 1060 926 δώδεκα
1083 884 1206 938 πηγαὶ
1227 887 1309 926 τῶν
1331 882 1506 925 δεκαδύο

30 956 290 1012 κορυφαίων,
330 955 372 997 οἱ
397 955 443 998 δὲ
472 953 754 1010 ἑβδομήκοντα
783 955 959 1011 φοίνικες
986 957 1068 995 τῶν
1096 950 1252 996 τούτων
1285 956 1503 1009 φοιτητῶν,

28 1025 133 1079 μεθ’
157 1018 213 1068 ὧν
233 1024 308 1080 τὴν
327 1025 563 1080 οῗκουμένην
581 1025 815 1074 ποτίσαντες
830 1023 904 1078 τὴν
920 1027 1107 1079 γλυκεῖαν
1129 1024 1196 1064 καὶ
1217 1023 1383 1078 στερεὰν
1405 1039 1504 1079 τρο-

30 1093 114 1151 φὴν
133 1099 205 1149 τῆς
222 1095 473 1150 θεογνωσίας
489 1099 548 1152 τῷ
566 1092 708 1151 κόσμῳ
725 1092 1014 1148 ἔπώμβρησαν.
1083 1091 1129 1135 τὸ
1151 1092 1195 1134 δὲ
1214 1090 1348 1145 μάννα
1365 1091 1505 1142 αὐτοῖς

30 1163 157 1205 δοθὲν
175 1167 298 1207 πᾶσιν
315 1163 402 1206 ἴσον
421 1162 636 1219 συνήγετο,
670 1165 738 1205 καὶ
761 1164 922 1221 δυνατῷ
940 1163 1008 1205 καὶ
1029 1161 1216 1204 ἀσθενεῖ·
1254 1159 1404 1204 ὁπόσον
1424 1161 1503 1218 γὰρ

0 1235 90 1289 Ξτῷ
107 1234 260 1292 ἰσχυρῷ
277 1231 556 1289 προεθυμήθη
581 1236 861 1287 συναχθῆναι,
885 1231 1015 1288 γομὸρ
1035 1229 1225 1286 συνήγετο
1237 1263 1249 1282 ,
1278 1229 1375 1289 ὅπερ
1397 1233 1504 1274 ἐστὶν

31 1301 188 1357 οὖγγίαι
219 1301 511 1359 τριακονταδύο
541 1302 691 1356 ἥμισυ,
725 1304 793 1344 καὶ
827 1306 884 1359 τῷ
918 1300 1341 1356 καταρραθυμήσαντι
1370 1301 1501 1358 γομὸρ

30 1369 236 1427 συνήγετο.
279 1373 346 1413 καὶ
368 1374 402 1414 εἲ
422 1374 478 1422 εἷς
498 1371 572 1426 τὴν
595 1370 736 1427 αὔριον
755 1368 997 1428 ἐφυλάχθη,
1026 1369 1095 1412 διὰ
1117 1373 1335 1425 σκωληκῶν
1357 1372 1501 1427 ἓφθεί-
1523 1372 1553 1407 Ρ
1577 1368 1624 1409 78

30 1457 145 1497 ρετο,
180 1439 295 1490 ε’κτὸς
322 1445 403 1484 τῶν
430 1434 673 1495 σαββάτων·
706 1439 752 1482 τὸ
779 1440 858 1496 γὰρ
890 1444 940 1496 τῇ
973 1444 1208 1496 παρασκευῇ
1230 1439 1502 1495 συναγόμενον

30 1511 99 1552 καὶ
126 1514 184 1567 τῷ
212 1508 410 1567 σαββάτῳ
442 1507 728 1568 διεφυλάττετο
762 1509 954 1562 ἀβλαβές.
1023 1507 1150 1558 τύπος
1173 1509 1217 1551 δὲ
1240 1504 1290 1564 ἦν
1310 1514 1430 1552 τοῦτο
1454 1510 1499 1553 τὸ

0 1577 294 1637 Βᾶδιάφθορον
320 1581 454 1635 δηλῶν
483 1583 557 1622 τοῦ
585 1581 820 1621 δεσποτικοῦ
848 1577 1039 1632 σώματος
1056 1578 1162 1620 κατὰ
1178 1578 1249 1620 τὸν
1269 1579 1412 1636 καιρὸν
1430 1584 1503 1635 τῆς

28 1654 177 1707 ταφῆς,
201 1654 366 1707 σταυρῷ
384 1650 458 1704 μὲν
477 1650 544 1691 καὶ
561 1647 676 1703 ἣλοις
694 1649 761 1690 καὶ
783 1645 906 1704 λόγχῃ
931 1652 1113 1706 φυσικῶς
1135 1648 1342 1699 πεπονθὸς
1360 1646 1503 1703 ὅμοιο-

2 1753 10 1757 .‡
28 1722 178 1770 παθῶς
204 1715 323 1774 ἡμῖν,
359 1718 598 1777 διαφθορὰς
626 1718 670 1760 δὲ
696 1719 766 1760 καὶ
789 1716 975 1760 διάλυσιν
995 1718 1099 1773 μηδ’
1125 1716 1230 1768 ὅλως
1248 1715 1504 1774 ὑπομεμενη-

118 1874 221 1910 Mare
243 1875 385 1909 rubrum
409 1873 469 1908 alii
491 1873 528 1908 in
554 1873 735 1909 duodecim
758 1878 879 1920 partes
903 1873 1052 1908 divisum
1077 1873 1188 1909 fuisse
1211 1873 1376 1920 tradunt,
1412 1875 1506 1912 sicut

29 1924 69 1956 et
88 1933 232 1967 magnus
254 1921 314 1955 ille
336 1921 610 1965 chrysostomus
634 1921 747 1955 cuivis
769 1921 878 1955 tribui
898 1922 949 1955 ait
968 1921 1177 1967 peculiarem
1196 1922 1381 1956 transitum
1399 1935 1506 1969 prae-

30 1968 153 2003 bitum.
201 1967 262 2002 alii
285 1979 387 2002 unam
410 1973 544 2002 tantum
567 1968 642 2002 eius
666 1968 843 2002 fissionem
868 1973 1078 2013 agnoscunt,
1103 1979 1145 2001 eo
1169 1969 1263 2014 quod
1279 1968 1399 2003 Moses
1425 1971 1505 2004 uni-

29 2026 107 2049 cum
130 2014 236 2049 ictum
262 2013 352 2048 mari
373 2014 525 2048 dederit.
572 2014 745 2049 Israelitis
777 2014 822 2049 de
856 2014 943 2048 mari
976 2014 1130 2059 egressis
1153 2026 1249 2049 mare
1273 2026 1350 2049 cum
1371 2015 1506 2061 impetu

28 2060 69 2095 in
99 2060 237 2096 alveum
266 2061 407 2095 rediens
443 2061 640 2106 Aegyptios
674 2067 817 2095 necatos
842 2060 931 2106 ipsis
956 2060 1105 2102 obtulit3
1140 2072 1285 2106 quorum
1318 2061 1505 2108 cadavera,

30 2107 184 2153 spoliata
206 2107 325 2153 prius,
349 2107 538 2141 acervatim
563 2119 794 2153 congessere3
827 2119 870 2142 ac
891 2114 1010 2142 terrae
1034 2119 1076 2141 ea
1100 2107 1196 2142 hiatu
1219 2109 1387 2154 absorpta
1409 2116 1505 2153 sunt,

28 2154 123 2189 sicut
142 2154 311 2199 scriptum
333 2159 389 2188 est
411 2154 546 2197 (Exod.
567 2154 627 2197 15)
649 2150 883 2199 “simulatque
906 2153 1094 2188 extendisti
1117 2165 1253 2188 manum
1278 2160 1389 2198 tuam,
1422 2155 1503 2190 illos

27 2206 126 2235 terra
147 2195 372 2245 deglutivit.”
418 2211 494 2234 cum
518 2200 563 2234 ad
585 2199 702 2235 Elima
723 2202 926 2245 venissent,
953 2201 1164 2235 invenerunt
1190 2203 1231 2236 12
1255 2201 1371 2234 fontes
1390 2213 1502 2248 aqua-

27 2258 104 2281 rum
128 2258 171 2281 ac
193 2249 240 2282 70
263 2252 407 2281 truncos
427 2245 630 2291 palmarum.
679 2254 781 2283 erant
815 2247 853 2282 hi
888 2248 968 2294 typi
992 2246 1239 2292 discipulorum
1263 2247 1411 2283 Christi.
1458 2260 1502 2283 ac

27 2293 212 2328 duodecim
235 2293 376 2339 quidem
398 2292 516 2327 sontes
541 2294 722 2329 duodecim
745 2295 923 2340 apostolos
937 2321 946 2338 ,
981 2293 1204 2339 septuaginta
1222 2293 1357 2338 palmae
1381 2306 1501 2330 eorum

27 2339 221 2385 discipulos
255 2339 520 2384 significabant;
554 2351 618 2385 per
647 2352 734 2385 quos
763 2343 882 2376 orbem
905 2347 1075 2376 terrarum
1101 2340 1308 2385 irrigantes,
1342 2340 1436 2376 dulci
1460 2353 1503 2376 ac

28 2385 143 2421 solido
177 2386 257 2420 cibo
289 2385 433 2420 divinae
466 2386 678 2431 cognitionis
710 2388 872 2423 mundum
907 2387 1163 2422 humectarunt.
1209 2397 1334 2420 manna
1370 2393 1501 2432 autem,

29 2433 125 2478 quod
147 2432 236 2479 ipsis
260 2432 378 2467 datum
402 2432 488 2476 fuit,
523 2434 567 2467 ab
598 2434 756 2469 omnibus
781 2434 921 2480 aequali
952 2434 1182 2478 colligebatur
1205 2444 1388 2477 mensura,
1419 2440 1503 2468 tau-

28 2483 102 2513 tum
125 2489 148 2513 a
167 2478 285 2514 valido
309 2485 474 2524 quantum
498 2480 542 2513 ab
565 2479 744 2515 imbecilli.
791 2493 869 2515 nam
893 2493 1008 2526 neque
1030 2479 1167 2514 validus
1190 2490 1333 2524 gomore
1356 2481 1425 2523 (ea
1448 2483 1504 2516 est

28 2536 193 2560 mensura
214 2525 394 2560 unciarum
417 2526 464 2560 32
486 2537 561 2559 cum
584 2527 754 2572 semisse)
789 2527 936 2574 amplius
969 2533 1006 2561 et
1033 2525 1235 2561 tantundem
1257 2525 1407 2570 ignavus
1428 2527 1503 2562 col-

27 2570 177 2616 ligebat.
241 2572 337 2617 quod
369 2571 407 2605 in
438 2571 626 2606 crastinum
658 2574 932 2617 adservabatur‚
976 2573 1013 2607 id
1052 2583 1189 2606 vermes
1220 2574 1502 2620 corrumpebant,

28 2617 172 2663 dempto
201 2619 371 2653 sabbato:
407 2619 502 2672 quod
535 2618 626 2653 enim
658 2620 773 2666 pridie
795 2620 934 2655 sabbati
957 2619 1204 2663 colligebatur,
1238 2619 1275 2654 id
1303 2620 1407 2654 etiam
1437 2632 1502 2667 per

29 2665 211 2699 sabbatum
235 2664 434 2710 integritati
457 2676 542 2699 suae
565 2668 760 2702 constabat.
809 2679 851 2702 eo
884 2666 1154 2701 adumbrabatur
1187 2676 1314 2711 corpus
1338 2673 1502 2702 servato-

28 2709 82 2745 ris
112 2710 246 2756 nostri,
281 2722 351 2757 quo
376 2716 536 2757 tempore
564 2711 602 2746 in
631 2713 793 2759 sepulcro
825 2719 902 2747 erat
923 2713 1098 2755 futurum,
1131 2712 1242 2746 omnis
1266 2713 1504 2759 corruptionis

29 2767 75 2791 ex
102 2768 160 2792 ers
185 2758 275 2792 fore.
322 2769 400 2792 nam
428 2757 466 2792 in
498 2769 602 2793 cruce
625 2771 669 2793 ea
691 2771 782 2806 quae
804 2759 953 2794 humana
979 2758 1051 2792 fert
1074 2762 1199 2792 natura
1220 2770 1263 2793 ac
1285 2766 1429 2795 nostrae
1452 2760 1503 2795 si*-

30 2802 78 2836 mi
94 2802 103 2811 ‘
134 2830 145 2848 ,
175 2815 198 2839 a
225 2803 335 2839 clavis
358 2809 436 2839 erat
463 2810 572 2849 atque
596 2804 720 2842 lancea
741 2816 968 2853 perpessum:
1002 2805 1067 2839 sed
1085 2807 1199 2850 neque
1217 2804 1318 2840 ullam
1341 2805 1399 2840 vel
1423 2818 1504 2841 cor-

0 2849 228 2896 .-·ruptionem
256 2850 316 2887 vel
343 2849 606 2887 dissolutionem
637 2858 812 2889 senserat.
858 2850 1087 2887 castissimam
1110 2862 1251 2898 quoque
1271 2852 1328 2888 dei
1353 2853 1503 2899 genitri-
