1742 3184
193 172 292 222 346
673 174 918 220 GEORGII
946 174 1192 220 CEDRENI

190 290 293 348 παρ’
329 289 467 340 αὐτοῖς
496 288 566 333 τὸν
596 287 821 346 οῗνοπότην.
889 293 1032 333 τοῦτον
1061 287 1187 341 Γάϊος
1217 287 1238 333 ὅ
1269 286 1517 350 ἀδελφιδοῦς
1545 292 1587 336 ἓν
1613 297 1665 352 τῇ

187 359 295 420 νόσῳ
319 360 446 403 αὐτοῦ
465 357 606 415 ἱμάτια
621 359 752 402 πολλὰ
771 360 952 416 περιθεὶς
974 359 1198 411 ἀπέπνιξεν.

321 426 542 486 Ἐκράτησε
564 429 610 472 δὲ
630 426 756 479 Γάϊος
771 426 948 479 Ἰούλιος
968 430 1135 487 Καῖσαρ
1157 428 1223 483 ἔτη
1248 425 1295 482 ζ’.
1362 423 1480 481 οὗτος
1500 423 1551 486 ἦν
1570 447 1664 486 μοι-

184 495 413 554 χικώτατος
429 496 558 540 πάνυ·
594 496 640 549 ὃς
662 496 828 556 περιιών
858 514 956 541 ποτε
985 498 1058 554 τὴν
1086 498 1240 556 ἀγορὰν
1259 499 1327 541 καὶ
1349 499 1448 542 ἰδών
1469 500 1599 555 πηλὸν
1623 501 1665 543 ἐν

135 581 165 616 Β
189 573 242 627 τῇ
261 566 343 627 ὁδῷ
363 567 485 625 ἤγαγε
512 566 698 622 Φλάβιον
722 566 1042 621 Οὐεσπασιανόν,
1070 565 1325 624 ἀγορανόμον
1341 566 1431 612 τότε
1455 567 1567 622 ὄντα,
1594 569 1700 616 τὸν5

186 639 291 694 μετὰ
325 642 456 681 ταῦτα
488 635 811 691 βασιλεύσαντα,
857 639 925 680 καὶ
962 635 1018 689 ὡς
1050 638 1279 692 ἀμελοῦντα
1308 641 1389 682 τῶν
1423 642 1567 682 κοινῶν
1596 639 1666 682 τὸν

185 708 318 764 πηλὸν
357 709 414 758 εἷς
450 709 524 762 τὴν
561 708 722 762 ἐσθῆτα
752 711 963 763 βληθῆναι
997 707 1199 751 ἐκέλευσεν
1213 720 1226 732 ·
1284 705 1383 765 ὅπερ
1411 706 1584 764 ἕσῆμανε
1614 708 1665 751 τὰ

187 777 303 820 κοινὰ
332 775 609 834 τεταραγμένα
637 776 761 820 αὐτὸν
788 775 1130 834 παραλήψεσθαι.
1198 777 1262 819 ἐπὶ
1285 776 1329 819 δὲ
1351 780 1426 833 τῆς
1447 783 1519 821 τοῦ
1540 778 1666 821 αὐτοῦ

188 849 231 889 Γ
227 849 320 890 α’ΐου
348 847 559 900 βασιλείας
581 847 804 905 Ἀγρίππας
829 845 1024 901 βασιλεὺς
1050 850 1123 902 τῆς
1150 845 1360 896 Ἰουδαίας
1388 849 1456 890 καὶ
1483 848 1622 903 §epm
1643 845 1666 891 ὃ

189 915 320 974 μάγος
336 916 574 971 βαπτίζεται
588 914 667 959 ὑπὸ
691 916 923 969 Φιλίππου,
958 913 1048 966 ἑνὸς
1064 920 1146 959 τῶν
1167 913 1270 958 ἔπτὰ
1289 914 1500 960 διακόνων.
1680 926 1723 961 10

329 984 455 1036 Γάϊος
487 985 531 1027 δὲ
559 982 638 1028 ὑπὸ
668 986 880 1029 Κλαυδίου
907 984 1119 1043 σφάζεται.
1189 986 1252 1028 ἐπὶ
1273 984 1419 1029 τούτου
1440 984 1668 1045 Κορνήλιος

191 1058 352 1112 πρῶτος
379 1057 422 1106 ἐξ
453 1055 586 1098 ἐθνῶν
618 1056 854 1110 βαπτίζεται
881 1053 961 1098 ὕπὸ
988 1055 1178 1113 Πέτρου,
1212 1056 1281 1098 καὶ
1299 1056 1494 1109 Παῦλος,
1528 1056 1574 1099 τὸ
1597 1061 1670 1111 τῆς

191 1126 358 1181 ἐκλογῆς
378 1128 541 1177 σκεῦος,
569 1125 619 1166 δι’
646 1123 944 1180 ἀποκαλύψεως
955 1124 1099 1180 Ἰησοῦ
1116 1125 1304 1181 Χριστοῦ
1321 1122 1547 1176 ἀπόστολος
1568 1125 1670 1169 ἂνα-

193 1195 406 1237 δείκνυται.
467 1191 678 1245 Κλαύδιος
697 1195 953 1248 ἐβασίλευσεν
971 1193 1037 1249 ἔτη
1060 1191 1110 1250 ιγ’
1128 1198 1262 1249 μῆνας
1283 1191 1345 1237 θ’.
1403 1189 1522 1247 οὗτος
1540 1195 1670 1246 δειλὸς

193 1263 251 1307 ὢν
278 1262 433 1315 πάντας
462 1262 558 1314 τοὺς
579 1262 821 1322 προσιόντας
842 1263 953 1322 αὐτῷ
974 1264 1096 1306 ἐποίει
1118 1264 1385 1321 ἐρευνᾶσθαι,
1418 1262 1477 1321 μή
1500 1283 1539 1308 τι
1558 1266 1668 1324 ξιφί-
1681 1271 1726 1309 15

139 1339 171 1374 C
195 1335 283 1376 διον
301 1332 436 1389 ἔχωσι.
470 1335 539 1376 καὶ
560 1334 602 1376 ἓν
619 1340 704 1384 τοῖς
725 1334 965 1389 συμποσίοις
986 1330 1228 1388 ὡπλισμένοι
1248 1335 1304 1384 εἷς
1325 1334 1513 1392 φυλακὴν
1527 1352 1670 1393 παρει-
1726 1387 1734 1395 ·

192 1401 409 1459 στήκεισαν
442 1402 575 1463 αὐτῷ·
625 1405 667 1455 ἐξ
686 1396 735 1446 οὗ
756 1404 823 1446 καὶ
844 1405 900 1454 εἷς
922 1403 1019 1453 τοὺς
1040 1403 1204 1454 λοιποὺς
1223 1406 1406 1456 βασιλεῖς
1426 1403 1583 1448 εἴθιστο
1606 1406 1671 1461 γί-

190 1476 338 1516 νεσθαι
354 1477 489 1516 τοῦτο.
559 1473 623 1516 ἐπὶ
642 1470 788 1516 τούτου
804 1474 880 1515 -καὶ
902 1470 1171 1523 Ἀπολλώνιος
1198 1469 1220 1515 ὃ
1243 1473 1427 1524 Τυανεῦς
1450 1468 1514 1529 ἦν,
1550 1472 1670 1532 φιλό-

190 1559 321 1599 σοφος
340 1540 652 1599 Πυθαγόρειος,
683 1540 1049 1597 στοιχειωματικός.
1086 1536 1203 1592 οὗτος
1226 1542 1268 1584 ἓν
1287 1544 1499 1602 Βυζαντίῳ
1521 1542 1669 1596 ἐλθών,

191 1614 475 1669 παρακληθεὶς
494 1610 571 1654 ὑπὸ
594 1616 676 1654 τῶν
698 1612 904 1663 ἐντοπίων,
940 1612 1211 1665 ἓστοιχείωσεν
1233 1610 1348 1670 ὄφεις
1364 1613 1439 1667 μὲν
1458 1615 1527 1655 καὶ
1545 1620 1728 1671 cnop-20

189 1681 306 1731 πίους
316 1681 375 1735 μὴ
389 1678 595 1735 πλήσσειν,
611 1679 808 1731 κώνωπας
824 1680 930 1736 μηδὲ
949 1687 1150 1736 παρεῖναι,
1169 1682 1320 1732 ἵππους
1335 1682 1394 1737 μὴ
1413 1687 1669 1742 κατωφρυῶ-

191 1754 295 1793 σθαι
315 1748 417 1805 μήτε
435 1749 519 1805 μὴν
539 1750 823 1809 ἀγριαίνεσθαι
842 1749 936 1793 κατ’
961 1748 1149 1805 ἀλλήλων
1171 1748 1197 1806 ἢ
1217 1753 1285 1794 καὶ
1304 1750 1410 1795 κατά
1429 1770 1549 1804 τινος.
1602 1754 1671 1796 καὶ

285 1905 308 1940 4
330 1903 476 1950 προϊών
501 1904 527 1938 Ρ

197 2043 362 2080 Biberius
385 2042 688 2078 denominabatur.
736 2042 927 2078 suffocavit
950 2054 1027 2078 eum
1050 2043 1158 2079 Caius
1181 2044 1293 2080 fratre
1317 2043 1431 2091 ipsius
1453 2048 1579 2091 natus,
1612 2057 1675 2081 ae-

196 2090 352 2136 grotanti
376 2089 515 2124 multam
540 2089 704 2124 iniiciens
726 2096 872 2124 vestem.

290 2138 335 2172 C.
361 2136 521 2182 Caligula
550 2137 677 2171 exinde
710 2137 876 2182 regnavit
905 2148 1016 2172 annos
1046 2138 1088 2183 7,
1124 2137 1226 2172 homo
1250 2137 1382 2183 stupris
1406 2149 1514 2185 supra
1536 2138 1674 2173 modum

197 2185 352 2219 deditus.
400 2184 494 2218 isin
513 2184 627 2217 forum
651 2194 858 2230 progressus
890 2195 967 2218 cum
994 2196 1139 2219 coenum
1171 2184 1436 2239 conspexisset,
1471 2197 1513 2220 eo
1544 2185 1676 2220 accivit

197 2230 360 2265 Flavium
378 2230 634 2276 Vespasianum
658 2236 739 2264 tunc
762 2230 923 2275 aedilem,
947 2231 1009 2265 sed
1032 2230 1094 2276 qui
1113 2236 1238 2276 postea
1255 2237 1447 2276 lmperator
1466 2237 1521 2266 est
1538 2232 1675 2276 factus;

195 2277 305 2324 inque
329 2277 418 2322 eius,
452 2283 493 2312 ut
520 2289 594 2312 rem
619 2277 791 2323 publicam
816 2277 1051 2322 negligentis,
1076 2283 1211 2312 vestem
1235 2289 1382 2312 coenum
1403 2278 1531 2313 coniici
1554 2277 1674 2312 iussit.

197 2337 240 2358 eo
266 2323 517 2369 designabatur
546 2335 623 2358 eum
652 2335 726 2358 rem
757 2323 930 2370 publicam
961 2326 1205 2359 conturbatam
1232 2330 1470 2370 recepturum.
1518 2324 1674 2360 eiusdem

197 2370 380 2417 Caligulae
410 2370 559 2416 imperio
583 2370 742 2417 Agrippa
772 2382 836 2405 rex
861 2371 1014 2405 Iudaeae
1041 2376 1079 2405 et
1107 2371 1230 2406 Simon
1255 2371 1383 2417 Magus
1406 2370 1629 2418 baptizantur
1652 2383 1675 2407 a

195 2416 372 2463 Philippo,
401 2417 462 2462 qui
484 2416 554 2452 fuit
576 2428 665 2451 unus
689 2417 734 2451 de
758 2422 892 2464 septem
915 2417 1087 2453 diaconis.

289 2464 484 2509 Caligulam
506 2463 676 2499 Claudius
706 2470 822 2499 necat.
869 2466 934 2499 sub
964 2465 1031 2499 hoc
1063 2463 1248 2499 Cornelius
1282 2463 1414 2510 primus
1448 2462 1599 2498 omnium
1630 2463 1675 2498 de

197 2511 362 2555 gentibus
386 2509 583 2556 baptizatur
607 2522 628 2545 a
649 2510 757 2545 Petro
772 2537 782 2555 ,
817 2515 852 2546 et
878 2510 1006 2545 Paulus
1038 2510 1305 2546 instrumentum
1335 2510 1518 2545 electionis
1539 2509 1676 2545 Christi

196 2557 434 2600 patefactione
463 2556 642 2602 apostolus
667 2557 885 2601 designatur.
932 2556 1121 2603 imperavit
1143 2556 1310 2592 Claudius
1334 2568 1444 2592 annos
1470 2558 1514 2592 13
1538 2568 1675 2591 menses

196 2604 235 2636 9.
282 2602 313 2637 is
344 2604 430 2638 adeo
454 2603 523 2638 fuit
543 2603 768 2638 meticulosus
791 2609 832 2639 ut
855 2615 972 2638 omnes
1003 2605 1049 2639 ad
1081 2616 1120 2638 se
1145 2604 1352 2638 accedentes
1383 2603 1500 2638 excuti
1523 2603 1675 2647 iuberet,

198 2659 243 2682 ne
263 2649 341 2693 quis
366 2650 459 2684 forte
481 2650 588 2685 sicam
605 2654 775 2695 gestaret.
799 2656 906 2695 atque
917 2650 954 2684 in
965 2650 1140 2686 conviviis
1151 2655 1284 2685 armato
1299 2651 1465 2685 utebatur
1476 2649 1654 2695 praesidio
1662 2662 1675 2692 ;

197 2696 293 2739 quod
326 2696 369 2729 ab
403 2708 444 2730 eo
470 2701 632 2742 coeptum
661 2695 790 2741 reliqui
826 2697 929 2731 etiarn
954 2697 1122 2742 deinceps
1147 2703 1406 2742 usurpaverunt
1428 2697 1674 2742 imperatores.

198 2752 241 2775 eo
271 2741 466 2785 imperante
488 2742 694 2788 Apollonius
718 2743 798 2788 fuit,
834 2743 951 2789 patria
969 2744 1139 2788 Tyaneus
1164 2743 1392 2790 philosophus
1415 2743 1674 2788 Pythagoreus,

198 2786 261 2832 qui
296 2787 439 2831 magicis
471 2790 563 2823 notis
588 2789 676 2824 mira
698 2792 915 2836 praestabat.
964 2802 1041 2824 cum
1071 2791 1163 2824 enim
1190 2789 1400 2834 Byzantium
1425 2789 1604 2835 profectus
1628 2789 1673 2822 ab

199 2833 325 2868 incolis
348 2841 551 2878 rogaretur,
587 2836 660 2870 suis
683 2836 829 2881 magicis
852 2836 988 2871 artibus
1012 2837 1133 2872 effecit
1157 2849 1201 2871 ne
1222 2842 1404 2882 serpentes
1426 2847 1469 2869 eo
1493 2840 1554 2869 aut
1574 2845 1673 2868 scor—

200 2880 253 2927 pii
277 2880 499 2925 accederent,
523 2878 615 2917 neve
637 2883 781 2930 culices,
806 2895 851 2919 ue
875 2883 958 2930 equi
980 2883 1184 2929 ferocirent,
1208 2894 1299 2918 neve
1319 2882 1372 2918 illi
1395 2881 1452 2918 vel
1474 2885 1592 2918 mutuo
1606 2878 1674 2929 *vel
