1742 3184
49 752 81 789 P
105 753 173 791 137

217 205 319 256 240
701 207 942 257 GEORGII
976 206 1224 253 CEDRENI

215 322 367 382 ἀνδρὸς
384 317 434 380 ἦν
451 341 514 376 τις
534 322 638 383 ἀνὴρ
655 321 856 382 εΕβροιῖος
877 322 1116 382 προφήτης,
1151 324 1303 383 σοφίαν
1322 321 1426 380 ἔχων
1448 322 1566 378 θεοῦ,
1604 322 1700 369 ὀνό-

213 412 314 450 ματι
334 392 521 450 Λανιήλ,
557 393 693 438 ὅντινα
724 396 766 438 ἓν
788 397 918 451 πολλῇ
938 398 1036 451 τιμῇ
1058 392 1137 450 εἶχε
1160 394 1340 453 Δαρεῖος
1363 393 1384 438 ὅ
1402 393 1611 450 βασιλεύς,
1647 389 1698 438 οὗ

208 465 339 522 χωρὶς
358 464 477 508 οὐδὲν
497 464 691 522 ἔπραττεν
713 465 756 506 ἓν
775 470 860 515 τοῖς
879 465 1107 519 πολεμίοις’
1144 462 1256 516 ὅστις
1277 464 1380 520 μετὰ
1404 465 1480 520 τὴν
1507 463 1696 520 τελευτὴν

210 535 365 577 ἐκείνου
387 532 581 586 πλούσιος
612 533 668 578 ὢν
696 535 764 577 καὶ
793 533 1028 590 γεγηρακώς
1057 535 1207 586 ἷὸίαζεν
1234 536 1290 585 εἷς
1320 534 1395 590 τὴν
1416 536 1696 592 Μαραβίτιδα

203 602 362 662 χώραν.
434 603 455 646 ὃ
486 605 530 646 δὲ
563 605 704 663 Κῦρος
740 601 920 654 ἀκούσας
950 607 1081 647 ταῦτα
1115 602 1272 658 ἔπεμψε
1304 604 1410 662 πρὸς
1439 604 1565 647 αὐτὸν
1598 604 1728 655 τούς-5

207 678 454 731 μεγιστᾶνας
478 674 617 726 αὐτοῦ,
654 673 765 724 ὅπως
785 672 891 728 μετὰ
911 677 1032 729 τιμῆς
1052 671 1258 731 ἀγάγωσιν
1275 673 1413 717 αὐτόν.
1453 672 1474 716 ὁ
1497 674 1541 716 δὲ
1561 675 1693 732 Κροῖ-

211 760 284 794 σος
300 743 494 798 βασιλεὺς
508 745 671 786 Λυδῶν
691 740 972 798 ἐπιλεξάμενός
991 760 1105 794 τινας
1127 747 1209 786 τῶν
1235 744 1393 787 οἰκείων
1412 743 1561 796 αὐτοῦ,
1594 743 1693 794 δοὺς

206 813 346 864 αὐτοῖς
370 815 484 871 δῶρα
505 814 648 869 εὐτελῆ
670 815 737 856 καὶ
767 811 872 856 ἄλλα
904 812 1020 871 δῶρα
1040 811 1258 868 βασιλικά,
1288 813 1523 857 ἀποστέλλει
1544 813 1694 863 αὐτοὺς

204 885 247 927 ἐν
260 883 444 940 Δελφοῖς
464 884 519 934 εἷς
537 882 584 926 τὸ
599 882 872 934 ’Λπόλλωνος
887 889 1090 938 μαντεῖον,
1117 883 1289 940 εἰρηκὼς
1304 883 1444 934 αὐτοῖς
1460 881 1692 934 “antigone

202 953 256 996 τὰ
279 951 497 1008 σχήματα,
542 953 611 996 καὶ
634 953 826 996 ἀνέλθετε
856 954 913 1004 εἰς
944 952 991 996 τὸ
1019 959 1223 1008 μαντεῖον,
1261 955 1330 997 καὶ
1359 954 1516 996 ἔπίδοτε
1551 954 1691 1007 εὐτελῆ
1705 957 1742 993 1ss

204 1024 320 1079 δῶρα
340 1027 398 1081 τῷ
415 1022 533 1080 ἱερεῖ,
561 1023 742 1080 λέγοντες
761 1021 824 1066 ὅτι
843 1020 1069 1079 Αἰγύπτιοί
1083 1024 1216 1078 ἐσμεν,
1244 1025 1312 1066 καὶ
1331 1022 1518 1080 ἤλθομεν
1536 1023 1692 1081 ἐπερω-

202 1097 326 1148 τῆσαι
351 1091 425 1147 τὴν
444 1093 632 1145 Πυθίαν,
678 1095 745 1136 καὶ
776 1094 820 1135 ἐκ
852 1097 924 1136 τοῦ
959 1097 1032 1148 τῆς
1051 1091 1151 1135 ὁδοῦ
1172 1091 1328 1149 μήκους
1349 1091 1692 1150 ἐληθαργήσαμεν

203 1164 247 1205 τί
263 1161 448 1218 ἤλθομεν
471 1164 637 1218 αἰτῆσαι
664 1161 690 1217 ἢ
718 1163 984 1221 ἐπερωτῆσαι.
1054 1163 1149 1205 ἀλλ’
1177 1158 1311 1215 εὖξαι,
1346 1165 1414 1206 καὶ
1436 1161 1691 1220 ἐπερώτησον

203 1231 276 1275 τὸν
294 1231 395 1275 θεὸν
418 1232 488 1274 διὰ
512 1234 555 1275 τί
573 1231 771 1288 ἤλθομεν.
840 1234 909 1275 καὶ
941 1234 976 1275 εἲ
1001 1232 1076 1288 μὲν
1110 1231 1201 1291 εἴπῃ
1232 1230 1329 1287 ὖμΐν
1359 1231 1429 1274 διὰ
1460 1233 1503 1274 τί
1523 1231 1690 1288 ἤλθετε,

204 1300 299 1344 δότε
327 1303 396 1344 καὶ
426 1301 480 1345 τὰ
509 1301 616 1359 παρ’
649 1304 752 1357 ἐμοῦ
782 1301 978 1357 βασιλικὰ
1005 1304 1143 1360 δῶρα,
1179 1304 1248 1345 καὶ
1279 1301 1415 1345 εἶ’πατε
1445 1306 1504 1360 τῷ
1533 1301 1636 1360 ἶερεῖ
1655 1303 1690 1343 εἰ
1702 1309 1742 1346 15

200 1376 300 1415 νικῶ
324 1371 396 1415 τὸν
424 1372 599 1427 βασιλέα
626 1374 806 1430 Περσῶν
827 1372 899 1415 τὸν
923 1373 1078 1430 Κῦρον.
1150 1372 1188 1414 οἳ
1220 1372 1264 1415 δὲ
1288 1370 1532 1427 ποιήσαντες
1561 1370 1691 1421 οὕτως

145 1448 177 1485 Β
204 1439 473 1499 ἐπηρώτησαν
494 1441 565 1484 τὸν
588 1441 720 1499 ἱερέα·
756 1440 802 1493 ὃς
823 1440 1040 1496 εὐξάμενος
1063 1441 1183 1496 ἔλαβε
1208 1441 1283 1498 τὴν
1302 1439 1516 1500 ἀπόκρισιν
1537 1439 1690 1496 ταύτην

197 1511 313 1568 παρὰ
340 1516 414 1567 τῆς
437 1512 611 1562 Πυθίας
638 1509 764 1554 κοἶδα
788 1515 977 1567 ψαμμιῦν
1006 1512 1192 1569 ἀριθμὸν
1220 1510 1442 1567 θαλάσσης
1469 1529 1511 1555 τε
1542 1512 1688 1567 μέτρα,

195 1581 246 1624 οὗ
266 1581 481 1631 λαλέοντος
503 1580 546 1623 δ’
579 1579 717 1624 ἀκούω
738 1583 806 1623 καὶ
824 1586 970 1639 κωφοῦ
989 1583 1164 1636 ξυνίημι.
1234 1583 1389 1634 παίζειν
1407 1581 1453 1624 δέ
1469 1598 1520 1636 με
1543 1584 1688 1638 πειρᾶ-

194 1667 263 1693 ται
285 1652 467 1707 Κροῖσος
494 1650 690 1704 βασιλεὺς
712 1652 780 1692 καὶ
804 1651 843 1693 οἱ
865 1649 1012 1694 τούτου
1032 1650 1221 1694 Λυδοι’.”
1295 1652 1364 1694 καὶ
1387 1650 1566 1702 ἐξελθὼν
1586 1648 1607 1693 ὅ
1630 1650 1687 1692 ἷε-
1697 1656 1742 1693 20

196 1719 290 1777 ρεύς
311 1718 416 1763 εἶπεν
441 1719 580 1771 αὐτοῖς
599 1717 706 1762 αἴοὐκ
727 1719 814 1763 ἕστε
837 1719 1059 1777 Αἰγύπτιοι
1082 1720 1190 1763 ἀλλὰ
1208 1721 1374 1773 Λυδοί,
1401 1722 1472 1763 καὶ
1496 1720 1571 1763 οὐκ
1592 1720 1687 1775 ἕλη-

193 1788 450 1848 θαργῆσατε,
488 1788 595 1832 ἀλλὰ
618 1791 826 1843 παίζοντες
846 1789 898 1833 τὰ
918 1794 1016 1834 θεῖα
1040 1790 1226 1835 eihan-'²
1297 1792 1367 1835 καὶ
1388 1790 1587 1834 ἐπέδωκεν
1611 1789 1688 1833 αὖ·

192 1949 263 1982 tem
290 1946 463 1993 quendam
486 1946 599 1982 fuisse
622 1946 816 1992 Ebraeum,
846 1946 970 1983 divina
992 1946 1168 1993 sapientia
1193 1947 1413 1994 praeditum,
1447 1946 1589 1982 nomine
1611 1945 1687 1981 Da-

191 1993 342 2028 nielum:
368 2005 446 2028 eum
471 2005 493 2029 a
517 2006 603 2039 rege
627 1994 665 2029 in
687 2006 819 2029 summo
843 1994 955 2029 fuisse
978 1995 1112 2029 honore
1134 1995 1303 2039 habitum,
1330 2005 1446 2040 neque
1468 2006 1590 2039 regem
1614 1993 1687 2028 nisi

192 2051 271 2074 cum
296 2051 337 2074 eo
362 2040 617 2076 communicata
639 2053 680 2076 re
704 2042 892 2087 quicquam
916 2042 953 2076 in
976 2042 1067 2076 bello
1091 2042 1221 2087 egisse.
1270 2042 1374 2085 hunc,
1399 2046 1537 2076 mortuo
1561 2040 1686 2086 Dario,

193 2098 271 2122 cum
297 2092 334 2121 et
356 2087 400 2122 ad
425 2093 606 2123 senectam
629 2092 780 2123 aetatem
807 2094 843 2123 et
865 2089 908 2122 ad
942 2100 1086 2133 magnas
1113 2100 1199 2134 opes
1223 2088 1468 2133 pervenisset,
1503 2086 1542 2121 in
1564 2087 1687 2122 Mara-

191 2133 339 2169 bitidem
363 2134 544 2179 regionem
569 2136 767 2181 profectum
788 2134 841 2170 ibi
859 2134 1035 2181 privatam
1053 2135 1162 2170 vitam
1186 2146 1307 2180 agere.
1333 2135 1452 2179 Cyrus
1473 2134 1542 2168 hoc
1564 2133 1686 2168 audito

191 2180 373 2227 principes
399 2193 481 2216 suos
507 2182 551 2216 ad
575 2181 761 2216 Danielum
787 2181 918 2226 mittit,
943 2182 1004 2227 qui
1030 2193 1107 2216 eum
1132 2181 1327 2216 honorifice
1351 2182 1580 2216 adducerent.
1627 2180 1687 2215 in-

191 2232 292 2262 terea
317 2228 472 2263 Croesus
495 2228 678 2274 Lydorum
702 2240 766 2263 rex
789 2229 958 2274 quosdam
984 2240 1125 2263 suorum
1148 2228 1373 2263 familiarium
1397 2227 1544 2273 deligit,
1568 2227 1687 2273 iisque

191 2278 230 2308 et
253 2274 414 2319 vulgaria
439 2280 475 2310 et
496 2275 599 2311 simul
617 2275 719 2321 regia
740 2276 834 2310 dona
857 2275 936 2320 dat,
967 2275 1198 2321 Delphosque
1223 2287 1283 2310 eos
1306 2275 1470 2310 amandat
1491 2275 1536 2309 ad
1556 2286 1684 2309 oracu-

189 2320 259 2355 lum
286 2321 474 2367 Apollinis.
522 2322 712 2358 mandabat
744 2327 862 2357 autem
893 2328 933 2356 ut
963 2322 1086 2357 habitu
1121 2327 1254 2357 mutato
1285 2322 1464 2357 oraculum
1496 2321 1685 2366 intrarent,

189 2368 440 2414 sacerdotique
464 2369 594 2404 viliora
617 2370 710 2404 dona
735 2370 928 2413 offerrent,
966 2369 1127 2404 dicentes
1150 2381 1190 2404 se
1214 2381 1295 2404 esse
1318 2368 1518 2414 Aegyptios
1543 2368 1684 2403 consul-

188 2418 334 2460 tumque
357 2415 523 2461 Pythiam
556 2416 718 2460 venisse,
750 2427 872 2450 verum
897 2427 942 2450 ex
964 2415 1104 2450 itineris
1133 2415 1355 2462 longitudine
1378 2415 1469 2459 sibi,
1503 2414 1604 2450 cuius
1629 2414 1685 2449 rei

190 2473 296 2496 causa
327 2463 590 2508 perquirendae
627 2462 780 2510 profecti
812 2467 955 2507 essent,
991 2475 1036 2497 ex
1059 2462 1175 2498 animo
1202 2463 1404 2498 effluxisset
1429 2461 1509 2507 ipse
1533 2460 1684 2507 proinde

188 2508 283 2542 votis
308 2510 490 2555 conceptis
517 2523 560 2544 ex
579 2511 660 2555 deo,
685 2521 748 2545 cur
770 2510 948 2552 adessent,
974 2509 1230 2545 sciscitaretur.
1260 2508 1388 2555 quodsi
1411 2508 1577 2543 sacerdos
1597 2519 1684 2542 cau-

189 2566 262 2589 sam
287 2554 443 2601 ipsorum
469 2557 643 2592 adventus
668 2555 857 2599 edixisset,
883 2556 984 2601 regia
1010 2557 1117 2591 etiam
1138 2556 1266 2591 Croesi
1288 2555 1429 2591 nomine
1454 2555 1547 2589 dona
1572 2556 1681 2589 offer-

185 2606 288 2645 rent,
324 2601 596 2650 indicarentque
620 2603 800 2639 sacerdoti
823 2603 996 2637 Croesum
1020 2615 1194 2649 quaerere
1218 2614 1311 2638 anne
1335 2602 1469 2648 Cyrum
1491 2601 1682 2636 Persarum

185 2658 308 2691 regem
341 2655 436 2683 esset
469 2657 714 2696 superaturus.
762 2649 813 2683 illi
844 2650 1020 2695 imperata.
1052 2649 1212 2685 exsecuti
1243 2654 1339 2685 sunt.
1388 2648 1555 2684 sacerdos
1585 2648 1681 2683 votis

187 2693 344 2739 peractis
368 2695 435 2730 hoc
461 2697 626 2744 responsi
648 2709 669 2732 a
691 2696 824 2742 Pythia
844 2696 1006 2742 accepit:

409 2747 465 2776 est
489 2756 652 2779 mensura
677 2744 796 2788 maris,
829 2754 994 2778 numerus
1013 2742 1100 2777 mihi
1118 2747 1222 2778 notus
1248 2752 1399 2776 arenaez

410 2788 561 2834 elinguis
585 2791 692 2826 animi
714 2802 819 2826 sensa
843 2794 881 2825 et
903 2801 1078 2835 cognosco
1109 2787 1275 2824 tacentis.

408 2835 471 2869 sed
496 2837 580 2871 mihi
602 2850 666 2872 rex
688 2838 844 2872 Croesus
868 2836 1083 2882 cupiuntque
1106 2836 1255 2871 illudere
1277 2833 1388 2879 Lydi.

187 2887 354 2931 egressus
378 2882 544 2917 sacerdos
569 2879 663 2918 “non
687 2880 800 2919 estis³⁹
822 2883 938 2929 inquit
960 2879 1175 2929 “Aegyptii‚
1209 2881 1273 2918 sed
1291 2880 1411 2925 Lydi3
1446 2891 1560 2926 neque
1585 2879 1677 2915 obli-

186 2934 294 2959 vlone
312 2925 421 2973 capti,
454 2929 518 2964 sed
538 2929 653 2966 animo
679 2931 802 2969 divina
824 2929 996 2967 illudendi
1018 2926 1193 2967 adestis.”
1238 2927 1340 2966 simul
1365 2928 1418 2964 eis
1443 2927 1621 2965 oraculum
1641 2927 1678 2961 in
