1742 3184
195 142 295 188 362
676 140 914 186 GEORGII
949 140 1196 185 CEDRENI

194 259 263 300 καὶ
283 256 456 314 ἤρξαντο
476 254 657 310 λιθάζειν
680 254 822 299 αὐτόν·
858 253 880 298 ὃ
910 256 954 299 δὲ
981 257 1070 306 θεὶς
1087 255 1139 299 τὰ
1156 252 1306 312 γόνατα
1324 253 1574 313 προσηύχετο
1595 256 1661 300 λε’-

194 343 277 384 γων
299 325 553 384 (επαρακαλῶ
583 344 650 378 σε,
685 326 757 368 θεὲ
782 324 930 382 πάτερ,
964 325 1067 384 ἄφες
1094 325 1248 376 αὐτοῖς·
1284 324 1332 367 οὗ
1359 326 1437 382 γὰρ
1463 326 1599 369 οἴδασι
1623 326 1666 368 τί

194 394 489 454 πράττουσιν.”
561 393 618 446 εἷς
644 395 689 438 δέ
713 399 793 437 τῶν
817 395 916 438 υἱῶν
933 393 1076 450 Ῥιχὰβ
1094 394 1234 452 ἕκραξε
1254 395 1380 451 λέγων
1400 392 1663 447 ((παῦσασθε,

194 468 237 512 τί
257 472 429 519 ποιεῖτες
465 462 486 506 ὃ
511 464 664 515 δίκαιος
684 468 840 519 μᾶλλον
857 463 957 522 ὖπέρ
979 463 1095 520 ἡμῶν
1121 463 1320 519 εὖχεται.”
1392 465 1460 506 καὶ
1495 463 1664 522 δραμών

195 553 257 586 τις
280 535 456 592 κναφεὺς
478 533 623 579 ἔδωκεν
645 536 702 585 εἷς
723 534 797 590 τὴν
819 535 999 592 κεφαλὴν
1027 534 1152 577 αὐτοῦ
1179 534 1282 588 μετὰ
1309 531 1430 585 ’ξύλου
1451 537 1697 591 κναφικοῦ,5

140 609 175 644 C
202 606 269 647 καὶ
297 602 555 647 ἐθανάτωσεν
582 602 718 646 αὐτόν.
786 602 1003 659 θάψαντες
1020 604 1062 646 δὲ
1080 602 1204 646 αὐτὸν
1223 606 1312 661 περὶ
1329 607 1386 661 τῷ
1405 607 1490 660 ναῷ
1508 601 1666 658 ἀνήγει-

200 692 277 732 ραν
308 673 381 728 τὴν
411 672 562 728 στήλην
593 674 734 715 αὐτοῦ.
799 674 905 728 μετὰ
935 674 978 716 δέ
1008 670 1233 730 μαρτύριον
1264 673 1390 715 αὐτοῦ
1409 671 1522 729 παρὰ
1539 671 1669 722 πόδας

198 747 468 800 πολιορκεῖται
489 739 787 799 Ἰερουσαλήμ·
824 745 925 799 φησὶ
944 743 1021 800 γὰρ
1041 741 1247 797 Ἰώσηπος
1267 739 1427 785 “wita
1449 742 1492 784 δὲ
1514 741 1668 795 συμβέ-

195 817 321 868 βηκεν
359 812 578 862 Ἰουδαίοις
611 811 705 855 κατ’
742 812 943 869 ἐκδίκησιν
981 810 1186 866 Ἰακώβου
1219 815 1293 854 τοῦ
1325 812 1504 863 δικαίου,
1547 809 1592 861 ὃς
1618 805 1668 865 ἦν

199 881 380 938 ἀδελφὸς
405 882 550 936 Ἰησοῦ
581 885 654 924 τοῦ
683 882 896 937 λεγομένου
926 884 1136 941 Χριστοῦ,
1171 878 1382 939 ἐπειδήπερ
1415 878 1668 924 δικαιότατον
1681 884 1725 920 10

198 950 297 994 ὄντα
317 952 515 993 Ἰουδαῖοι
539 950 816 994 angustum?

333 1042 423 1084 Ἐπὶ
453 1040 599 1085 τούτου
629 1046 704 1084 τοῦ
731 1042 922 1099 Νέρωνος
947 1041 1086 1096 Σίμων
1111 1038 1132 1083 ὃ
1159 1038 1290 1097 μάγος
1311 1040 1446 1084 ἐλθὼν
1465 1041 1507 1083 ἐν
1518 1037 1670 1098 Ῥώμῃ,

201 1114 269 1155 καὶ
300 1112 432 1154 πολλὰ
461 1117 609 1167 σημεῖα
635 1111 704 1153 διὰ
731 1113 914 1168 γοητείας
939 1112 1150 1162 ἐπιτελῶν,
1187 1110 1331 1153 ἑαυτὸν
1350 1111 1452 1154 θεὸν
1476 1109 1671 1164 ὠνόμαζε.

201 1186 274 1224 τοῦ
295 1179 474 1238 μεγάλου
497 1182 540 1223 δὲ
561 1179 787 1224 ἀποστόλου
806 1182 972 1237 Πέτρου
990 1180 1079 1223 τότε
1095 1180 1171 1235 τὴν
1187 1178 1346 1236 Ῥώμην
1372 1178 1673 1234 καταλαβόντος

202 1253 270 1294 καὶ
296 1251 398 1308 πρὸς
422 1251 493 1293 τὸν
515 1249 648 1306 μάγον
666 1249 936 1301 ἀπελθόντος,
966 1245 1054 1308 εὗρε
1075 1248 1175 1292 κύνα
1198 1250 1441 1306 παμμεγέθη
1465 1250 1673 1303 δεδεμένον
1685 1253 1729 1289 15

203 1318 344 1378 ἁλύσει
374 1322 415 1363 ἐν
446 1325 503 1378 τῷ
534 1324 708 1372 πυλῶνι,
745 1319 790 1363 ὃν
818 1318 839 1362 ὃ
868 1321 1007 1374 Elpeum
1041 1317 1246 1374 δεσμήσας
1273 1319 1330 1361 δι’
1366 1319 1493 1362 αὐτοῦ
1525 1317 1674 1362 ἐκώλυε

149 1399 182 1434 D
205 1389 360 1440 πάντας
384 1388 455 1440 οὓς
478 1389 551 1432 οὐκ
569 1388 695 1444 ἤθελε
714 1389 817 1448 πρὸς
839 1389 961 1432 αὐτὸν
983 1390 1163 1432 εἰσιέναι·
1196 1391 1263 1431 καὶ
1289 1393 1408 1431 τοῦτο
1438 1383 1488 1444 ἦν
1516 1391 1677 1446 πρῶτον

202 1464 350 1514 θαῦμα
370 1464 427 1517 τῷ
446 1460 634 1513 μέλλοντι
655 1459 756 1516 πρὸς
774 1461 942 1513 Σιῇιιωνα
960 1460 1228 1515 εἰσέρχεσθαι.
1296 1456 1318 1500 ὅ
1339 1459 1383 1500 δὲ
1401 1459 1563 1515 Πέτρος
1578 1458 1678 1500 ἴδιὸν

201 1529 272 1573 τὸν
297 1527 398 1571 κύνα
422 1528 529 1571 οὕτω
550 1529 676 1584 μέγαν
699 1530 766 1570 καὶ
788 1529 1114 1584 ἀπηγριωμένων,
1150 1530 1217 1570 καὶ
1242 1527 1396 1582 μαθὼν
1418 1525 1480 1570 ὅτι
1503 1527 1678 1578 πολλοὺς

202 1599 358 1641 ἀνεῖλεν
399 1596 730 1654 ἐπιχειρήσαντας
770 1600 966 1640 εἲσελθεῖν
1003 1597 1081 1654 πρὸ
1120 1602 1193 1652 τῆς
1226 1598 1446 1655 ἐπιτροπῆς
1476 1598 1675 1651 Σίμωνος,
1688 1606 1735 1642 20

202 1665 411 1724 κρατήσας
440 1666 578 1709 ἔλυσεν
608 1666 731 1709 αὐτὸν
763 1668 888 1723 λέγων
916 1665 1105 1709 (εεῖσελθε
1135 1665 1237 1720 πρὸς
1268 1668 1458 1720 Σιζιιωνα,
1500 1668 1568 1708 καὶ
1595 1667 1679 1709 εἰπὲ

204 1738 317 1794 αὐτῷ
339 1737 576 1793 ἀνθρωπίνῃ
599 1740 739 1793 φωνῇ,
769 1737 931 1793 Πέτρος
949 1734 969 1777 ὃ
989 1738 1134 1786 δοῦλος
1154 1738 1342 1792 Χριστοῦ
1361 1739 1558 1779 εἰσελθεῖν
1577 1736 1680 1794 πρὸς

204 1807 251 1850 σὲ
278 1805 438 1849 &Oka-²³
509 1807 578 1848 καὶ
612 1808 687 1848 τοῦ
719 1805 838 1857 κυνὸς
869 1805 996 1856 εὐθὺς
1024 1803 1164 1865 δρόμῳ
1193 1803 1449 1857 εἷσελθόντος
1474 1807 1542 1848 καὶ
1573 1804 1679 1849 οὕτω

206 1984 246 2019 in
269 1994 346 2018 eum
371 1981 547 2017 coniicere
570 1981 789 2028 coepissent,
825 1981 927 2017 flexis
959 1982 1152 2028 poplitibus
1176 1982 1227 2017 ita
1257 1986 1312 2017 est
1338 1987 1503 2028 precatus
1533 1980 1621 2019 “oro
1644 1987 1682 2020 te

207 2043 229 2065 o
254 2031 339 2064 deus
361 2029 520 2075 genitor,
554 2030 714 2064 condona
736 2029 803 2063 hoc
825 2029 925 2063 istis:
959 2041 1029 2063 non
1053 2030 1143 2063 enim
1165 2029 1280 2064 sciunt
1308 2040 1411 2075 quam
1439 2042 1512 2065 rem
1537 2027 1683 2076 agunt-'⁵

206 2088 298 2111 unus
324 2083 438 2110 autem
463 2077 507 2110 de
531 2075 701 2123 progenie
720 2075 873 2110 Richabi
897 2075 1106 2110 exclamavit
1127 2072 1322 2120 “desinite‚
1348 2076 1432 2121 qnid
1453 2077 1589 2122 agitis?
1621 2079 1682 2112 Iu—

209 2129 286 2159 stus
322 2135 387 2168 pro
419 2122 522 2156 vobis
558 2119 758 2169 precatur.''
802 2122 942 2156 interim
971 2123 1110 2168 quidam
1141 2122 1225 2157 fullo
1260 2134 1444 2157 accurrens
1468 2123 1587 2169 ligneo
1617 2135 1682 2159 suo

207 2170 441 2205 instrumento
467 2169 631 2204 Iacobum
654 2169 691 2203 in
716 2174 821 2215 caput
845 2168 1009 2214 imposita
1035 2168 1140 2215 plaga
1169 2169 1313 2204 occidit.
1361 2169 1575 2216 sepelierunt
1604 2182 1683 2205 eum

208 2228 303 2264 pone
325 2215 510 2261 templum,
543 2227 585 2250 ac
610 2215 799 2250 columnam
823 2214 860 2249 in
883 2215 1092 2250 monimento
1115 2217 1191 2251 eius
1215 2222 1420 2262 posuerunt.
1467 2230 1587 2252 necem
1607 2217 1683 2251 eius

209 2263 328 2298 statim
353 2264 540 2297 subsecuta
565 2266 619 2296 est
642 2262 967 2306 Hierosolymorum
992 2262 1144 2298 obsidio.
1192 2263 1243 2298 ait
1266 2262 1357 2297 enim
1378 2263 1548 2310 Iosephus
1573 2260 1685 2298 “haec

208 2309 351 2344 Iudaeis
385 2314 598 2352 evenerunt,
634 2313 674 2343 ut
705 2320 838 2355 poenas
871 2309 1008 2344 luerent
1038 2309 1135 2344 necis
1170 2321 1271 2356 quam
1303 2310 1453 2355 Iacobo,
1489 2311 1550 2356 qui
1572 2311 1685 2346 frater

209 2356 292 2391 Iesu
316 2360 545 2401 cognomento
572 2355 705 2390 Christi
729 2355 818 2401 fuit,
842 2356 972 2390 homini
993 2356 1184 2391 iustissimo
1208 2352 1439 2392 intulerant.”

303 2425 503 2470 Imperante
535 2426 680 2460 Nerone
712 2425 857 2459 Romam
888 2426 1070 2470 profectus
1108 2426 1230 2461 Simon
1262 2437 1403 2471 magus,
1440 2437 1518 2460 cum
1550 2424 1685 2461 artibus

209 2471 354 2515 magicis
380 2471 487 2505 multa
510 2471 680 2506 edidisset
703 2471 926 2518 prodigiosa,
951 2472 1019 2506 sibi
1042 2473 1100 2507 dei
1119 2485 1245 2508 nomen
1263 2471 1454 2518 arrogavit.
1504 2484 1572 2517 quo
1597 2478 1686 2506 tem-

206 2529 296 2562 pore
322 2529 465 2562 magnus
489 2517 548 2553 ille
573 2518 752 2564 apostolus
776 2519 902 2552 Petrus
927 2519 1071 2553 Romam
1102 2531 1176 2554 cum
1201 2519 1378 2563 venisset,
1415 2519 1541 2553 statuit
1569 2519 1686 2553 Simo-

208 2575 287 2598 nem
321 2564 432 2597 adire.
484 2570 562 2600 erat
592 2566 638 2600 ad
670 2565 766 2600 fores
799 2565 953 2599 Simonis
984 2566 1080 2600 canis
1109 2565 1341 2611 praegrandis
1375 2570 1500 2600 catena
1533 2565 1686 2610 vinctus,

210 2609 310 2643 cuius
331 2621 438 2654 opera
462 2610 584 2646 Simon
609 2613 752 2646 arcebat
774 2623 1000 2657 quoscunque
1022 2612 1067 2646 ad
1089 2624 1128 2646 se
1147 2613 1316 2647 accedere
1334 2612 1461 2654 nollet;
1485 2612 1592 2657 idque
1611 2612 1686 2658 pri-

213 2667 304 2690 mum
334 2655 534 2691 miraculum
568 2659 776 2693 occurrebat
805 2658 850 2693 ad
880 2658 1058 2693 Simonem
1090 2659 1287 2694 intraturis.
1333 2658 1461 2693 Petrus
1489 2671 1611 2693 canem
1637 2658 1689 2693 ita

215 2713 376 2745 magnum
401 2708 437 2736 et
459 2705 643 2739 efferatum
667 2717 834 2749 cernens,
865 2705 1007 2749 cognito
1044 2705 1168 2740 multos
1193 2707 1236 2740 ab
1262 2717 1304 2739 eo
1328 2705 1438 2739 fuisse
1468 2704 1687 2747 interfectos,

216 2747 310 2793 quod
335 2753 416 2782 ante
438 2748 570 2785 iussum
593 2751 748 2786 Simonis
769 2751 909 2796 ingredi
934 2751 1051 2787 conati
1072 2756 1210 2795 essent,
1243 2751 1479 2797 apprehendit
1499 2763 1597 2795 eum,
1629 2762 1689 2784 so-

216 2793 393 2837 lutumque
416 2794 548 2830 intrare
572 2799 614 2832 ad
638 2798 816 2832 Simonem
842 2797 967 2841 iussit,
1001 2798 1105 2845 eique
1128 2799 1279 2833 humana
1305 2810 1390 2833 voce
1408 2798 1528 2832 dicere
1547 2798 1689 2831 Petrum

217 2851 356 2876 servum
381 2839 515 2876 Christi
538 2855 668 2890 cupere
685 2844 800 2891 ipsum
819 2854 1043 2880 conventum.
1090 2857 1167 2880 cum
1190 2845 1288 2881 cauis
1309 2845 1428 2882 statim
1450 2845 1545 2880 intro
1565 2855 1688 2879 accur—
