1742 3184
188 168 256 218 76
372 148 374 151 ’
680 166 924 215 οΕοΒοΠ
952 165 1202 212 canaam

186 306 259 332 τον
281 285 307 342 ἦ
329 286 432 343 θετὴ
456 283 594 345 μήτηρ
621 287 762 345 Φαρία
785 290 844 345 τῷ
870 284 1032 344 Φαραὼ
1055 287 1400 342 προσαγαγοῦσα,
1436 283 1586 334 ε’κεΐνος
1615 282 1686 327 τὸν

187 359 252 402 ἐπὶ
277 362 352 413 τῆς
373 362 555 415 κεφαλῆς
574 358 778 415 στέφανον
803 356 930 399 αὐτοῦ
951 355 1021 399 τὸν
1042 354 1260 410 βασιλικὸν
1280 353 1447 412 ἀφελὼν
1468 354 1686 413 περιέθηκε

186 433 246 488 τῷ
269 431 438 485 ΖΠωϋσῇ
460 426 716 484 νηπιάζοντι·
753 424 775 471 ὃ
800 427 844 470 δὲ
865 430 1012 469 τοῦτον
1035 425 1164 484 ῥίψας
1184 422 1476 480 κατεπάτησεν.

131 508 165 544 D
319 496 411 541 ’Ότι
444 501 637 553 Μωῢσῆς
656 499 698 540 ἐν
717 504 802 548 τοῖς
819 494 988 554 χρόνοις
1007 494 1176 552 Ἰνάχου
1198 490 1249 552 ἦν
1271 493 1466 551 ἀκμάζων
1485 497 1560 537 τοῦ
1577 492 1684 538 κατὰ

182 567 514 624 ΙΙελοπόννησον.
585 570 627 611 ἓν
659 567 799 619 ἄλλοις
829 567 874 610 δὲ
904 566 1070 625 εὕρηται
1104 566 1167 610 ὅτι
1191 565 1298 610 κατὰ
1323 566 1399 621 μὲν
1414 564 1586 618 Ἴναχον
1612 564 1718 608 τὸνᾶ

183 637 358 696 πρώτως
395 636 700 694 βασιλεύσαντα
736 637 910 695 ’Άργους
950 637 1127 695 Ἰσραὴλ
1167 635 1409 693 γενόμενος,
1465 636 1508 686 ἐξ
1548 629 1598 678 οὗ
1635 634 1682 677 τὸ

183 706 478 766 δωδεκάφυλον
509 713 582 753 τοῦ
604 709 826 751 Ἰουδαίων
858 707 1009 759 ἔθνους
1035 712 1111 764 τῆς
1137 712 1212 750 τοῦ
1237 705 1415 763 Ἰσραὴλ
1449 705 1685 760 ἐπωνυμίας

181 778 346 835 ἠξιώθη
357 811 370 831 ,
406 778 511 824 κατὰ
536 779 580 821 δὲ
600 779 674 835 τὴν
698 780 928 835 Σεμίραμιν
947 778 1020 821 τὸν
1036 776 1241 835 Ἀβραάμ.
1312 777 1504 821 Μωῦσέα
1523 777 1568 819 δὲ
1587 773 1684 818 τού-

182 866 265 892 των
283 850 358 904 μὲν
379 848 598 908 νεώτερον,
625 854 707 892 τῶν
729 850 773 892 δὲ
796 848 899 907 παρ’
913 847 1107 904 ’Έλλησιν
1124 847 1533 906 ἀρχαιολογουμένων
1550 843 1681 888 ἁπάν-

181 936 264 962 των
298 918 605 977 πρεσβύτατον,
636 917 822 977 Ὁμήρου
855 919 958 976 λέγω
992 920 1060 961 καὶ
1089 917 1291 962 εΗσιόὸὀυ
1330 919 1399 961 καὶ
1432 917 1568 960 αὐτῶν
1601 921 1682 959 τῶν
1695 920 1741 956 10

185 993 407 1045 Τρωΐκιῦν,
456 991 522 1033 καὶ
557 989 616 1033 ἔτι
648 988 920 1046 Διοσκούρων
949 988 1197 1044 Ἀσκληπιοῦ
1229 987 1436 1032 Διονύσου
1465 985 1619 1049 ἡρώων
1640 1004 1682 1030 τε

182 1057 368 1113 πάντων,
398 1059 554 1117 Ἑρμοῦ
585 1077 627 1103 τε
659 1063 728 1103 καὶ
754 1058 1012 1111 Ἀπόλλωνος
1035 1064 1117 1102 τῶν
1139 1077 1181 1103 τε
1206 1063 1360 1103 λοιπῶν
1383 1061 1485 1115 παρ’
1512 1056 1684 1113 “Ελλησι

182 1134 296 1173 θεῶν
329 1132 569 1188 μυστηρίων
599 1148 643 1174 τε
676 1132 744 1174 καὶ
774 1134 969 1183 τελετῶν,
1005 1128 1110 1182 Διός
1135 1147 1179 1174 τε
1205 1130 1335 1173 αὐτοῦ
1365 1130 1435 1172 καὶ
1463 1133 1546 1171 τῶν
1575 1126 1679 1185 παρ’

63 1206 88 1240 Ρ
113 1205 160 1242 43
176 1199 345 1255 Ἕλλησι
389 1201 757 1257 ,μνημονευομένων
796 1198 998 1259 πράξεων.
1071 1199 1229 1244 τούτων
1261 1200 1341 1257 γὰρ
1378 1196 1572 1242 ἁπάντων
1607 1197 1683 1253 τὴν

182 1270 366 1328 ἱστορίαν
400 1272 600 1327 νεωτέραν
639 1273 708 1314 καὶ
747 1275 821 1327 τῆς
855 1271 1071 1329 Κέκροπος
1103 1269 1265 1326 ἡλικίας
1290 1267 1498 1325 Ἑλλήνων
1538 1269 1680 1319 παῖδες
1694 1274 1740 1311 15

180 1339 481 1398 παραδιδόασι,
518 1342 709 1385 Μωϋσὲα
731 1342 776 1384 δὲ
797 1339 823 1397 ἡ
847 1346 1039 1398 παροῦσα
1067 1343 1325 1393 συνεξέτασις
1352 1339 1458 1382 κατὰ
1487 1339 1681 1396 Κέκροπα

179 1411 251 1454 τὸν
274 1412 403 1469 διφυῆ
427 1412 621 1467 γενέσθαι
643 1413 867 1463 δείκνυσιν,
903 1411 950 1463 ὃς
982 1415 1167 1468 πρῶτος,
1203 1411 1261 1464 ὥς
1291 1428 1419 1470 φασι,
1450 1414 1525 1466 τῆς
1547 1409 1679 1452 Ἀττι-

177 1486 252 1537 κῆς
274 1482 535 1536 ἐβασίλευσε,
571 1481 651 1539 πρὸ
673 1481 731 1525 τν’
757 1483 858 1525 ἐτῶν
877 1486 950 1524 τοῦ
968 1481 1115 1524 Ἰλίου.

305 1550 397 1594 ’Ότι
430 1552 474 1594 ἐκ
505 1556 579 1595 τοῦ
605 1552 799 1610 Ἀβραὰμ
833 1553 900 1594 καὶ
934 1556 1009 1608 τῆς
1044 1549 1288 1606 Χεττούρας
1315 1554 1504 1607 γεννᾶται
1527 1547 1680 1602 Ἰεξὰν,

179 1620 224 1662 ἐκ
246 1619 393 1664 τούτου
415 1620 600 1677 Λαὸάμ,
631 1623 674 1665 ἐκ
701 1621 848 1665 τούτου
871 1620 1074 1679 Ῥαγουὴλ
1096 1623 1166 1664 καὶ
1190 1621 1341 1679 ’Ῑοθόρ
1367 1619 1388 1664 ὃ
1414 1624 1482 1663 καὶ
1510 1618 1739 1674 Ἰοβάρζῖθ

177 1691 222 1732 ἐκ
250 1692 295 1733 δὲ
319 1692 469 1749 Ἰοθὸρ
500 1689 725 1751 Σεπφόρα,
762 1691 812 1747 ἢν
838 1692 962 1749 ἔγημε
989 1694 1206 1747 Μωϋσῆς,
1243 1691 1388 1742 καθώς
1413 1691 1571 1749 ἱστορεῖ
1587 1690 1680 1746 Δη-

175 1758 372 1819 μήτριος,
411 1759 467 1813 ὥς
498 1762 646 1820 φάσκει
677 1764 745 1805 καὶ
775 1763 978 1817 Εὐσέβιος
997 1763 1039 1804 ἐν
1058 1767 1116 1821 τῷ
1135 1765 1328 1821 χρονικῷ.
1398 1763 1465 1804 καὶ
1486 1764 1683 1817 Μωϋσῆς

174 1831 251 1886 μὲν
283 1832 364 1875 ἀπὸ
390 1832 583 1891 Ἀβραὰμ
617 1833 814 1890 ἕβδομος,
846 1831 872 1889 ἦ
903 1833 947 1876 δὲ
973 1831 1176 1891 Σεπφόρα
1204 1833 1313 1888 ἕκτη.
1383 1829 1440 1883 ὥς
1463 1832 1508 1875 δὲ
1530 1832 1634 1889 λέγει
1658 1829 1680 1874 ὅ

174 2010 285 2045 ditum
310 2015 366 2046 est
392 2010 519 2047 Mosen
543 2024 566 2047 a
590 2017 701 2048 matre
725 2024 790 2048 sua
819 2011 997 2047 Phareide
1027 2012 1208 2047 Pharaoni
1238 2011 1398 2057 allatum,
1432 2023 1582 2058 cumque
1614 2024 1679 2048 rex

173 2057 370 2093 detractam
395 2059 440 2093 de
463 2071 528 2094 suo
553 2059 672 2106 capite
696 2071 860 2095 coronam
884 2071 995 2106 puero
1019 2060 1156 2096 ludenti
1177 2060 1426 2108 imposuisset,
1454 2060 1582 2095 Mosen
1601 2071 1678 2095 eam

176 2104 355 2140 abiecisse
379 2117 422 2141 ac
445 2106 597 2152 pedibus
622 2107 863 2143 conculcasse.

270 2174 392 2210 Moses
423 2176 546 2212 floruit
578 2182 698 2213 aetate
722 2177 849 2213 Inachi
871 2176 1139 2224 Peloponnesii.
1189 2177 1283 2224 apud
1312 2177 1402 2212 alios
1426 2176 1598 2224 scriptum
1621 2176 1676 2212 in—

177 2221 284 2257 venio
309 2222 454 2268 Inachi,
488 2223 550 2270 qui
573 2224 707 2270 primus
732 2224 838 2270 Argis
858 2225 1043 2270 regnavit,
1078 2224 1259 2270 aequalem
1290 2224 1403 2260 fuisse
1428 2223 1599 2263 Israelum
1614 2251 1625 2268 ,
1657 2236 1678 2259 a

177 2281 248 2314 quo
279 2270 466 2305 duodecim
498 2271 613 2307 tribus
648 2278 815 2307 constans
849 2272 1060 2307 Iudaeorum
1089 2271 1186 2306 natio
1211 2278 1310 2316 orta,
1346 2278 1455 2317 atque
1477 2271 1680 2307 Israelitica

175 2328 264 2360 gens
288 2317 514 2352 denominata
539 2317 622 2354 fuit.
670 2319 916 2355 Semiramidis
946 2324 1066 2354 aetate
1090 2319 1326 2354 Abrahamum
1351 2319 1501 2355 vixisse.
1549 2319 1679 2354 Mosen

174 2362 230 2397 his
254 2364 396 2409 quidem
420 2365 655 2410 posteriorem
682 2366 816 2410 fuisse,
851 2366 1014 2401 omnibus
1042 2373 1158 2401 autem
1183 2366 1244 2411 qui
1268 2366 1305 2401 in
1330 2368 1551 2402 Graecorum
1582 2365 1676 2400 anti-

174 2411 312 2455 quitate
335 2418 526 2447 narrantur
550 2413 728 2459 priorem,
761 2413 919 2448 Homero
943 2412 1108 2459 inquam,
1144 2413 1305 2449 Hesiodo
1339 2414 1490 2460 ipsoque
1515 2413 1677 2447 Troiano

173 2457 289 2501 bello,
327 2463 435 2503 atque
468 2459 574 2494 etiam
608 2459 819 2496 custoribus
851 2459 1065 2506 Aesculapio
1098 2460 1259 2506 Baccho,
1296 2460 1458 2496 omnibus
1492 2459 1677 2504 heroibus,

173 2510 245 2538 tum
275 2504 457 2540 Mercurio
487 2506 651 2553 Apolline
683 2519 726 2542 ae
755 2506 886 2542 ceteris
917 2508 1134 2542 Graecorum
1156 2507 1245 2552 diis,
1277 2506 1459 2554 mysteriis
1484 2512 1591 2553 atque
1616 2519 1675 2541 sa-

173 2550 244 2585 cris
261 2577 271 2596 ‚
303 2550 456 2597 ipsoque
479 2554 588 2599 Iove,
623 2559 661 2589 et
680 2553 841 2589 omnibus
864 2566 957 2600 quae
976 2555 1069 2610 apud
1094 2556 1255 2590 Graecos
1279 2559 1596 2590 commemorantur
1615 2566 1675 2589 re-

171 2599 239 2632 bus
261 2599 387 2643 gestis.
435 2599 559 2636 horum
586 2601 679 2636 enim
702 2601 854 2636 omnium
883 2601 1068 2637 historiam
1094 2602 1257 2649 Cecrope
1281 2601 1517 2638 recentiorem
1542 2600 1676 2636 Graeci

170 2645 335 2679 tradunt:
373 2650 409 2680 at
439 2646 566 2682 Mosen
592 2660 762 2694 praesens
786 2660 861 2683 com
890 2648 1003 2684 aratio
1028 2649 1202 2696 Cecropis
1225 2649 1357 2695 gemini
1381 2653 1593 2694 tempestate
1620 2647 1675 2683 vi-

170 2691 267 2727 xisse
290 2691 530 2740 demonstrat,
555 2695 618 2740 qui
642 2695 774 2741 primus
797 2695 834 2730 in
889 2696 979 2732 ttica
1000 2697 1166 2741 regnavit
1189 2696 1291 2732 annis
1315 2702 1398 2730 ante
1420 2694 1523 2730 Ilium
1546 2695 1630 2731 350.

269 2761 328 2796 Ex
350 2761 551 2799 Abrahamo
577 2770 615 2799 et
639 2764 816 2801 Chettura
840 2766 995 2801 Iexanus
1022 2771 1076 2801 est
1100 2772 1223 2810 natus,
1259 2770 1364 2811 pater
1385 2765 1549 2802 Dadami.
1599 2766 1674 2800 Da·

169 2808 294 2843 damus
315 2808 450 2855 Ragum
470 2811 649 2846 lot-horem
676 2817 713 2847 et
735 2813 905 2848 Iobabum
925 2813 1062 2858 genuit.
1110 2812 1267 2847 lothoris
1295 2811 1369 2846 filia
1386 2813 1455 2848 fuit
1470 2813 1675 2859 sepphora,

170 2866 276 2900 quam
300 2855 421 2891 Moses
447 2858 566 2903 duxit,
595 2864 635 2894 ut
656 2860 859 2894 Demetrius
884 2864 1005 2895 narrat
1031 2867 1068 2895 et
1087 2860 1123 2894 in
1144 2858 1333 2895 Chronicis
1351 2860 1529 2895 Eusebius
1547 2860 1675 2894 refert.

171 2901 342 2948 septimus
367 2905 413 2940 ab
437 2904 638 2943 Abrahamo
663 2904 733 2943 fuit
755 2907 851 2944 serie
870 2906 1014 2955 generis
1032 2907 1174 2953 Moses,
1198 2906 1387 2954 Sepphora
1409 2911 1526 2943 sexta.
1574 2906 1673 2942 Afri-
