1742 3184
167 168 168 171 ¹
220 203 316 252 164
700 199 942 246 GEORGII
977 195 1226 243 CEDRENI

214 325 343 365 ποιεῖν
364 318 470 363 κατὰ
491 313 626 360 πάντα
647 315 674 359 ἃ
698 312 952 371 ἐνετειλάμην
971 312 1104 372 αὐτῷ,
1140 313 1206 355 καὶ
1228 310 1278 361 τὰ
1299 306 1596 368 προστάγματά
1615 326 1697 364 μου

216 393 283 435 καὶ
310 389 384 441 τὰς
413 385 579 438 ἐντολάς
608 403 691 441 μου
724 383 939 444 φυλάξεις,
977 381 1195 438 ἀναστήσω
1214 380 1284 424 τὸν
1303 377 1457 435 θρόνον
1480 383 1555 435 τῆς
1573 383 1697 433 βασι-

217 461 326 510 λειάς
359 475 434 501 σου
469 457 533 499 ἐπὶ
561 455 725 512 Ἰσραὴλ
753 456 809 505 εἷς
833 453 905 497 τὸν
928 454 1078 504 αι’ὥνα,
1114 449 1259 501 καθὼς
1284 446 1467 504 ἐλάλησα
1491 453 1550 508 τῷ
1573 448 1701 505 πατρί

215 545 291 573 σου
312 529 437 584 λέγων
460 525 553 569 εοὒκ
571 522 842 580 ἓξαρθήσεται
865 522 966 580 ἀνὴρ
987 519 1211 579 ἡγούμενος
1226 519 1267 562 ἓν
1283 516 1490 576 Ἰσραήλ.’
1562 517 1634 560 ἐὰν
1654 518 1699 560 δὲ

162 605 193 640 C
219 595 547 654 ἀποστραφέντες
575 594 865 650 ἀποστραφῆτε
896 590 1012 646 ὑμεῖς
1041 592 1106 634 καὶ
1130 589 1182 632 τὰ
1202 589 1322 632 τέκνα
1344 586 1460 643 ὖμῶν
1482 586 1556 629 ἀπ’
1582 587 1731 641 ε’μοῦ,5

217 669 284 711 καὶ
313 666 371 722 μὴ
402 662 607 723 φυλάξῃ-τε
635 662 710 713 τὰς
736 659 902 712 ἐντολάς
931 678 1013 715 μου
1027 691 1041 712 ,
1076 660 1144 703 καὶ
1175 661 1406 716 πορευθῆτε
1433 658 1502 699 καὶ
1528 655 1698 699 δουλεύ-

217 753 314 792 σητε
339 738 453 784 θεοῖς
474 731 622 789 ἑτέροις
644 733 712 773 καὶ
738 728 1042 788 προσκυνήσητε
1066 728 1226 779 αὐτοῖς,
1263 728 1396 784 ἓξαρῶ
1422 726 1494 770 τὸν
1523 725 1699 782 Ἰσραὴλ

217 804 299 848 ἀπὸ
325 808 397 859 τῆς
419 807 492 859 γῆς
510 795 560 857 ἧς
580 799 714 843 ἔδωκα
737 800 848 858 αὐτῷ
858 832 871 851 ,
908 801 975 841 καὶ
1004 798 1075 841 τὸν
1104 795 1213 840 οἷκον
1236 800 1380 839 τοῦτον
1402 794 1449 838 ὃν
1471 793 1623 852 ἦγίασα
1641 800 1699 852 τῷ

218 872 391 928 ὀνόματί
415 889 497 926 μου
525 870 746 926 ἀπορρίψω
769 869 812 912 ἐκ
836 865 1058 926 προσώπου
1078 880 1184 922 μου·
1220 868 1288 909 καὶ
1312 863 1426 909 ἕσται
1445 864 1621 922 Ἰσραὴλ
1644 867 1701 915 εἷς

217 941 454 1001 ἀφανισμὸν
475 941 542 982 καὶ
563 941 619 990 εἷς
641 937 806 994 λάλημα
829 940 884 990 εἷς
903 938 955 981 τὰ
979 937 1081 992 ἔθνη
1105 933 1252 979 πάντα.
1319 937 1388 977 καὶ
1407 932 1428 977 ὅ
1450 932 1559 984 οἶκος
1583 929 1702 984 οὗτος
1714 942 1742 977 11

217 1010 239 1054 ὃ
266 1010 430 1067 ὑψηλὸς
458 1010 526 1052 καὶ
554 1009 704 1064 μέγας,
739 1007 854 1051 ἔσται
880 1011 961 1058 πᾶς
983 1004 1005 1048 ὃ
1029 1003 1369 1062 διαπορευόμενος
1395 1003 1452 1046 δι’
1477 1003 1606 1046 αὐτοῦ’
1632 1005 1700 1046 καὶ

217 1087 360 1138 συριεῖ.
429 1080 497 1121 καὶ
527 1078 687 1134 ἐροῦσιν
697 1110 711 1130 ,
747 1077 851 1120 ἀνθ’
882 1071 938 1120 ὧν
964 1075 1223 1132 ἐγκατέλιπον
1247 1073 1387 1132 κύριον
1406 1073 1477 1116 τὸν
1499 1072 1601 1116 θεὸν
1625 1072 1702 1116 αὖ-·

216 1154 297 1194 τῶν
329 1150 399 1192 καὶ
436 1145 704 1200 ἄντελάβοντο
738 1146 839 1190 θεὸν
869 1143 1106 1203 ἀλλότριον,
1143 1145 1212 1187 διὰ
1231 1148 1351 1187 τοῦτο
1372 1141 1546 1200 ἐπήγαγε
1564 1141 1704 1200 κύριος

217 1219 290 1275 τὴν
313 1218 457 1261 κακίαν
477 1214 674 1270 ταύτην.”

357 1286 447 1342 Τὴν
478 1286 524 1328 δὲ
555 1283 673 1327 πόλιν
701 1283 893 1340 μεγίστην
918 1284 984 1326 καὶ
1008 1285 1229 1341 περικαλλῆ
1253 1279 1526 1336 καταρτίσας,
1556 1280 1623 1321 καὶ
1654 1279 1700 1321 τὸ
1716 1285 1742 1323 14

219 1357 458 1414 π-ερῆιιετρον
485 1353 612 1409 αὐτῆς
642 1352 817 1408 ποιήσας
840 1350 990 1396 στάδια
1010 1349 1338 1410 τεσσαράκοντα,
1371 1348 1560 1406 γινόμενα
1585 1349 1702 1402 μίλια

168 1428 199 1463 D
222 1425 266 1478 (ἔξ
290 1425 441 1481 ἥμισυ,
474 1421 713 1466 δυσάλωτον
742 1420 948 1466 πάντοθεν
977 1420 1130 1477 ταύτην
1153 1417 1436 1464 κατεσκεύασε.
1504 1419 1702 1476 περικλεί-

218 1513 295 1546 σας
322 1494 401 1551 γάρ
429 1492 556 1548 αὐτὴν
579 1493 685 1550 τρισὶ
708 1492 853 1546 τείχεσι
874 1493 941 1534 καὶ
966 1489 1171 1550 φάραγξιν
1193 1489 1513 1547 ἇπερρωγυίαις,
1548 1484 1703 1544 κατάρ-

219 1581 340 1621 ρυτον
367 1561 512 1606 ὕδασιν
533 1560 632 1616 ὅλην
652 1561 861 1616 ἐποίησεν,
893 1561 997 1605 ὥστε
1020 1561 1064 1603 ἐκ
1087 1564 1161 1615 τῆς
1183 1559 1409 1616 ἀπορροίας
1432 1558 1528 1609 τοὺς
1548 1556 1704 1613 κήπους

220 1633 355 1677 αὐτῶν
377 1630 643 1688 ἀρδεύεσθαι.
691 1629 765 1672 σὺν
786 1628 946 1681 τούτοις
962 1630 1122 1684 ἐποίησε
1139 1628 1319 1685 θυρεοὺς
1332 1631 1515 1685 χρυσοῦς
1534 1626 1742 1676 ἔλατοὺςέί

219 1702 484 1750 ὀκτακοσίους
502 1697 705 1755 μεγάλους
720 1700 787 1741 καὶ
808 1697 965 1755 δόρατα
984 1696 1199 1756 τριακόσια
1219 1698 1287 1740 καὶ
1309 1697 1425 1754 ἕτερα
1446 1695 1553 1738 ὅπλα
1564 1699 1705 1753 χρυσᾶ

220 1774 404 1819 πλεῖστα.
473 1771 541 1812 καὶ
571 1769 709 1823 μέντοι
733 1769 801 1810 καὶ
823 1768 875 1810 τὰ
899 1765 1022 1824 σκεύη
1055 1767 1182 1811 αὐτοῦ
1203 1768 1270 1809 καὶ
1294 1766 1333 1808 οἱ
1355 1770 1550 1823 λουτῆρες
1565 1769 1705 1822 χρυσᾶ

220 1838 354 1882 πάντα
375 1837 558 1895 ὑπῆρχον
566 1869 580 1890 ,
611 1838 679 1880 καὶ
703 1837 777 1880 οὐκ
797 1831 847 1892 ἦν
865 1836 1059 1895 ἀργύριον
1078 1834 1335 1894 λογιζόμενον
1358 1837 1400 1879 ἓν
1425 1842 1514 1886 ταῖς
1534 1832 1705 1892 ἡμέραις

221 1909 363 1952 αὐτοῦ.
427 1906 494 1951 ὅτι
524 1911 624 1958 ναῦς
654 1906 780 1950 αὐτοῦ
813 1905 1028 1966 ἐπορεύετο
1058 1908 1117 1959 εἷς
1150 1906 1330 1965 Θαρσεῖς
1359 1906 1427 1949 καὶ
1456 1904 1526 1948 διὰ
1544 1902 1706 1963 χρόνων

221 2063 350 2109 corde,
383 2066 491 2110 atque
515 2062 631 2098 omnia
650 2065 848 2109 praecepta
870 2059 1037 2098 mandata
1055 2066 1092 2098 et
1114 2061 1213 2097 iussa
1236 2072 1314 2097 mea
1337 2061 1466 2106 obeas,
1497 2060 1622 2096 solium
1646 2072 1704 2096 re-

220 2110 283 2155 gni
306 2109 360 2145 tui
383 2110 421 2144 in
449 2109 636 2145 lsraelicos
661 2109 893 2154 confirmabo,
931 2113 972 2143 ut
994 2109 1043 2145 sit
1065 2114 1293 2155 perpetuum,
1328 2108 1501 2154 quomodo
1527 2107 1621 2154 patri
1644 2113 1706 2143 tuo

220 2156 297 2192 dixi
331 2168 506 2203 nunquam
538 2157 663 2191 defore
693 2156 756 2202 qui
786 2155 990 2190 Israelicum
1019 2167 1165 2200 regnum
1189 2161 1306 2201 gerat.
1353 2154 1410 2189 sin
1439 2159 1556 2189 autem
1580 2165 1645 2188 vos
1669 2159 1707 2188 et

219 2203 334 2238 vestri
365 2204 500 2249 posteri
524 2215 546 2237 a
569 2214 624 2238 me
647 2213 711 2237 vos
735 2202 896 2248 protinus
920 2202 1112 2247 avertetis,
1147 2202 1307 2247 meisque
1329 2212 1459 2248 praece
1485 2201 1531 2236 tis
1558 2201 1706 2247 postha-

220 2248 308 2284 bitis
332 2249 465 2285 alienos
496 2250 584 2284 deos
604 2248 803 2295 sequemini
827 2248 1104 2294 atque·c01etis‚
1139 2247 1340 2283 exscindam
1362 2248 1462 2282 Israe
1477 2247 1567 2282 ‘cum
1590 2258 1706 2293 popu-

222 2296 291 2331 lum
321 2296 366 2331 de
395 2303 494 2332 terra
525 2307 629 2341 quam
665 2295 699 2330 ei
729 2294 830 2340 dedi,
866 2296 1058 2341 aedemque
1085 2295 1176 2329 hanc
1197 2306 1302 2340 quam
1325 2293 1456 2329 nomini
1481 2306 1557 2329 meo
1580 2305 1705 2328 conse·-

222 2341 342 2387 cmvi,
376 2354 398 2377 a
420 2342 515 2377 facie
539 2354 616 2377 mea
635 2341 833 2388 proiiciam.
881 2347 990 2386 atque
1012 2341 1166 2376 Israelus
1185 2341 1327 2387 quidem
1347 2340 1502 2387 peribit,
1530 2339 1707 2375 ludibrio-

221 2399 292 2434 que
323 2388 394 2423 erit
425 2394 462 2424 et
493 2388 613 2423 fabula
644 2387 802 2423 omnibus
836 2387 1057 2423 nationibus:
1093 2388 1203 2422 aedes
1233 2392 1350 2423 autem
1379 2387 1466 2427 haef
1488 2386 1645 2422 sublimis
1670 2389 1707 2420 et

221 2446 349 2480 magna
375 2436 419 2470 ab
444 2435 605 2470 omnibus
628 2435 690 2480 qui
711 2434 959 2481 praeteribunt
979 2434 1269 2469 subsannabitur.
1317 2433 1439 2479 itaque
1468 2433 1589 2468 dicent
1611 2444 1706 2467 mor-

222 2480 334 2515 tales:
369 2481 454 2526 quia
482 2482 658 2516 dominum
690 2482 793 2516 deum
822 2492 922 2515 suum
947 2481 1180 2515 deseruerunt
1202 2479 1363 2516 Israelici
1390 2485 1428 2515 et
1461 2479 1594 2514 alienos
1619 2480 1705 2514 deos

223 2526 449 2563 adsciverunt
471 2527 564 2573 sibi,
590 2528 671 2562 ideo
695 2528 854 2563 dominus
877 2527 967 2562 hanc
989 2527 1222 2562 calamitatem
1244 2527 1334 2572 ipsis
1357 2522 1514 2561 intulit?

314 2573 428 2608 Porro
451 2575 573 2609 urbem
597 2574 764 2609 Solomon
789 2573 972 2609 maximam
993 2573 1332 2619 pulcherrimamque
1354 2572 1463 2618 fecit,
1494 2572 1547 2607 ita
1567 2576 1607 2607 ut
1630 2583 1703 2606 am-

222 2617 319 2653 bitus
343 2619 420 2654 eius
443 2626 540 2655 esset
562 2621 755 2655 stadiorum
777 2621 844 2667 40,
869 2632 959 2667 quae
981 2620 1172 2655 conficiunt
1194 2618 1344 2654 miliaria
1366 2620 1390 2654 6
1413 2630 1451 2663 S,
1480 2618 1707 2664 reddiditque

224 2675 301 2698 eam
319 2676 463 2710 prorsus
485 2666 807 2713 inexpugnabilem.
855 2678 933 2702 uam
964 2672 1000 2701 et
1030 2667 1145 2702 tribus
1174 2666 1283 2701 muris
1306 2677 1382 2700 eam
1407 2665 1520 2701 cinxit
1540 2670 1577 2700 et
1599 2664 1706 2700 fossis

223 2711 407 2757 abruptis,
425 2718 616 2760 >totamque
640 2713 741 2759 aquis
765 2713 894 2760 perflui
916 2713 1025 2758 fecit,
1062 2724 1209 2759 quarum
1232 2711 1383 2747 decursu
1418 2711 1514 2746 horti
1544 2711 1705 2761 rigaren-

223 2760 295 2790 tur.
344 2757 389 2792 ad
410 2757 496 2793 haec
518 2765 618 2794 scuta
642 2772 686 2794 ex
709 2771 795 2796 auro
815 2759 937 2795 ductili
961 2771 1085 2804 magna
1104 2761 1173 2795 800
1190 2759 1297 2803 fecit,
1324 2758 1446 2793 hastas
1468 2760 1558 2802 300,
1582 2757 1706 2793 aliam—

223 2812 293 2847 que
316 2808 523 2839 armaturam
548 2817 690 2840 auream
714 2805 917 2853 plurimam:
952 2806 1037 2852 quin
1062 2811 1098 2840 et
1120 2817 1208 2840 vasa
1231 2804 1344 2851 ipsius
1368 2810 1405 2840 et
1427 2805 1570 2840 lavacra
1590 2803 1707 2839 omnia

222 2859 330 2893 aurea
354 2855 474 2894 erant,
513 2863 628 2897 neque
650 2853 763 2898 ipsius
789 2858 906 2888 aetate
934 2852 972 2887 in
1000 2852 1116 2898 pretio
1147 2852 1264 2899 aliquo
1286 2856 1470 2896 argentum
1494 2851 1704 2886 habebatur.

220 2905 346 2941 navem
381 2907 521 2942 quoque
551 2898 723 2945 habebat,
758 2911 850 2946 quae
871 2899 1006 2935 Tarses
1030 2900 1196 2946 petebat,
1231 2909 1275 2935 ac
1305 2897 1460 2933 triennio
1485 2909 1626 2944 quoque
1645 2908 1706 2932 re·-
