1742 3184
210 216 310 266 248
692 216 933 264 GEORGII
967 216 1214 261 CEDRENI

209 334 273 380 ὅτι
293 339 346 394 τῇ
361 331 606 393 Ἀταλάντῃ
626 333 673 378 τὸ
695 333 827 392 δέρμα
844 333 1075 390 ἐχαρίσατο,
1107 330 1316 390 ὀργισθεὶς
1335 330 1423 375 ’κατ’
1444 329 1571 375 αῧτοῦ
1590 329 1688 374 ἴλα-

206 410 281 461 βεν
294 405 340 449 ὃν
360 404 559 464 ἐφύλαττε
578 404 739 448 θαλλὸν
758 408 832 459 τῆς
852 403 992 453 ἐλαίας
1009 400 1034 458 ἦ
1052 402 1261 454 Ἀλθαιά,
1288 400 1423 445 ὅντινα
1438 401 1598 444 θαλλὸν
1614 406 1688 456 τῆς

207 476 347 527 ἐλαίας
377 474 519 532 ἔγκυος
547 469 652 518 οὖσα
677 472 703 530 ἦ
731 474 927 516 Ἀλθαιά
955 469 1253 527 ἓπιθυμήσασα
1277 470 1426 530 ἔφαγε,
1470 472 1538 513 καὶ
1559 488 1687 513 κατα-

160 557 193 593 C
214 549 366 588 πιοῦσα
386 545 432 588 τὸ
457 542 614 602 φύλλον
632 548 705 599 τῆς
723 543 862 593 ε’λαίας
884 542 1039 592 εὐθέως
1058 541 1239 584 συνέτεκε
1255 541 1301 584 τὸ
1322 546 1395 596 τῆς
1419 541 1558 590 ἐλαίας
1578 539 1687 598 φύλ-

207 618 279 658 λον
297 619 357 673 up
374 612 622 672 Μελεάγρῳ.
655 614 746 669 περὶ
766 606 815 654 οὗ
830 611 1020 669 χρησμὸς
1044 610 1174 666 ἐδόθη
1195 615 1252 670 τῷ
1269 612 1393 667 πατρὶ
1414 611 1541 653 αὐτοῦ
1562 612 1718 661 Οἰνεῖ,5

205 689 403 728 τοσοῦτον
419 682 571 741 χρόνον
593 685 712 738 ζῆσαι
734 681 806 725 τὸν
825 682 1072 738 Μελέαγρον
1092 679 1189 724 ὅσον
1203 678 1354 738 χρόνον
1373 677 1619 736 φυλάττεται
1638 679 1685 722 τὸ

207 753 365 812 φύλλον
384 758 457 806 τῆς
477 753 615 803 ἐλαίας
635 752 681 794 τὸ
709 751 955 808 συγγενηθὲν
979 751 1104 809 αὐτῷ.
1171 748 1268 807 ὅπερ
1291 747 1448 808 φύλλον
1470 748 1637 792 ἔκαυσεν
1663 746 1686 792 ὅ

209 822 355 874 Οἰνεὺς
373 820 658 879 ἀγανακτήσας
677 822 784 864 κατὰ
796 825 869 864 τοῦ
884 822 989 863 ἰδίου
1009 820 1115 872 υἱοῦ,
1138 821 1204 862 καὶ
1219 823 1474 876 παραχρῆμα
1487 817 1686 863 ἐτελεύτα.

204 894 273 935 καὶ
296 890 318 936 ὅ
337 892 566 950 Εὐριπίδης
588 891 632 934 δὲ
653 892 794 948 δρᾶμα
817 891 908 947 περὶ
928 888 1176 947 Μελεάγρου
1195 889 1373 940 ἐξέθετο.

340 983 468 1026 Μετὰ
487 984 531 1026 δὲ
550 982 624 1038 τὴν
642 983 854 1037 βασιλείαν
870 986 944 1025 τοῦ
966 981 1117 1032 Οἰνέως
1133 981 1368 1035 ἐβασίλευσε
1384 983 1459 1036 τῆς
1474 981 1685 1032 Αἰτωλίας
1698 985 1742 1020 10

195 1049 340 1110 χώρας
367 1043 389 1095 ὅ
416 1052 555 1110 ’ἕτερος
580 1052 670 1104 υἱὸς
697 1053 822 1095 αὐτοῦ
856 1050 878 1095 ὃ
907 1050 1088 1103 Τυδεύς,
1137 1049 1158 1093 ὃ
1187 1051 1322 1108 πατὴρ
1343 1049 1604 1105 Διομήδους,
1641 1050 1687 1102 ὃς

200 1121 305 1177 μετὰ
335 1121 523 1177 τελευτὴν
555 1126 629 1165 τοῦ
662 1121 818 1179 πατρὸς
850 1122 978 1164 αὐτοῦ
1011 1121 1246 1176 ἐβασίλευσε
1280 1124 1354 1175 τῆς
1385 1123 1467 1162 τῶν
1494 1121 1685 1177 Ἀργείων

181 1224 183 1227 -
197 1189 363 1249 χώρας,
400 1189 652 1248 ἀγαγόμενος
680 1191 723 1234 ἔκ
752 1196 825 1234 τοῦ
847 1190 1020 1249 Ἄργους
1045 1196 1217 1246 γυναῖκα
1239 1188 1410 1244 ὀνόματι
1429 1188 1684 1246 Αἰγιάλειαν.

147 1272 180 1309 Ῑ)
204 1262 271 1303 καὶ
293 1260 541 1316 ἀπονοηθεὶς
569 1261 762 1304 κατέλυσε
787 1261 951 1319 πολέμῳ
974 1259 1049 1316 τὴν
1075 1260 1182 1302 ἰδίαν
1206 1259 1333 1301 αὐτοῦ
1350 1256 1493 1314 χώραν
1513 1261 1581 1301 καὶ
1601 1264 1684 1314 βα-

202 1331 369 1383 σιλείαν,
403 1328 579 1386 ποιήσας
602 1330 728 1386 αὐτὴν
746 1328 826 1373 ὑπὸ
850 1330 925 1386 τὴν
944 1333 1024 1372 τῶν
1043 1329 1234 1386 Ἀργείων
1254 1329 1466 1383 βασιλείαν
1480 1342 1491 1353 ·
1521 1331 1589 1371 καὶ
1613 1330 1681 1374 εὖ·
1695 1333 1740 1370 15

197 1399 309 1451 θὲως
332 1398 541 1456 ἐξώρμησε
560 1399 665 1455 μετὰ
688 1404 769 1442 τῶν
796 1400 970 1454 Ἀχαιῶν
999 1400 1064 1442 ἐπὶ
1084 1399 1130 1441 τὸ
1147 1398 1284 1441 Ἴλιον.
1354 1399 1422 1440 καὶ
1447 1398 1684 1443 ἐπανελθὼν

199 1468 279 1511 ἀπὸ
301 1474 375 1525 τῆς
399 1471 555 1527 Τροίας
575 1471 639 1513 ἐπὶ
659 1469 704 1512 τὸ
727 1469 831 1512 ἴδιον
846 1471 1054 1523 βασίλειον
1072 1468 1143 1511 οὐκ
1167 1468 1317 1523 ἐδέχθη
1338 1465 1417 1510 ὑπὸ
1443 1471 1524 1511 τῶν
1543 1469 1685 1513 αὐτοῦ.

197 1537 350 1593 μαθών
377 1530 422 1581 δέ
444 1537 506 1582 ὅτι
537 1537 564 1594 ἦ
594 1538 694 1595 γυνὴ
719 1538 845 1581 αὐτοῦ
864 1537 1087 1595 Αἰγιάλεια
1111 1535 1399 1589 κατασκευάζει
1424 1537 1537 1596 αὐτῷ
1561 1537 1683 1582 δόλον

198 1605 255 1658 ὥς
275 1612 551 1665 πορνευθεῖσα
570 1605 650 1650 ὑπὸ
681 1611 757 1650 τοῦ
781 1606 976 1663 Κόμητος
1002 1611 1075 1650 τοῦ
1098 1610 1365 1662 συγκλητικοῦ
1387 1602 1513 1662 αὐτῆς
1522 1639 1535 1658 ,
1571 1607 1684 1660 ὅστις

198 1677 268 1719 καὶ
293 1677 515 1720 ἀνθίστατο
540 1677 651 1735 αὐτῷ
673 1680 876 1733 κραταιῶς
898 1675 986 1731 ἅμα
1007 1682 1063 1735 τῷ
1083 1676 1159 1734 υἱῷ
1177 1676 1394 1719 Ναυπλίου
1414 1681 1472 1734 τῷ
1483 1677 1614 1720 Αἴακι
1628 1679 1739 1721 razo

199 1743 323 1799 ὅμοια
354 1746 616 1804 φωραθέντι,
653 1746 698 1788 οἳ
726 1746 796 1788 διὰ
824 1745 895 1788 τὸν
923 1744 1026 1803 πρὸς
1054 1744 1181 1799 αὐτὴν
1209 1744 1341 1803 ἴρωτα
1369 1749 1510 1805 πολλῷ
1542 1748 1681 1791 σθένει

197 1812 452 1870 ἀντεμάχουν
474 1814 600 1873 αὐτῷ,
629 1814 730 1858 ἰδών
750 1815 796 1857 δὲ
813 1812 984 1866 τούτους
1002 1815 1072 1857 καὶ
1094 1818 1231 1857 πᾶσαν
1250 1815 1323 1870 τὴν
1339 1815 1522 1871 Ἀργείαν
1536 1815 1681 1875 χώραν

198 1882 502 1939 ἀνθισταμένην
523 1883 634 1943 αὗτῷ
645 1916 659 1937 ,
698 1885 767 1926 καὶ
795 1885 901 1939 μηδὲ
920 1887 976 1935 εἰς
992 1884 1067 1939 τὴν
1086 1884 1194 1926 ἰδίαν
1212 1881 1356 1942 χώραν
1375 1883 1450 1939 τὴν
1467 1888 1681 1930 Αἰτωλίαν

199 1952 425 2009 δυνάμενος
447 1954 648 2007 ἀνελθεῖν,
682 1952 936 2013 ἀνεχώρησεν
964 1952 1223 2005 ἀποπλεύσας
1248 1955 1313 1997 ἐπὶ
1340 1953 1415 2010 τὴν
1433 1955 1681 2014 Καλαβρίαν

198 2164 274 2188 eam
297 2151 483 2192 Atalantae
514 2156 607 2191 dono
637 2154 801 2201 dedisse,
837 2154 939 2191 oleae
969 2155 1131 2190 frondem
1164 2166 1266 2201 quam
1290 2155 1439 2191 Althaea
1470 2158 1680 2194 asservabat

198 2200 294 2244 (cum
312 2201 425 2238 ferret
442 2207 580 2239 uterum
598 2202 759 2248 Althaea,
786 2202 981 2248 cupiditate
1000 2203 1151 2237 adducta
1171 2203 1333 2237 frondem
1358 2202 1458 2237 oleae
1481 2204 1678 2239 devorave-

194 2251 263 2292 rat,
293 2259 440 2294 eamque
459 2254 567 2296 partu
590 2260 661 2284 una
684 2260 760 2283 cum
782 2248 964 2294 Meleagro
989 2249 1172 2284 ediderat:
1210 2250 1334 2284 Oeneo
1360 2255 1476 2284 autem
1499 2250 1678 2286 oraculum

196 2299 275 2328 erat
302 2294 421 2331 datum
450 2295 584 2331 tamdiu
615 2296 791 2331 victurum
818 2294 1057 2340 Meleagrum,
1093 2296 1258 2342 quamdiu
1289 2297 1388 2330 frons
1421 2295 1521 2330 oleae
1554 2298 1678 2333 eodem

195 2345 300 2384 partu
324 2341 421 2377 edita
444 2343 713 2387 asservaretur)
748 2342 838 2377 hanc
868 2341 979 2388 igitur
1005 2342 1165 2376 frondem
1190 2342 1335 2377 Oeneus
1355 2341 1468 2376 iratus
1494 2344 1676 2390 cremavit,

194 2386 386 2467 statiimque
416 2393 575 2425 mortuus
608 2394 664 2425 est
692 2388 887 2434 Meleager.
936 2388 1050 2423 edidit
1077 2389 1123 2424 de
1149 2388 1330 2434 Meleagro
1354 2389 1571 2435 tragoediam
1596 2391 1676 2425 Eu-

193 2442 265 2477 ripi
292 2445 344 2469 es.

287 2502 451 2539 Aetoliae
474 2505 598 2540 Oeneo
622 2504 660 2540 in
681 2515 829 2551 regnum
853 2503 1026 2538 successit
1051 2503 1139 2539 alter
1162 2502 1255 2539 filius
1274 2503 1437 2549 Tydeus,
1461 2506 1567 2549 pater
1586 2504 1676 2539 Dio-

196 2547 320 2583 medis.
347 2550 536 2586 Diomedes
560 2557 697 2586 mortuo
726 2557 827 2598 patre
851 2550 888 2584 in
910 2549 1064 2596 Argivos
1087 2562 1235 2595 regnum
1257 2550 1383 2594 tenuit,
1408 2550 1543 2595 Argiva
1564 2562 1676 2586 uxore

195 2591 364 2637 Aegialea
396 2598 520 2641 ducta3
556 2598 767 2644 insaniaque
799 2596 957 2632 concitus
989 2596 1161 2632 Aetoliam
1192 2602 1229 2631 et
1257 2607 1402 2642 regnum
1438 2607 1535 2631 suum
1568 2597 1675 2632 armis

194 2637 329 2682 Argivo
353 2653 463 2688 regno
487 2644 657 2679 subdidit.
684 2645 768 2679 inde
792 2643 910 2678 statim
936 2654 1014 2677 cum
1035 2643 1186 2678 Achaeis
1212 2647 1266 2677 est
1286 2643 1331 2676 ad
1355 2642 1454 2676 Ilium
1476 2643 1674 2689 profectus.

195 2693 362 2721 reversus
386 2695 500 2724 autem
523 2702 544 2725 a
567 2691 682 2725 Troia
703 2691 741 2724 in
762 2701 908 2735 regnum
931 2700 1030 2723 suum
1054 2701 1123 2724 non
1149 2694 1204 2724 est
1225 2693 1388 2735 receptus
1412 2700 1434 2722 a
1456 2689 1544 2724 suis.
1575 2701 1671 2724 cum-

196 2740 266 2775 que
291 2734 441 2770 sentiret
466 2736 582 2771 dolum
605 2737 676 2771 sibi
698 2738 740 2772 ab
766 2747 877 2771 uxore
899 2735 1068 2780 Aegialea
1090 2736 1186 2770 necti
1209 2735 1270 2779 (ea
1294 2734 1386 2769 enim
1408 2740 1570 2781 stuprata
1594 2740 1673 2771 erat

195 2786 216 2809 a
242 2776 400 2823 Comete,
425 2793 488 2815 suo
513 2783 738 2826 consiliario3
762 2787 868 2828 atque
890 2781 922 2815 is
946 2782 1074 2816 Comes
1098 2793 1238 2826 unaque
1262 2781 1419 2816 eiusdem
1441 2782 1572 2827 flagitii
1596 2795 1670 2817 ma-

193 2821 344 2859 nifestus
368 2826 459 2861 Aiax
481 2827 626 2874 Nauplii
650 2830 744 2864 filius
770 2833 916 2875 propter
938 2827 1132 2872 Aegialeae
1154 2839 1307 2863 amorem
1329 2839 1464 2864 summa
1487 2841 1556 2874 ope
1581 2829 1669 2863 Dio-

193 2869 286 2903 medi
307 2874 576 2918 repugnabant)
603 2880 640 2910 et
663 2887 740 2910 cum
764 2876 828 2909 hos
855 2885 942 2920 quos
966 2874 1060 2919 dixi,
1096 2885 1284 2919 omnesque
1309 2874 1461 2919 Argivos
1485 2875 1555 2910 sibi
1576 2874 1669 2909 resi-

193 2919 289 2951 stere
310 2924 493 2964 cerneret,
522 2931 640 2968 neque
661 2922 700 2957 in
723 2921 897 2958 Aetoliam
926 2931 1033 2967 porro
1056 2920 1129 2957 sibi
1151 2920 1270 2957 redire
1291 2927 1388 2957 esset
1409 2922 1608 2968 integrum,
1631 2921 1671 2956 in
