1742 3184
208 207 276 257 90
695 203 936 250 GEORGII
965 203 1213 248 CEDRENI

211 323 329 383 φίλῃ,
356 323 422 366 καὶ
444 321 626 380 παρέστη
650 322 763 380 αὐτῷ’
785 322 932 372 ἐκεῖνος
955 318 1114 378 ἡμέρας
1131 317 1438 378 τεσσαράκοντα
1455 321 1523 363 καὶ
1545 317 1692 373 νύκτας

210 393 538 451 τεσσαράκοντα·
576 391 699 450 ἄρτον
720 392 794 436 οὐκ
811 391 936 450 ἔφαγε
955 394 1022 434 καὶ
1042 390 1154 449 ὕδωρ
1176 390 1249 434 οὐκ
1271 389 1369 433 ἔπιε.
1421 393 1489 434 καὶ
1512 390 1691 449 ἔγραψεν

213 466 278 507 ἐπὶ
299 468 379 507 τῶν
402 467 568 506 πλακῶν
589 463 641 507 τὰ
661 461 826 521 ῥήματα
844 466 918 517 τῆς
937 459 1163 517 διαθήκης,
1198 459 1294 511 τοὺς
1315 461 1413 504 δέκα
1434 459 1592 518 λόγους.
1624 463 1693 504 καὶ

214 533 352 588 λαβὼν
385 534 460 584 τὰς
489 531 648 584 πλάκας
677 534 746 575 καὶ
778 531 962 586 καταβὰς
997 530 1076 574 ἀπὸ
1109 534 1184 574 τοῦ
1224 529 1347 588 ὄρους
1384 531 1692 587 δεδοξασμένος,

214 601 315 646 εἶδεν
339 603 497 660 Ἀαρὼν
519 605 586 645 καὶ
617 601 763 654 πάντες
788 602 825 644 οἳ
848 602 930 644 υἱοὶ
947 601 1121 657 ’Ῑσραὴλ
1145 601 1190 643 τὸ
1216 599 1436 658 πρόσωπον
1458 602 1725 652 Μωῦσέως,5

208 675 278 716 καὶ
307 667 357 729 ἦν
388 672 694 727 δεδοξασμένον,
730 674 796 715 καὶ
825 670 1019 730 ἐφοβήθη
1054 671 1167 731 αὐτῷ
1201 672 1486 729 προσεγγίσαι·
1533 673 1602 714 καὶ
1624 671 1694 713 διὰ

209 747 330 786 τοῦτο
354 742 551 798 κάλυμμα
571 743 770 793 ἐπετίθει,
805 739 923 797 ἡνίκα
954 741 1058 800 πρὸς
1088 741 1238 792 αὐτοὺς
1264 738 1419 795 ὡμίλει.
1486 741 1591 796 μετὰ
1614 740 1692 798 γὰρ

209 810 366 871 ἡμέρας
386 810 690 870 τεσσαράκοντα
712 810 938 864 κατελθών,
975 813 1041 855 καὶ
1064 811 1134 854 διὰ
1156 811 1231 867 τὴν
1251 811 1522 866 μοσχοποιίαν
1544 815 1694 866 θυμω-

154 888 187 923 D
212 884 324 935 θείς,
365 883 520 933 εὐθέως
540 883 615 933 τὰς
635 880 795 933 πλάκας
816 882 1034 938 συνέτριψε
1056 883 1124 924 καὶ
1150 881 1297 924 αὐτίκα
1323 881 1568 938 προσέταξεν
1587 879 1694 936 ἡβη-

156 944 161 953 ’
208 952 282 995 δὸν
300 951 455 1003 πάντας
471 952 567 1003 τοὺς
582 950 894 1010 παρατυχόντας
914 952 1196 1009 ἀναιρεθῆναι.
1240 953 1308 994 καὶ
1327 951 1398 994 τὸν
1419 950 1579 1006 μόσχον
1597 953 1692 1002 ἐξα·
1705 958 1742 994 10

210 1024 386 1080 φανίσας
395 1055 409 1074 ,
445 1023 511 1065 καὶ
532 1024 778 1080 τρισχιλίους
805 1023 1040 1077 αἰσχίστους
1061 1021 1215 1079 ἄνδρας
1236 1020 1537 1080 ἕξολοθρεύσας
1557 1022 1599 1063 ἐν
1616 1024 1695 1081 μιᾷ

209 1090 366 1151 ἡμέρα,
429 1096 479 1149 τῇ
511 1090 678 1150 ἐπιούσῃ
711 1096 867 1135 θᾶττον
900 1093 1079 1148 ἀνῆλθεν
1109 1094 1164 1143 εἷς
1196 1092 1242 1135 τὸ
1277 1090 1374 1149 ὄρος
1407 1092 1510 1148 πρὸς
1539 1089 1694 1148 κύριον,

211 1160 466 1217 δυσωπήσων
487 1161 623 1204 αὐτόν.
692 1163 759 1204 καὶ
782 1161 959 1205 ἄκουσον
979 1162 1022 1205 τί
1039 1179 1163 1220 φησιν
1182 1159 1208 1217 ἦ
1229 1159 1385 1220 γραφή.
1455 1163 1522 1203 καὶ
1542 1162 1694 1217 ἐγένετο

210 1231 314 1286 μετὰ
334 1231 406 1287 τὴν
427 1230 583 1289 αὔριον,
619 1229 700 1275 εἷπε
722 1234 914 1288 Μωϋσῆς
935 1232 1038 1289 πρὸς
1057 1232 1128 1275 τὸν
1150 1229 1250 1274 λαόν
1267 1229 1413 1285 ι(ὑμεῖς
1430 1229 1693 1288 ἡμαρτήκατε

213 1299 419 1359 ἁμαρτίαν
439 1299 639 1357 μεγάλην·
685 1304 752 1344 καὶ
771 1307 843 1345 νῦν
863 1302 1123 1357 ἀναβήσομαι
1151 1302 1254 1359 πρὸς
1280 1301 1350 1344 τὸν
1371 1300 1485 1353 θεόν,
1515 1302 1587 1343 ’ίνα
1610 1301 1692 1352 gge-
1705 1308 1742 1344 15

213 1369 403 1426 λάσωμαι
422 1373 512 1428 περὶ
533 1375 606 1426 τῆς
625 1369 829 1428 ἁμαρτίας
849 1369 1009 1427 &petor-²²
1055 1373 1122 1414 καὶ
1140 1372 1362 1429 ἐπέστρεψε
1379 1374 1573 1426 Μωῦσῆς
1591 1370 1695 1429 πρὸς

212 1440 366 1498 κύριον,
403 1443 471 1484 καὶ
491 1439 572 1484 εἷπε
592 1439 788 1497 ι(δέομαι,
835 1440 1069 1498 ἡμάρτηκεν
1091 1440 1112 1484 ὃ
1136 1443 1237 1492 λαὸς
1261 1435 1380 1491 οὗτος
1398 1439 1602 1499 ἁμαρτίαν
1618 1458 1696 1495 με-

94 1522 123 1556 Ρ
146 1520 190 1559 51
215 1509 344 1567 γάλην
366 1512 434 1554 καὶ
452 1511 645 1566 ἐποίησαν
662 1509 821 1562 ἑαυτοῖς
844 1511 982 1562 θεούς.
1052 1513 1120 1554 καὶ
1141 1516 1238 1563 νῦν,
1277 1513 1312 1554 εἶ
1329 1511 1403 1565 μὲν
1424 1511 1536 1568 ἀφῇς
1558 1511 1697 1561 αὐτοῖς

210 1581 283 1637 τὴν
307 1579 513 1639 ἁμαρτίαν
534 1581 683 1633 αὐτῶν,
719 1579 834 1639 ἄφες,
867 1583 902 1623 εἷ
922 1582 965 1623 δὲ
981 1580 1056 1636 μή,
1083 1578 1299 1636 ἓξάλειψόν
1321 1598 1373 1635 με
1394 1581 1437 1623 ἐκ
1455 1585 1528 1637 τῆς
1543 1582 1694 1634 βίβλου

214 1645 237 1666 ῖ
287 1649 310 1664 ν
488 1650 515 1666 22
643 1652 654 1667 x
702 1648 722 1668 ’δ’
833 1648 844 1665 Ι
1031 1650 1041 1666 ἱ
1195 1657 1213 1666 ..
1249 1654 1268 1664 ιν
1318 1648 1344 1664 ‘c
1371 1650 1392 1666 >t
1518 1649 1539 1665 cr

210 1669 260 1706 ης
285 1662 485 1707 εγραψας.
586 1667 655 1692 και
682 1668 764 1693 ειπε
795 1668 935 1708 κυριος
964 1668 1070 1708 προς
1098 1653 1291 1706 Μωυσην
1351 1668 1384 1693 ει
1417 1668 1480 1701 τις
1511 1659 1742 1708 ημαρτενΞῦ

211 1718 383 1763 ἐνώπιόν
403 1736 500 1774 μου,
535 1720 736 1775 ἐξαλείψω
757 1720 882 1763 αὐτὸν
902 1721 946 1763 ἔκ
965 1725 1038 1775 τῆς
1060 1723 1207 1774 βίβλου
1227 1737 1322 1775 μου.
1369 1721 1456 1763 νυνὶ
1474 1721 1518 1763 δὲ
1535 1718 1694 1774 βάδιζε,

1269 1789 1290 1805 Ἄ

210 1791 279 1831 καὶ
310 1787 512 1846 ὃδήγησον
543 1789 614 1833 τὸν
641 1789 742 1832 λαὸν
766 1795 910 1833 τοῦτον
940 1792 996 1841 εἷς
1024 1789 1095 1834 τὸν
1123 1789 1247 1833 τόπον
1268 1808 1314 1833 ον
1337 1788 1483 1846 εἴρηκά
1501 1807 1590 1842 σοι,
1626 1791 1695 1834 καὶ

209 1858 301 1902 ῗδοῦ
345 1857 367 1902 ὃ
399 1856 567 1916 ἄγγελός
595 1877 678 1916 μου
713 1857 1036 1918 προπορεύσεται
1065 1859 1302 1919 ἔμπροσθέν
1335 1873 1438 1904 σου·
1493 1854 1522 1919 ᾗ
1560 1859 1605 1903 δ’
1642 1857 1695 1902 ἂν

211 2037 305 2070 nube
322 2035 504 2081 dominus,
536 2037 641 2082 eique
661 2037 783 2073 Moses
807 2037 947 2072 adstitit
969 2049 1035 2084 per
1055 2037 1132 2072 dies
1155 2037 1201 2072 40
1224 2040 1419 2082 noctesque
1440 2034 1613 2080 totidem,
1642 2035 1695 2072 ita

214 2088 252 2118 ut
276 2095 390 2128 neque
414 2095 506 2128 pane
529 2090 735 2119 vesceretur
758 2096 873 2130 neque
898 2096 1021 2130 aquam
1048 2085 1200 2119 biberet.
1250 2090 1286 2118 et
1317 2082 1463 2130 scripsit
1494 2083 1532 2117 in
1564 2082 1694 2117 tabulis

215 2130 322 2164 verba
346 2131 561 2176 testamenti,
586 2132 707 2165 decem
729 2131 798 2166 ista
821 2131 947 2166 verba.
995 2143 1141 2177 cumque
1165 2130 1354 2176 splendore
1376 2133 1520 2165 ornatus
1546 2129 1696 2174 sumptis

212 2175 342 2210 tabulis
364 2176 409 2210 de
430 2183 547 2212 monte
570 2178 822 2223 descenderet,
854 2178 948 2213 vidit
968 2178 1086 2212 Aaron
1110 2178 1367 2224 universusque
1389 2176 1539 2224 populus
1566 2176 1696 2211 faciem

214 2222 326 2257 Mosis
358 2229 615 2269 coruscantem,
647 2229 916 2271 metueruntque
947 2225 993 2260 ad
1024 2237 1100 2260 eum
1132 2226 1317 2259 accedere.
1365 2224 1488 2269 itaque
1520 2223 1698 2258 velamine

215 2269 342 2313 capitis
370 2281 452 2304 usus
484 2276 562 2317 est,
598 2272 737 2317 quoties
771 2283 849 2307 cum
881 2271 970 2318 ipsis
1005 2278 1141 2317 ageret.
1188 2272 1318 2306 etenim
1340 2275 1424 2317 post
1447 2271 1493 2305 40
1515 2270 1592 2304 dies
1617 2281 1695 2304 cum

214 2316 470 2361 descendisset,
492 2318 547 2352 ira
567 2320 611 2353 ob
631 2318 778 2354 vitulum
797 2319 952 2354 effictum
973 2319 1130 2364 percitus
1147 2318 1240 2353 illico
1260 2319 1397 2354 tabulas
1420 2316 1635 2360 comminuit,
1659 2320 1696 2351 et

211 2362 415 2408 quicunque
437 2363 574 2409 flagitio
599 2370 702 2400 erant
719 2365 885 2410 obnoxii,
916 2365 1160 2400 internecione
1182 2365 1294 2400 deleri
1317 2365 1436 2400 iussit.
1483 2369 1556 2398 tum
1583 2362 1702 2398 vitulo'

215 2421 235 2443 e
260 2410 373 2444 medio
397 2411 546 2457 sublato,
571 2424 710 2458 unoque
734 2413 793 2446 die
814 2412 929 2447 tribus
952 2412 1107 2447 virorum
1129 2412 1359 2458 pessimorum
1382 2411 1520 2446 milibus
1544 2410 1695 2445 interfe-

214 2455 292 2499 ctis,
323 2457 493 2501 postridie
517 2459 681 2494 celeriter
705 2461 750 2494 ad
774 2459 949 2494 dominum
973 2459 1011 2493 in
1034 2465 1184 2494 montem
1209 2471 1248 2494 se
1272 2458 1431 2501 contulit,
1457 2456 1558 2503 quasi
1580 2458 1695 2502 pudo-

212 2513 287 2536 rem
311 2503 357 2546 ei,
383 2503 452 2538 nisi
476 2505 682 2551 deprecanti
700 2510 885 2551 annueret,
908 2505 1126 2541 incussurus.
1173 2514 1279 2552 atque
1303 2505 1387 2540 audi
1410 2504 1495 2550 quid
1518 2504 1697 2548 scriptura

213 2548 310 2583 (licat
318 2549 451 2592 (Exod.
462 2551 524 2595 32)
539 2549 739 2598 “postridie
747 2554 869 2588 Moses
879 2553 930 2587 ita
942 2553 1105 2599 populum
1118 2559 1174 2588 est
1184 2553 1368 2588 allocutus.
1388 2551 1514 2596 ingens
1523 2550 1696 2596 flagitium

214 2595 448 2648 commisistis.
495 2610 587 2633 nunc
610 2600 731 2646 itaque
754 2600 965 2635 adscendam
988 2601 1034 2634 ad
1057 2601 1171 2644 deum,
1196 2604 1236 2635 ut
1257 2610 1335 2643 voe,
1360 2597 1422 2644 qui
1445 2602 1592 2643 peccato
1617 2607 1695 2631 eum

214 2641 400 2694 lrritastis,
439 2642 476 2676 in
506 2646 655 2690 gratiam
684 2647 760 2682 eius
791 2646 988 2681 restituam.
1035 2658 1273 2692 reversusque
1304 2646 1348 2680 ad
1376 2643 1551 2678 dominum
1575 2643 1697 2678 Moses

213 2688 321 2722 d1x1t:
346 2688 529 2734 deprecor.
576 2694 727 2740 populus
759 2693 830 2728 iste
862 2693 1005 2739 grandis
1036 2706 1075 2729 se
1107 2692 1277 2728 facinoris
1309 2690 1482 2736 obligavit
1513 2691 1599 2724 deos
1623 2689 1696 2724 sibi

214 2734 391 2788 fingendo.
439 2747 531 2771 nunc
554 2751 660 2784 ergo,
694 2740 869 2786 siquidem
897 2740 949 2775 eis
972 2740 1039 2775 hoc
1059 2752 1159 2776 suum
1182 2739 1297 2775 scelus
1323 2736 1498 2782 ignoscis,
1527 2737 1695 2782 ignosce:

214 2791 273 2834 sin
295 2792 399 2825 vero,
423 2793 477 2816 me
500 2795 542 2818 ex
565 2784 656 2820 libro
682 2799 784 2833 quem
806 2786 984 2834 scripsisti
1007 2787 1137 2822 deleto.
1185 2785 1371 2831 respondit
1393 2788 1511 2819 antem
1534 2784 1640 2818 deus:
1664 2782 1696 2817 si

213 2838 293 2872 quls
318 2827 500 2863 adversum
523 2841 578 2865 me
601 2833 803 2879 deliquerit,
829 2846 906 2869 eum
930 2835 976 2869 de
998 2834 1088 2868 libro
1112 2845 1190 2868 meo
1214 2832 1354 2867 delebo.
1403 2843 1495 2865 nunc
1519 2836 1635 2865 autem
1655 2833 1696 2864 tu

216 2873 317 2916 vade,
342 2875 576 2920 P⁰P¹ll¹1mque
601 2880 667 2914 duc
692 2881 736 2915 ad
761 2881 873 2915 locum
898 2893 999 2927 quem
1025 2880 1093 2915 tibi
1114 2878 1285 2915 indicavi.
1332 2883 1439 2923 atque
1463 2889 1557 2921 ecce,
1586 2888 1695 2921 ange-

214 2919 268 2954 lus
290 2931 387 2956 meus
409 2922 600 2968 praecedet
621 2929 671 2961 te.
720 2938 791 2974 qua
811 2932 927 2963 autem
945 2927 1005 2964 die
1027 2933 1088 2963 eos
1112 2926 1281 2972 visitabo,
1305 2936 1347 2961 ea
1370 2936 1519 2972 poenam
1541 2935 1605 2971 [³¹⁸⁰
1631 2923 1700 2958 ¹¹⁰⁰
