1742 3184
203 187 304 233 358
684 182 926 230 GEORGII
955 181 1200 229 GEDRENI

202 305 456 356 Βραχμᾶνας
484 301 526 343 ἓν
551 306 641 351 ταῖς
659 297 777 350 ὕλαις
796 295 968 354 διάγειν,
1004 295 1175 356 φύλλοις
1194 295 1241 340 τὸ
1261 300 1383 352 σῶμα
1400 292 1676 346 καλύπτοντας

205 374 272 414 καὶ
299 369 398 427 ὑπὲρ
429 369 650 427 ἄνθρωπον
676 369 912 418 ἀσκοῦντας.
981 369 1050 409 καὶ
1072 365 1312 424 Ἀνάχαρσιν
1343 366 1388 409 δὲ
1412 365 1482 408 τὸν
1506 363 1676 419 Σκύθην

205 438 434 498 φιλόσοφον
463 442 704 495 γεγενῆσθαι
735 437 919 493 λέγουσι,
953 438 1020 478 καὶ
1048 434 1177 486 οὕτως
1205 435 1328 478 αὐτὸν
1357 433 1379 478 ὅ
1404 438 1478 489 τῆς
1504 437 1675 492 φιλοσο-

206 511 304 566 φίας
338 508 439 566 ἔρως
468 506 673 564 ε’πύρωσεν
705 504 761 557 ὥς
791 504 1118 560 ὀνομαστότατον
1145 504 1213 547 διὰ
1237 504 1392 558 πολλὴν
1416 502 1586 558 ἄσκησιν
1608 504 1677 545 καὶ

206 576 475 636 σωφροσύνην
493 577 698 632 γενέσθαι.
766 575 814 618 οὗ
832 575 910 633 γὰρ
929 572 1053 629 μόνον
1069 578 1279 631 γρηγορῶν
1297 573 1401 630 πρὸς
1418 572 1470 616 τὰ
1494 577 1566 627 τῆς
1588 584 1674 626 ψυ-
1687 578 1709 614 5

201 652 282 703 χῆς
304 648 515 703 ἠγωνίζετο
542 643 661 700 πάθη
689 649 852 687 σιωπῶν
883 645 950 687 καὶ
978 642 1213 699 ἡσυχάζων,
1244 643 1348 685 ἀλλὰ
1372 643 1440 684 καὶ
1462 639 1679 684 καθεύδων

204 716 256 759 τὰ
289 720 362 770 τῆς
392 712 660 772 σωφροσύνης
681 716 757 756 ’καὶ
790 714 1020 771 ἐγκρατείας
1041 712 1189 768 ἐδήλου
1215 718 1373 767 σημεῖα.
1444 709 1581 753 εῗώθει
1599 710 1678 768 γὰρ

204 789 255 842 τῇ
278 786 351 839 μὲν
371 788 465 844 λαιᾷ
482 786 589 842 χειρὶ
611 783 663 827 τὰ
686 785 822 826 αῗδοῖα
841 783 1053 840 κατέχειν,
1078 786 1129 839 τῇ
1161 783 1273 843 δεξιᾷ
1293 782 1337 823 δὲ
1357 780 1409 823 τὰ
1425 781 1538 836 χείλη
1561 779 1679 822 συνέ-

201 871 307 909 χειν,
340 852 603 911 ὕπεμφαίνων
629 851 683 902 ὡς
711 857 847 911 πολλῷ
879 850 1014 906 μεῖζόν
1043 853 1150 895 ἔστιν
1177 850 1203 906 ἡ
1237 851 1388 907 ἀγωνία
1409 854 1482 905 τῆς
1500 848 1680 905 γλώττης

205 925 273 965 καὶ
303 924 485 973 πλείονος
511 923 743 979 ἐπικουρίας
765 924 820 972 εἷς
842 920 1068 979 ἀσφάλειαν
1093 923 1234 963 δεῖται.
1303 921 1371 962 καὶ
1394 918 1464 961 τὸν
1487 919 1679 976 Χείρωνα
1692 924 1736 960 10

109 1047 118 1056 x
153 1000 182 1034 B
208 993 250 1034 δὲ
285 992 519 1049 Κένταυρον
555 991 782 1048 ἱστοροῦσιν
805 991 995 1047 Ἓλληνες
1025 987 1281 1045 δικαιοσύνης
1301 991 1368 1031 καὶ
1392 986 1550 1044 ἁγνείας
1572 987 1682 1043 γενέ-

207 1066 310 1104 σθαι
340 1059 607 1113 διδάσκαλον,
640 1059 695 1112 ὡς
728 1062 797 1103 καὶ
823 1059 1006 1117 ’Όμηρος
1036 1065 1242 1117 μαρτυρεῖ
1260 1062 1403 1102 τοῦτον
1426 1055 1682 1100 δικαιότατον

205 1131 425 1188 πεφηνέναι
448 1129 706 1187 Κενταύρων,
733 1130 802 1172 διὰ
820 1130 974 1185 πολλὴν
994 1127 1200 1184 δήπουθεν
1219 1128 1434 1186 καρτερίαν
1450 1128 1518 1169 καὶ
1536 1124 1683 1184 ἐγκρά-

206 1218 315 1242 τειαν
337 1202 405 1242 καὶ
426 1199 617 1255 σώματος
637 1200 914 1255 δυυλαγωγίαν
934 1201 1001 1241 καὶ
1025 1198 1256 1256 σύμμετρον
1275 1197 1513 1252 ἐπιμέλειαν.
1583 1196 1683 1239 ὅθεν

206 1269 258 1323 δὴ
290 1267 471 1312 Πλάτων
500 1271 677 1326 ἐναργῶς
708 1264 833 1319 αὖθις
860 1268 1109 1311 ἐκδιδάσκων
1141 1269 1264 1326 φησίν
1296 1264 1605 1320 ι(ἐπιμελεῖσθαι
1637 1266 1680 1308 δὲ
1694 1268 1737 1305 15

207 1336 398 1391 σώματος
420 1343 560 1394 ψυχῆς
579 1339 693 1381 ἕνεκα
710 1337 910 1395 ἁρμονίας
918 1338 966 1390 ,²²
1005 1338 1063 1380 δι’
1089 1331 1138 1380 οὗ
1156 1340 1275 1391 βιοῦν
1293 1353 1336 1379 τε
1353 1334 1435 1379 ἔστι
1453 1337 1520 1377 καὶ
1542 1335 1682 1391 ὀρθῶς

206 1411 347 1462 βιοῦν,
383 1409 452 1450 καὶ
475 1409 756 1463 καταγγέλλειν
777 1411 850 1462 τῆς
872 1408 1069 1463 ἀληθείας
1085 1406 1130 1449 τὸ
1152 1404 1352 1464 κήρυγμα.
1416 1396 1541 1447 ’τοῦτο
1567 1406 1634 1446 καὶ
1659 1402 1681 1447 ὃ

206 1479 323 1527 θεῖος
352 1475 430 1534 ἔφη
460 1479 654 1530 Παῦλος,
681 1475 932 1530 αὑπωπιάζω
965 1494 1046 1532 μου
1078 1475 1124 1519 τὸ
1156 1480 1275 1530 σῶμα
1298 1476 1365 1517 καὶ
1387 1473 1681 1530 δουλαγωγῶ,”

206 1546 389 1589 τουτέστι
406 1547 509 1604 πρὸς
526 1546 696 1601 ἄσκησιν
712 1549 779 1589 καὶ
801 1544 996 1590 σύστασιν
1013 1546 1112 1588 αὐτὸ
1132 1545 1224 1600 μετ’
1248 1541 1470 1598 ἐπιστήμης
1487 1545 1554 1585 καὶ
1575 1560 1684 1602 φρο-

208 1613 363 1669 νήσεως
393 1614 609 1670 γυμνάζω,
645 1617 712 1657 καὶ
741 1615 844 1673 πρὸς
872 1616 949 1671 τὴν
978 1619 1059 1658 τῶν
1089 1611 1325 1671 κρειττόνων
1355 1614 1589 1669 συνεργίαν,
1634 1612 1740 1655 οὗ20

158 1693 188 1728 C
212 1684 316 1740 πρὸς
345 1683 552 1740 ἀσέλγειαν
582 1683 891 1741 προνοούμενος.
961 1681 1255 1741 συμπεφώνηκε
1285 1684 1419 1725 τοίνυν
1441 1683 1509 1724 καὶ
1526 1680 1686 1734 τούτοις

209 1749 231 1793 ὅ
266 1752 447 1796 Πλάτων
478 1747 521 1796 εὖ
553 1752 666 1807 μάλα
699 1761 783 1804 τοῖς
814 1751 1048 1812 ἡμετέροις,
1082 1752 1155 1808 τὴν
1178 1752 1400 1808 ἀναγκαίαν
1421 1753 1488 1794 καὶ
1513 1752 1685 1795 δέουσαν

210 1822 437 1877 ἐπιμέλειαν
454 1826 663 1866 ποιεῖσθαι
680 1821 962 1882 παρεγγυήσας
980 1827 1054 1866 τοῦ
1075 1820 1278 1878 σώματος.
1344 1819 1527 1872 ὗπέδειξέ
1542 1838 1585 1865 τε
1604 1820 1687 1865 πά-

209 1997 361 2052 degere,
388 2010 540 2045 corpora
556 1999 652 2035 foliis
674 2004 808 2045 tectos,
837 2011 879 2035 ac
903 1999 1046 2035 virtutis
1069 1999 1194 2035 maiori
1215 2010 1318 2044 quam
1340 2009 1405 2044 pro
1427 1998 1578 2033 humana
1600 2010 1686 2033 con-

209 2044 350 2098 dicione
366 2047 489 2100 ‘studio
514 2048 667 2083 deditos.
712 2047 931 2082 Anacharsin
955 2059 1095 2093 quoque
1117 2047 1287 2092 Scytham
1309 2045 1554 2092 philosophum
1575 2045 1687 2080 fuisse
1729 2053 1735 2059 ·

210 2096 331 2144 aiunt,
363 2097 416 2127 ita
439 2104 556 2129 amore
579 2093 777 2139 sapientiae
804 2094 1054 2129 inflammatum
1078 2099 1118 2128 ut
1141 2095 1186 2128 ob
1209 2093 1382 2138 insignem
1409 2093 1484 2127 eius
1513 2091 1687 2126 exercita-

208 2142 340 2190 tionem
375 2143 481 2184 atque
509 2141 776 2186 temperantiam
804 2141 853 2176 sit
883 2140 1143 2175 celeberrimus.
1190 2152 1259 2174 non
1292 2140 1383 2174 enim
1408 2138 1562 2183 vigilans
1584 2139 1687 2172 modo

210 2184 318 2237 animi
342 2187 495 2221 motibus
522 2187 764 2222 obluctabatur
785 2193 906 2222 tacens
929 2193 1035 2232 atque
1059 2187 1264 2232 quiescens,
1298 2187 1360 2220 sed
1383 2185 1487 2220 etiam
1509 2185 1687 2219 dormiens

210 2241 312 2274 Signa
333 2233 591 2279 temperantiae
615 2239 721 2280 atque
745 2233 984 2268 continentiae
1008 2235 1150 2269 edebat.
1199 2233 1338 2268 solebat
1354 2232 1445 2266 enim
1462 2231 1566 2266 laeva
1584 2242 1687 2265 manu

210 2277 394 2330 pudenda,
435 2280 560 2315 dextra
591 2279 686 2315 labia
718 2285 861 2326 tenere,
902 2281 1051 2316 innuens
1084 2280 1191 2314 multo
1227 2279 1371 2325 gravius
1402 2290 1481 2313 esse
1515 2278 1686 2312 adversus

208 2321 363 2367 lmguam
395 2331 594 2371 certamen,
629 2339 672 2362 ac
707 2327 751 2361 ad
779 2327 1004 2363 securitatem
1031 2328 1075 2362 ab
1108 2339 1150 2361 ea
1178 2326 1424 2373 praestandam
1447 2323 1572 2358 maiori
1597 2334 1687 2369 opus

212 2380 291 2423 esse
321 2372 514 2416 praesidio.
563 2373 750 2408 chironem
784 2385 924 2420 quoque
952 2375 1164 2408 Centaurum
1194 2372 1326 2407 Graeci
1355 2376 1500 2406 narrant
1530 2370 1688 2404 iustitiae

211 2415 323 2450 fmsse
347 2422 453 2463 atque
476 2419 651 2455 castitatis
674 2420 895 2465 magistrum3
921 2421 959 2455 id
983 2421 1076 2465 quod
1099 2420 1273 2454 Homerus
1299 2418 1406 2454 etiam
1429 2422 1599 2461 testatur,
1625 2415 1688 2461 qui

213 2473 304 2516 eum·
315 2463 568 2501 Centaurorum
594 2467 645 2501 ait
667 2467 845 2502 exstitisse
868 2467 1115 2511 iustissimum,
1150 2466 1310 2500 nimirum
1335 2466 1380 2499 ob
1409 2463 1569 2498 eximiam
1594 2462 1687 2497 tole-

211 2515 363 2544 rantiam
396 2517 502 2557 atque
533 2513 782 2548 continentiam
812 2514 1042 2560 corporisque
1072 2514 1310 2548 subactionem
1331 2516 1369 2546 et
1393 2510 1596 2544 concinnam
1626 2520 1688 2543 cu-

213 2565 300 2588 ram.
348 2559 441 2593 unde
459 2570 581 2594 rursus
602 2560 705 2595 Plato
730 2559 914 2595 evidenter
934 2561 987 2595 sic
1011 2559 1198 2606 praecipit.
1247 2569 1365 2594 curam
1382 2557 1541 2603 corporis
1562 2567 1688 2601 gerere

214 2605 355 2644 oportet
386 2616 481 2650 eam,
517 2611 558 2641 ut
581 2617 658 2641 cum
682 2606 796 2641 anima
820 2611 941 2641 servet
963 2606 1199 2650 harmoniam,
1234 2610 1383 2652 propter
1406 2604 1499 2648 quod
1525 2608 1560 2637 et
1582 2601 1688 2646 vivit,

215 2652 252 2679 et
274 2653 372 2683 recte
400 2650 544 2696 vivens,
581 2658 616 2687 et
640 2653 802 2688 veritatis
826 2654 1050 2700 praeconium
1079 2653 1228 2687 faciens.
1277 2651 1329 2685 sic
1353 2655 1389 2684 et
1412 2651 1458 2684 B.
1481 2648 1611 2684 Paulus
1637 2648 1689 2682 ait

213 2703 312 2726 snum
336 2707 375 2729 se
400 2709 526 2742 corpus
555 2699 732 2735 afflictare
757 2704 794 2734 et
818 2699 1002 2745 subigere,
1040 2700 1107 2734 hoc
1135 2705 1207 2743 est,
1241 2697 1498 2732 exercitatione
1521 2708 1560 2730 se
1581 2695 1618 2729 id
1643 2695 1689 2728 ad

214 2742 342 2793 statum
363 2748 495 2778 rectum
517 2745 674 2781 scienter
699 2746 962 2793 prudenterque
992 2758 1138 2793 parare,
1173 2750 1214 2780 ut
1236 2744 1273 2778 id
1298 2744 1367 2778 sibi
1391 2743 1429 2777 in
1453 2744 1559 2777 rebus
1581 2752 1687 2786 prae-

213 2787 388 2821 stantibus
424 2790 622 2826 adiumento
653 2792 722 2837 sit,
757 2802 828 2827 non
861 2792 895 2828 ei
927 2793 1132 2838 prospicere
1156 2803 1246 2836 quae
1270 2790 1405 2825 faciant
1427 2789 1472 2824 ad
1488 2787 1688 2822 lasciviam.

213 2841 282 2884 qquo
307 2831 383 2867 loco
407 2845 482 2869 cnm
505 2839 636 2873 nostris
660 2839 843 2884 praeclare
866 2839 1033 2874 convenit
1053 2838 1213 2883 Platoni,
1238 2837 1299 2882 qui
1322 2847 1385 2871 nos
1409 2835 1507 2870 iubet
1525 2844 1690 2868 necessa-

213 2886 301 2912 riam
332 2890 374 2914 ac
407 2881 560 2918 debitam
594 2886 753 2933 corporis
781 2897 899 2921 curam
925 2897 1064 2932 gerere.
1112 2885 1205 2920 idem
1227 2883 1438 2919 monstravit
1454 2885 1566 2926 atque
1589 2884 1691 2925 pate-
