1742 3184
210 161 312 213 464
693 165 934 212 GEORGII
959 166 1206 212 CEDRENI

210 279 379 332 νέσθαι,
413 274 681 335 αἲτησᾶμενος
702 280 846 337 μηκέτι
875 279 996 339 ἄρξαι
1017 277 1282 339 πράγματος
1317 280 1529 344 ἆρχὴ,γᾶρ
1559 288 1688 340 πᾶσα,

210 349 310 408 ἔφη,
344 348 448 404 μετὰ
479 348 673 393 κινδύνων
702 353 770 393 καὶ
797 348 1098 407 κλιμακτήρων.
1167 349 1190 393 ὃ
1212 352 1256 395 δὲ
1290 354 1357 395 καὶ
1383 351 1555 409 ἡσυχίαν
1576 356 1691 415 αὐτῷ

209 419 425 476 ἐχαρίσατο
449 421 517 461 καὶ
541 420 698 476 δωρεὰς
714 419 869 470 πολλὰς
886 420 1098 477 παρέσχεν.
1132 419 1335 464 ἀπέκτεινε
1358 422 1404 464 δὲ
1422 422 1577 474 πάντας
1593 424 1691 476 τοὺς

207 488 517 539 ἀποκτείναντας
537 487 715 531 Τάκιτον
731 490 799 530 καὶ
812 488 1089 546 Αὐρηλιανόν,
1118 490 1160 531 ἓν
1176 494 1228 548 τῇ
1239 492 1453 551 Πειρίνθῳ
1471 493 1535 535 ἐπὶ
1553 490 1691 537 ἑστία-

207 574 272 601 σιν
292 557 416 601 αὐτὸν
439 558 627 608 καλέσας.
698 557 881 614 ἀνῃρέθη
904 558 948 601 δὲ
969 560 1038 601 καὶ
1057 557 1194 610 αὐτός.
1701 562 1724 599 5

157 635 190 671 D
353 626 496 684 Κάρος
527 628 594 668 καὶ
625 627 805 683 Καρῖνος
831 629 900 670 καὶ
928 628 1213 686 Νουμεριανὸς
1242 627 1509 683 ἐβασίλευσαν
1539 626 1606 686 ἴτη
1636 628 1694 685 β’.

213 690 332 747 οὗτος
358 695 380 738 ὅ
404 695 548 753 Κάρος
574 695 646 750 τὴν
664 697 853 753 Περσιδα
881 698 949 739 καὶ
969 699 1248 756 Κτησιφῶντα
1272 699 1513 755 παρέλαβεν,
1546 699 1694 758 τέταρ-

209 783 281 809 τον
311 768 429 807 τοῦτο
456 765 730 817 πεπονθυίας,
765 763 844 807 ὑπὸ
870 770 1102 824 Τραϊανοῦ,
1138 765 1217 809 ὑπὸ
1240 765 1383 825 Βήρου
1412 769 1481 810 καὶ
1502 766 1691 826 Σεβήρου

208 836 276 878 καὶ
297 831 456 890 Κάρου.
526 832 839 888 τελευτήσαντος
859 836 903 877 δὲ
924 834 1070 893 Κάρου
1089 834 1169 879 ὑπὸ
1189 840 1397 892 λοιμικῆς,
1432 838 1500 879 καὶ
1522 841 1692 893 Νουμε-

208 906 352 960 ριανοῦ
369 903 680 960 τυφλωθέντος,
717 903 872 946 ἀνεῖλεν
889 904 1014 948 αὐτὸν
1024 904 1175 963 Ἆπρος
1198 903 1219 948 ὅ
1243 906 1370 948 αὐτοῦ
1389 904 1600 963 πενθερός,
1623 909 1691 949 καὶ
1704 909 1742 944 10

206 972 440 1026 ἐβασίλευσε
480 972 763 1030 Νουμεριανός
808 973 907 1025 δούξ
945 972 1156 1030 τυγχάνων
1194 976 1381 1023 Μυσίας.
1461 975 1524 1015 ἐπὶ
1563 975 1691 1020 αὐτοῦ

204 1039 483 1098 ἐμαρτύρησεν
504 1039 525 1084 ὃ
551 1040 666 1098 ἅγιος
686 1041 886 1097 Βαβύλας
901 1043 942 1083 ἕν
958 1042 1194 1103 Ἀντιοχείᾳ.
1263 1046 1408 1086 τοῦτον
1435 1041 1566 1085 ἀνειλε
1584 1045 1691 1087 Διο-

204 1108 430 1166 κλητιανός.

346 1180 641 1235 Διοκλητιανὸς
681 1178 938 1233 ἐβασίλευσεν
975 1177 1043 1236 ἔτη
1082 1176 1163 1234 κβ’,
1210 1183 1270 1238 τῷ
1310 1178 1414 1235 γένει
1447 1178 1692 1237 Δαλμᾶτης.

206 1247 508 1306 περιγενόμενος
523 1247 568 1289 δὲ
585 1251 666 1290 τῶν
685 1246 934 1306 πραγμάτων
951 1246 1227 1306 προβάλλεται
1240 1248 1508 1304 Μαξιμιανὸν
1519 1247 1691 1308 (Ερκοῦ-
1702 1252 1742 1288 15

205 1321 305 1369 λιον,
336 1316 524 1373 γαμβρὸν
543 1318 610 1358 καὶ
634 1318 754 1374 φίλον
774 1317 902 1360 αὐτοῦ
920 1317 1039 1361 ὄντα·
1074 1316 1145 1376 ὑφ’
1170 1312 1226 1361 ὧν
1245 1318 1374 1374 μέγας
1392 1319 1570 1375 διωγμὸς
1586 1320 1692 1363 κατὰ

60 1395 91 1432 Ρ
113 1395 183 1432 265
206 1383 469 1443 Χριστιανῶν
490 1384 676 1440 ἐκινήθη.
746 1387 1001 1444 προσέταξαν
1023 1387 1101 1445 γὰρ
1131 1387 1235 1430 κατὰ
1256 1385 1374 1430 πόλιν
1393 1390 1462 1430 καὶ
1481 1388 1586 1431 κατὰ
1603 1389 1692 1444 χώ-

204 1473 280 1513 ραν
303 1455 378 1505 τὰς
406 1455 481 1510 μὲν
510 1457 701 1513 Χριστοῦ
730 1456 944 1511 ἐκκλησίας
978 1456 1339 1515 καταστρέφεσθαι
1370 1458 1439 1499 καὶ
1467 1457 1542 1508 τὰς
1573 1460 1693 1510 θείας

202 1525 338 1568 αὐτῶν
356 1524 522 1582 γραφὰς
541 1526 838 1568 κατακαίεσθαι
849 1558 863 1578 ,
897 1526 994 1577 τοὺς
1020 1527 1064 1569 δὲ
1084 1526 1363 1584 Χριστιανοὺς
1386 1524 1693 1584 εὑρισκομένους

203 1592 508 1650 ἀναγκάζεσθαι
529 1592 649 1636 θύειν
678 1601 763 1645 τοῖς
786 1596 965 1649 ὁαίμοσι.
1036 1594 1099 1637 διὸ
1122 1596 1189 1637 καὶ
1208 1597 1350 1637 πολλοὶ
1371 1595 1442 1637 τὸν
1461 1599 1534 1650 τῆς
1554 1594 1742 1652 ἀθλῇ-20

205 1680 307 1712 σεως
327 1661 576 1717 ἀνεδήσαντο
597 1663 812 1719 στέφανον,
847 1665 890 1714 ἐξ
920 1658 977 1706 ὧν
1007 1665 1081 1707 εἶσὶ
1111 1663 1273 1720 Πέτρος
1298 1663 1602 1722 Ἀλεξανδρείας
1622 1668 1691 1708 καὶ

197 1731 416 1785 ”Ανθιμος
442 1733 720 1786 Νικομηδείας
751 1734 819 1774 καὶ
841 1730 1079 1789 Προκόπιος
1109 1734 1177 1774 καὶ
1206 1734 1247 1773 Γ
1246 1730 1410 1789 εώργιος
1442 1733 1480 1775 οἳ
1511 1733 1691 1790 ἀοίδιμοι

203 1799 425 1859 μάρτυρες.
493 1801 562 1844 καὶ
582 1798 820 1855 Σαββάτιος
840 1799 862 1843 ὅ
883 1801 957 1857 τὴν
983 1803 1138 1860 αἵρεσιν
1161 1805 1242 1845 τῶν
1261 1804 1692 1862 τεσσαρεσκαιδεκατι-

205 1980 471 2029 praeficeretur,
497 1979 592 2026 quod
610 1978 727 2014 omnia
749 1977 899 2025 imperia
920 1978 1121 2026 periculosa
1144 1981 1182 2014 et
1205 1982 1325 2015 certae
1346 1980 1521 2026 perniciei
1540 1983 1695 2021 obnoxia

206 2032 302 2062 esset
325 2032 504 2072 expertus.
552 2026 746 2072 imperator
777 2031 813 2061 et
848 2026 956 2061 otium
988 2026 1022 2061 ei
1055 2026 1230 2060 concessit
1261 2030 1298 2061 et
1327 2027 1463 2072 magnis
1489 2031 1693 2066 muneribus

206 2073 366 2109 donavit.
392 2085 511 2108 omnes
536 2071 639 2108 etiam
660 2072 782 2107 Taciti
805 2076 910 2117 atque
928 2072 1110 2107 Aureliani
1134 2084 1361 2118 percussores
1384 2074 1539 2121 necavit,
1564 2076 1694 2112 Perin-

206 2120 261 2155 thi
282 2121 326 2155 ad
352 2119 552 2154 convivium
576 2119 776 2154 invitatum.
824 2117 902 2164 ipse
927 2130 1066 2164 quoque
1087 2118 1298 2154 interfectus
1322 2123 1390 2157 est.

299 2167 413 2201 Carus
436 2170 473 2201 et
496 2166 647 2200 Carinus
672 2171 710 2200 et
731 2164 967 2200 Numerianus
990 2165 1256 2211 imperaverunt
1278 2177 1389 2201 annos
1411 2166 1448 2201 2.
1474 2166 1587 2202 Carus
1602 2166 1694 2203 Per-

206 2212 318 2248 sidem
342 2218 377 2248 et
401 2212 667 2259 Ctesiphontem
694 2212 809 2258 cepit,
843 2217 1005 2256 quartum
1029 2217 1100 2247 tum
1123 2218 1279 2258 captam:
1304 2223 1384 2247 nam
1409 2224 1484 2247 eam
1507 2214 1628 2248 urbem
1656 2219 1695 2250 et

207 2259 388 2294 Traianus
413 2258 602 2305 occupavit
628 2263 664 2294 et
687 2258 802 2293 Verus
828 2262 863 2292 et
886 2259 1041 2293 Severus
1065 2264 1102 2293 et
1120 2259 1247 2293 Carus.
1295 2259 1390 2294 Caro
1414 2263 1517 2305 peste
1539 2260 1694 2307 sublato,

206 2306 461 2341 Numerianum
486 2305 596 2340 oculis
619 2309 757 2351 captum
778 2316 880 2339 socer
899 2304 993 2349 eius,
1023 2305 1122 2351 Aper
1142 2305 1299 2350 nomine,
1323 2305 1517 2340 interfecit.
1565 2311 1603 2342 et
1625 2307 1693 2342 im-

206 2353 351 2398 peravit
374 2352 611 2387 Numerianus
635 2352 705 2386 dux
728 2350 882 2395 Mysiae.
929 2353 995 2387 sub
1021 2363 1062 2386 eo
1084 2352 1121 2386 b.
1139 2351 1294 2398 Babylas
1317 2351 1536 2388 Antiocheae
1556 2358 1694 2399 martyr

208 2403 263 2434 est
283 2400 413 2434 factus.
461 2398 713 2433 Numerianum
734 2397 975 2433 Diocletianus
996 2398 1191 2433 interfecit.

296 2444 538 2480 Diocletianus
562 2444 754 2490 imperavit
777 2455 886 2478 annos
912 2445 977 2489 22,
1002 2444 1175 2479 Dalmata.
1221 2442 1253 2479 is
1277 2443 1426 2490 imperio
1450 2443 1586 2490 potitus
1609 2445 1693 2481 Ma-

204 2491 393 2527 ximianum
418 2491 651 2535 Herculeum,
683 2501 850 2536 generum
882 2501 981 2526 suum
1006 2497 1043 2526 et
1065 2491 1232 2535 amicum,
1269 2490 1457 2525 Caesarem
1482 2491 1690 2528 declaravit.

205 2536 263 2572 his
292 2538 547 2584 imperantibus
572 2537 697 2583 ingens
723 2535 1003 2573 Christianorum
1025 2537 1227 2583 persecutio
1250 2536 1332 2571 fuit.
1379 2548 1460 2571 nam
1481 2549 1548 2583 per
1570 2539 1693 2584 regio-

207 2595 270 2617 nes
295 2590 401 2630 atque
421 2586 528 2619 urbes
546 2584 724 2619 iusserunt
742 2582 877 2618 Christi
895 2588 964 2618 tem
992 2584 1027 2618 la
1046 2583 1194 2628 destrui,
1217 2594 1335 2617 sacras
1378 2593 1445 2617 uae
1463 2595 1573 2630 penes
1591 2584 1693 2631 ipsos

209 2635 330 2664 essent
359 2630 552 2677 scripturas
585 2630 764 2674 comburi,
800 2634 836 2664 et
868 2629 929 2675 qui
985 2629 1148 2665 hristiani
1181 2629 1359 2675 deprehen
1384 2637 1548 2676 crentur,
1585 2631 1692 2666 viad

210 2674 368 2710 divinum
393 2678 619 2712 daemonibus
642 2676 890 2723 praestandum
912 2677 1041 2712 cultum
1064 2676 1174 2721 adigi.
1224 2687 1265 2710 ea
1294 2675 1340 2709 de
1370 2687 1477 2711 causa
1505 2677 1606 2711 multi
1629 2690 1691 2712 co-

210 2732 332 2755 ronam
365 2723 457 2756 sacri
489 2723 688 2758 certaminis
722 2727 804 2758 sunt
834 2722 968 2769 adepti.
1015 2734 1163 2769 quorum
1196 2721 1241 2756 de
1274 2732 1416 2757 numero
1448 2728 1531 2758 sunt
1562 2724 1692 2759 Petrus

210 2765 445 2802 Alexandriae
466 2774 501 2803 et
517 2769 700 2804 Anthimus
718 2769 950 2804 Nicomediae
975 2769 1146 2815 episcopi,
1174 2772 1210 2802 et
1226 2767 1423 2815 Procopius
1446 2775 1553 2815 atque
1571 2770 1690 2804 Geor-

211 2811 290 2857 gius
315 2811 439 2856 inclyti
463 2821 648 2860 martyres.
693 2820 779 2850 tunc
811 2815 916 2851 etiam
947 2815 1102 2851 innotuit
1129 2813 1338 2859 Sabbatius,
1372 2814 1405 2849 is
1436 2816 1497 2861 qui
1527 2816 1691 2851 haeresin

212 2858 637 2904 quattuordecimanorum
682 2861 916 2901 confirmavit.
996 2862 1120 2900 eodem
1164 2864 1324 2908 tempore
1369 2872 1471 2899 sacra
1518 2862 1690 2910 quaedam
