1742 3184
218 171 318 220 560
698 174 937 220 GEORGII
967 172 1212 220 CEDRENI

220 288 444 348 αὐτουργὸς
477 287 580 347 αὕτη
611 291 798 348 γινομένη
834 292 902 334 καὶ
935 290 991 334 δι’
1026 288 1173 348 ἑαυτῆς
1201 289 1400 349 ὀρέγουσα
1429 286 1595 341 κύλικας
1622 291 1690 333 καὶ

216 360 376 418 τροφὰς
409 364 697 418 παρατιθεῖσα.
766 360 864 412 τοὺς
887 360 966 418 γὰρ
993 363 1167 413 ξενῶνας
1188 366 1270 404 τῶν
1293 363 1514 416 ἐκκλησιῶν
1532 370 1692 417 περινο-7

73 437 104 475 P
127 439 196 476 320
218 434 372 474 στοῢσα
392 430 489 481 τοὺς
509 433 748 480 κλινοπετεῖς
769 430 829 472 δι’
860 428 1007 485 ἑαυτῆς
1029 430 1300 487 ἐθεράπευσε·
1335 432 1403 474 καὶ
1428 429 1506 473 ὅσα
1527 432 1691 472 οἰκετῶν

217 501 286 543 καὶ
304 501 607 556 θεραπαινίδων
623 497 720 556 ἔργα
737 497 966 554 νενόμισται
978 532 991 553 ,
1020 500 1122 555 αὗτὴ
1145 499 1378 557 ἐξεπλήρου.
1424 501 1492 543 καὶ
1511 503 1570 557 τῷ
1590 496 1691 553 ὁμό-

217 570 304 625 ζυγι
327 570 370 611 δὲ
393 570 458 611 καὶ
477 572 644 622 βασιλεῖ
660 573 835 624 συνεχοῦς
854 570 1033 626 ἐπέλεγεν
1060 567 1158 612 “ciel
1179 586 1246 622 σε,
1282 564 1316 613 ὦ
1344 569 1462 626 ἄνερ,
1497 567 1724 625 προσήκει5

217 640 451 695 λογίζεσθαι
481 638 541 688 τίς
569 638 643 692 μὲν
670 632 806 693 ἦσθα,
842 641 903 689 τίς
931 640 976 682 δὲ
1003 640 1169 696 γέγονας
1195 643 1280 683 νῦν.
1350 637 1598 696 κὐβὲρνησον
1621 633 1692 679 οὖν

214 708 289 763 τὴν
312 708 523 762 βασιλείαν
548 705 700 763 ταύτην
721 706 897 762 ἐννόμως
905 740 918 760 ,
954 711 1022 752 καὶ
1050 708 1156 753 οὕτω
1182 707 1451 766 θεραπεύσεις
1469 708 1540 750 τὸν
1563 709 1693 750 δεδω-

216 776 364 820 κότα.”
436 775 588 832 ταύτην
607 776 682 832 τὴν
702 779 946 832 θαυμασίαν
968 780 1035 821 καὶ
1056 778 1182 829 ὄντως
1201 779 1430 830 ἀξιέπαινον
1446 778 1693 832 βασίλισσαν

215 846 363 900 συνέβη
386 845 464 902 πρὸ
485 851 559 889 τοῦ
581 846 730 903 ἀνδρὸς
753 847 994 902 ἅποβιῶναι.
1047 847 1150 903 μετά
1170 866 1260 891 τινα
1281 849 1326 891 δὲ
1343 845 1494 905 χρόνον
1513 844 1592 889 ὑπὸ
1611 850 1693 889 τῶν

217 919 396 970 συνεχῶν
419 916 606 969 πολέμων
626 915 865 971 βιαζόμενος
885 915 906 960 ὃ
927 918 1121 972 βασιλεὺς
1142 916 1340 976 εἰσφοράν
1360 934 1449 960 τινα
1469 916 1582 971 ’ξένην
1603 920 1692 965 ταῖς
1705 920 1742 956 10

215 983 379 1028 πόλεσιν
409 986 665 1028 ἐπιτέθεικεν.
733 984 760 1041 ἡ
792 987 836 1029 δὲ
862 986 1085 1042 Ἀντιόχου
1113 985 1230 1038 πόλις
1254 987 1301 1030 τὸ
1329 986 1467 1030 καινὸν
1486 985 1600 1034 τέλος
1620 984 1694 1026 οὐκ

216 1053 399 1111 ἤνεγκεν·
436 1053 543 1112 δρῶν
564 1055 643 1111 γὰρ
666 1053 687 1098 ὃ
713 1057 845 1110 δῆμος
864 1057 960 1108 τοὺς
984 1057 1347 1114 εἰσπραττομένους
1365 1053 1695 1110 τιμωρουμένους

165 1134 195 1171 Β
219 1123 349 1180 ἀρχὴν
371 1124 539 1175 ἀταξίας
556 1123 782 1178 ἐλάμβανε,
818 1128 886 1168 καὶ
903 1126 977 1181 τὴν
993 1130 1156 1181 χαλκῆν
1177 1124 1311 1168 εἰκόνα
1331 1126 1405 1178 τῆς
1423 1120 1694 1178 πανευφήμου

216 1195 456 1248 Πλακίλλης
485 1191 705 1249 κατήνεγκέ
720 1211 764 1236 τε
783 1196 850 1234 καὶ
868 1193 974 1235 πολὺ
994 1197 1066 1248 τῆς
1084 1192 1238 1243 πόλεως
1258 1191 1390 1250 ἔσυρε.
1458 1195 1587 1234 ταῦτα
1615 1208 1694 1233 πυ-

215 1260 394 1316 θόμενος
410 1260 430 1303 ὅ
449 1262 644 1316 βασιλεὺς
665 1263 734 1304 καὶ
755 1263 846 1304 λίαν
861 1261 1094 1317 χαλεπήνας
1110 1260 1162 1305 τά
1180 1279 1222 1305 τε
1242 1266 1315 1317 τῆς
1331 1260 1488 1312 πόλεως
1505 1260 1691 1318 ἀφείλετο
1706 1270 1742 1305 15

201 1330 419 1389 ’προνόμια
451 1333 516 1373 καὶ
547 1335 596 1388 τῇ
623 1329 896 1389 γειτνιαζούσῃ
919 1329 1033 1374 πόλει
1054 1331 1128 1387 τὴν
1147 1329 1364 1387 ἡγεμονίαν
1382 1331 1575 1373 δέδωκεν·
1604 1331 1694 1385 ἔζη-

215 1399 379 1444 λοτῦπει
397 1400 475 1458 γὰρ
494 1398 520 1455 ἦ
538 1401 772 1443 Λαοδίκεια
790 1400 864 1457 τὴν
882 1399 1142 1455 Ἀντιόχειαν
1163 1400 1336 1444 ἄνωθεν.
1382 1399 1485 1455 μετὰ
1506 1399 1551 1442 δὲ
1565 1404 1697 1443 ταῦτα

214 1473 283 1513 καὶ
315 1468 535 1527 ἐμπρήσειν
566 1470 717 1525 ἠπείλει
739 1471 806 1512 καὶ
834 1471 889 1521 εἲς
910 1469 1049 1526 κώμην
1075 1470 1121 1513 τὸ
1149 1469 1251 1513 ἄστυ
1273 1467 1588 1513 κατασκευάσαι.
1658 1469 1698 1511 οἲ

215 1540 263 1582 δέ
279 1557 322 1596 γε
344 1538 535 1597 ἄρχοντες
556 1540 627 1581 καί
643 1556 755 1590 τινας
773 1540 953 1592 ἀνεῖλον,
988 1540 1092 1597 παρ’
1116 1539 1215 1583 αὐτὸ
1239 1537 1510 1594 συλλαβόντες
1530 1538 1577 1581 τὸ
1600 1535 1697 1580 τόλ-

213 1627 333 1665 μημα
343 1641 357 1661 ,
395 1610 490 1666 πρὶν
509 1613 658 1664 γνῶναι
679 1609 750 1652 τὸν
768 1602 942 1664 ’βασιλέα
965 1609 1039 1665 τὴν
1059 1611 1303 1668 τραγῳδίαν.
1351 1613 1481 1652 ταῦτα
1500 1608 1546 1650 δὲ
1561 1604 1694 1650 πάντα
1707 1614 1742 1650 2(

214 1677 236 1721 ὅ
256 1678 452 1734 βασιλεὺς
472 1678 715 1735 προσέταττε
736 1679 832 1732 με’ν,
865 1679 937 1721 οὐκ
959 1680 1105 1735 ἐγίνετο
1128 1679 1196 1730 δέ,
1227 1682 1302 1721 τοῦ
1320 1676 1447 1732 νόμου
1470 1674 1696 1727 κωλύοντος

215 1747 261 1792 ὃν
289 1745 552 1804 Ἀμβρόσιος
575 1745 596 1789 ὅ
621 1747 748 1803 με’γας
768 1752 939 1802 τεθῆναι
957 1746 1193 1805 παρῄνεσεν.
1262 1747 1399 1802 ἐπειδὴ
1429 1747 1473 1789 δὲ
1501 1746 1695 1803 ἀφίκοντο

161 1829 192 1864 c
217 1818 256 1860 οἷ
289 1817 364 1868 τὰς
397 1816 565 1867 ἀπειλὰς
591 1817 741 1868 ἐκείνας
761 1819 1011 1872 κομίζοντες,
1042 1818 1083 1861 ἐν
1106 1817 1185 1860 δέει
1206 1816 1281 1873 μὲν
1301 1810 1407 1873 ἦσαν
1429 1815 1605 1867 ἅπαντες
1622 1815 1698 1866 τὰς

215 1996 304 2033 etati
325 1999 386 2031 aut
407 1996 571 2032 membris
594 1995 743 2031 mutilati
765 1996 928 2042 fuerant,
950 1995 1029 2043 ipsa
1053 1996 1145 2032 omni
1169 1996 1286 2032 studio
1306 1996 1472 2041 curabat,
1499 1994 1626 2030 calices
1647 1994 1700 2030 eis

216 2044 289 2080 suis
314 2042 472 2077 manibus
498 2043 685 2089 porrigens
710 2049 746 2078 et
766 2043 864 2078 cibos
887 2055 1083 2089 apponens.
1131 2044 1324 2090 hospitales
1347 2043 1452 2078 etiam
1474 2042 1701 2077 ecclesiarum

217 2092 338 2126 domos
362 2089 522 2124 invisens
546 2090 835 2125 decumbentibus
859 2090 1099 2135 ministrabat,
1135 2102 1248 2136 eaque
1282 2089 1404 2125 obibat
1433 2100 1579 2124 munera
1610 2099 1702 2134 quae

215 2147 399 2173 servorum
432 2142 494 2171 aut
525 2136 728 2172 ancillarum
761 2138 947 2172 habentur.
995 2137 1195 2172 inculcabat
1229 2137 1422 2172 identidem
1454 2136 1542 2170 haec
1574 2135 1701 2169 marito

218 2196 303 2218 suo:
339 2178 503 2228 “semper
525 2188 581 2228 te,
613 2183 660 2217 mi
683 2183 760 2228 vir,
790 2190 957 2229 reputare
988 2184 1155 2218 convenit
1176 2182 1256 2229 quis
1282 2183 1393 2218 fueris
1418 2186 1454 2217 et
1476 2182 1562 2228 quid
1586 2182 1701 2215 factus

217 2230 281 2271 sis.
330 2230 488 2274 guberna
512 2242 595 2275 ergo
618 2230 802 2276 imperium
823 2230 890 2264 hoc
909 2229 1087 2275 legitime:
1113 2230 1164 2265 sic
1182 2230 1371 2264 honorabis
1391 2240 1468 2264 eum
1487 2228 1548 2274 qui
1567 2223 1702 2264 dedit.”

213 2276 306 2311 hauc
329 2276 423 2310 omni
447 2276 677 2311 admiratione
702 2281 739 2311 et
760 2276 864 2311 laude
885 2276 1024 2321 dignam
1045 2276 1303 2322 imperatricem
1324 2275 1473 2321 contigit
1495 2278 1576 2309 ante
1595 2272 1702 2308 mari-

215 2328 288 2358 tum
313 2335 356 2357 ex
378 2322 472 2357 vivis
497 2323 681 2358 excedere.
730 2323 918 2369 aliquando
953 2328 1033 2369 post
1062 2323 1287 2358 Theodosius
1311 2321 1572 2357 continentibus
1597 2319 1703 2355 bellis

216 2375 360 2404 coactus
385 2374 440 2404 est
464 2381 591 2404 novum
615 2369 821 2404 civitatibus
846 2369 1013 2404 tributum
1032 2370 1220 2416 imperare.
1268 2369 1486 2403 Antiocheae
1506 2367 1605 2402 cives
1626 2378 1700 2401 cam

216 2417 436 2451 exactionem
471 2428 542 2450 non
575 2415 751 2458 tulerunt3
786 2427 934 2461 cumque
966 2416 1139 2462 supplicio
1163 2416 1391 2450 afficerentur
1413 2414 1475 2460 qui
1499 2413 1702 2460 dependere

215 2467 460 2507 recusassent,
503 2462 653 2498 tumultu
688 2461 842 2497 excitato
878 2473 1018 2497 aeream
1058 2462 1321 2498 laudatissimae
1352 2460 1515 2496 Placillae
1551 2465 1701 2495 statuam

152 2518 157 2522 ·
215 2509 420 2543 deiecerunt
445 2513 482 2544 et
504 2521 662 2554 magnam
686 2520 753 2554 per
776 2509 874 2543 urbis
898 2514 1033 2555 partem
1059 2513 1302 2555 raptaverunt.
1351 2507 1419 2542 hoc
1454 2506 1572 2542 audito
1608 2505 1702 2541 faci-

214 2567 302 2590 nore
325 2555 519 2601 imperator
542 2555 753 2601 gravissima
776 2554 911 2590 exarsit
935 2555 1201 2600 indignatione,
1238 2559 1276 2590 et
1298 2554 1529 2589 Antiocheam
1552 2552 1701 2599 privile-

215 2601 284 2646 giis
309 2601 382 2636 suis
407 2602 596 2648 spoliavit,
631 2602 936 2648 principatumque
964 2602 1164 2637 Laodiceae
1188 2601 1328 2636 vicinae
1350 2601 1556 2647 iampridem
1580 2610 1701 2634 aemu-

216 2647 272 2681 lae
296 2648 504 2693 assignavit.
552 2654 696 2695 praeter
720 2648 807 2683 haec
829 2648 1029 2683 incendium
1054 2659 1195 2694 quoque
1219 2647 1319 2691 urbi,
1352 2651 1389 2682 et
1411 2659 1451 2682 se
1475 2658 1550 2681 eam
1573 2645 1611 2680 in
1634 2657 1702 2691 pa-

216 2704 297 2737 gum
329 2700 539 2729 mutaturum
574 2695 724 2729 minatus
744 2699 822 2740 nest.
870 2695 1046 2741 praefecti
1077 2695 1182 2729 etiam
1215 2692 1382 2740 quosdam
1407 2693 1445 2728 in
1468 2694 1547 2739 ipso
1572 2692 1701 2739 depre-

218 2738 346 2774 hensos
368 2741 528 2775 facinore
551 2740 827 2787 interfecerant,
862 2740 1066 2788 priusquam
1100 2740 1283 2785 tragoedia
1312 2739 1518 2786 imperatori
1542 2749 1700 2784 expone-

216 2790 328 2820 retur.
388 2792 541 2821 ceterum
577 2787 664 2822 haec
698 2788 814 2823 omnia
843 2787 1037 2833 imperator
1069 2787 1248 2822 mandavit
1279 2785 1440 2832 quidem,
1480 2797 1550 2820 non
1582 2791 1701 2820 tamen

216 2830 389 2876 perfecit,
421 2831 500 2877 lege
522 2833 711 2879 impeditus
736 2845 837 2880 quam
862 2834 993 2869 monitu
1014 2833 1191 2869 Ambrosii
1213 2831 1356 2868 tulerat.
1405 2837 1445 2867 ut
1470 2831 1701 2867 Antiocheam

217 2883 391 2914 venerunt
421 2878 567 2916 istarum
597 2881 767 2917 minarum
797 2880 1082 2927 denuntiatores,
1116 2891 1203 2916 saue
1235 2890 1355 2916 earum
1386 2882 1481 2915 metu
1514 2877 1700 2914 universos
