1742 3184
574 161 1026 209 PRAEFATIO.
1471 179 1557 208 xm

69 283 207 329 ordine
239 296 288 326 ea
306 281 483 339 proponit
519 293 618 339 quae
638 277 819 323 ixi-sacris
838 277 960 321 literis
989 286 1028 322 et
1048 278 1346 337 Flaviilosephi
1365 279 1556 337 antiquita-

69 356 118 397 tis
136 352 310 394 ludaiete
328 349 585 408 descriptione
611 358 723 406 atque
748 349 840 391 alibi
864 348 1020 404 copiose
1048 348 1322 399 describuntur3
1365 359 1403 393 et
1428 351 1559 394 inserit

1 412 4 414 v
70 420 183 462 multa
199 420 329 462 nescio
349 433 459 477 quam
476 419 598 462 relatu
617 426 679 462 aut
698 418 842 460 creditu
861 417 997 474 dignm
1026 425 1065 460 et
1082 418 1318 475 interpolatis
1334 421 1558 462 narrationi—

70 490 140 531 bus
159 502 298 544 nepe,
327 503 447 546 saepe
472 489 667 537 mutilatis,
697 485 897 543 aliquando
917 485 1018 528 idem
1045 500 1120 530 nou
1147 488 1231 531 sine
1258 488 1389 530 taedio
1412 497 1450 530 et
1468 488 1559 530 odio

71 556 239 600 inimicat.
297 556 336 598 in
353 556 504 600 srunmis
521 557 645 599 mnndi
672 556 842 613 imperiis
861 562 901 597 et
918 569 1049 598 eorm
1067 557 1305 599 successione
1325 572 1373 599 ac
1391 558 1559 599 mutatio-

69 626 179 670 nibus
206 626 441 683 exponendis
461 626 607 668 ieizmus
635 623 749 682 plane
777 632 847 667 est.
905 638 972 667 res
988 625 1176 668 Romanas
1202 627 1255 668 ita
1276 628 1424 684 attingit
1445 634 1484 668 ut
1501 627 1557 668 vi-

70 695 205 737 deatur
222 709 351 737 earnm
369 694 486 737 fuisse
501 694 699 737 admodum
716 693 883 750 ignarus.
941 702 982 736 et
1010 695 1050 737 in
1077 694 1173 752 ipsis
1194 695 1482 752 imperatoribus
1499 709 1562 736 or-

71 763 160 805 dine
174 762 419 805 recensendis
436 777 640 821 eoumque
662 765 701 806 in
721 779 862 806 summa
881 764 1117 822 exponendis
1134 764 1249 808 rebus
1268 761 1388 823 gestis
1406 764 1491 807 sere
1509 763 1559 805 ad
1643 792 1647 797 ,

71 831 348 875 Consentinum
374 846 491 889 nsque
509 831 688 890 Magnum
707 833 800 876 nihil
831 834 1022 892 praeclari
1050 842 1113 877 aut
1140 835 1253 877 etiam
1277 846 1422 892 operae
1446 834 1560 891 pretii

70 901 130 945 est
147 909 364 944 eumenius
375 934 387 951 ,
417 909 457 943 nt
474 901 685 945 subverear
702 916 753 945 ne
772 904 854 962 quis
873 904 944 947 ista
963 903 1101 961 legens
1117 903 1303 947 exclamet
1326 903 1439 960 “quid
1456 910 1560 944 tanto

70 970 224 1028 dignum
243 970 347 1013 dedit
377 969 445 1012 hie
462 970 671 1027 promissor
701 969 857 1015 hiatu?
894 972 1155 1030 digressiones
1173 986 1321 1030 quoque
1338 972 1378 1014 in
1398 971 1558 1028 disputa-

69 1040 195 1084 tiones
213 1039 264 1082 de
280 1040 360 1082 vita
376 1041 600 1091 monastica,
635 1047 767 1083 contra
786 1037 968 1091 iudaeos,
998 1049 1036 1084 et
1056 1041 1133 1084 alia
1153 1042 1193 1083 id
1211 1055 1355 1099 genusf
1370 1041 1461 1083 talia
1479 1048 1561 1082 sunt

68 1123 167 1165 quae
185 1107 390 1151 Analiba
406 1123 538 1166 parum
555 1110 706 1152 omnino
724 1110 945 1152 conveniant
967 1119 1005 1152 et
1020 1124 1095 1152 non
1115 1112 1258 1168 possint
1277 1124 1301 1152 a
1319 1110 1452 1166 quovis
1468 1122 1560 1150 ven-

67 1177 205 1221 trie-lo
224 1178 419 1235 concoqui.
476 1193 575 1234 quae
594 1193 670 1236 ego
689 1191 714 1219 a
731 1191 794 1220 me
814 1179 915 1221 dicta
935 1179 985 1221 ita
1006 1179 1123 1222 veiim
1140 1180 1262 1236 accipi
1299 1187 1338 1222 ut
1358 1179 1408 1221 ab
1427 1193 1477 1220 eo
1496 1178 1560 1234 qui

69 1262 144 1289 non
161 1247 349 1303 vituperet
372 1246 444 1290 sed
462 1255 618 1290 excusa
635 1247 869 1297 cedron-m,
901 1248 1125 1304 scriptorem
1159 1249 1310 1305 qualem
1335 1263 1385 1291 ea
1415 1256 1559 1303 tempo-

68 1330 112 1358 ra
131 1323 170 1359 et
186 1315 357 1357 fortassis
375 1314 488 1356 etiam
505 1317 607 1358 vitae
626 1316 825 1357 institutum
854 1314 946 1364 tulit,
976 1324 1013 1358 ut
1040 1332 1115 1359 uno
1131 1317 1254 1360 verbo
1272 1318 1414 1368 dicam,
1445 1319 1557 1360 inter-

68 1384 154 1426 dm
181 1379 335 1436 εὖῆθῑη.
389 1389 495 1424 certe
521 1382 554 1424 si
583 1382 671 1438 quid
700 1383 751 1424 ab
781 1398 831 1425 eo
848 1393 1042 1440 peccatum
1061 1394 1141 1435 est,
1171 1400 1245 1428 non
1278 1400 1416 1443 magno
1433 1399 1560 1428 rerum

67 1450 268 1507 dispendio
286 1456 480 1505 peecatum
498 1457 568 1500 est,
596 1464 679 1492 cum
697 1449 847 1492 abunde
877 1451 1058 1494 librorum
1077 1454 1127 1495 sit
1164 1467 1215 1496 ex
1233 1454 1366 1511 quibus
1384 1453 1559 1495 historia·

67 1534 150 1563 rum
174 1517 225 1560 ab
244 1518 330 1575 ipso
356 1519 646 1575 praeteritarum
673 1527 737 1560 aut
766 1519 886 1560 minus
911 1521 1107 1562 commode
1134 1529 1373 1565 tractatarum
1394 1521 1562 1579 cognitio

68 1588 193 1645 repeti
222 1586 352 1645 possit.
410 1587 487 1630 hoe
511 1596 649 1630 antem>
670 1601 767 1630 vere
800 1602 951 1644 possum
983 1589 1189 1640 affirmare,
1218 1590 1379 1648 plurima
1409 1605 1496 1633 esse
1522 1592 1562 1633 in

69 1657 237 1700 (ledi-eni
259 1655 336 1698 hoe
353 1671 496 1714 opere,
525 1671 625 1714 qnae
656 1671 739 1698 cum
769 1656 862 1699 alibi
894 1672 969 1700 non
1005 1660 1263 1711 inveniantur,
1293 1660 1492 1702 maximam
1525 1660 1564 1702 ei

68 1726 169 1784 apud
206 1739 338 1768 omnes
370 1727 543 1770 veritatis
570 1734 609 1769 et
629 1725 814 1768 historiae
837 1736 1027 1769 amatores
1066 1729 1272 1772 conciliare
1311 1730 1457 1787 possint
1494 1728 1562 1771 de·

68 1800 256 1856 beantque
283 1798 457 1856 gratiam.
515 1796 556 1838 in
582 1794 784 1837 Iustiniana
811 1798 1035 1852 praesertim
1060 1811 1219 1856 magno,
1250 1800 1290 1842 in
1315 1798 1494 1841 Heraclio
1523 1806 1561 1840 et

68 1870 155 1912 aliis
181 1869 363 1926 deineeps
382 1865 589 1924 Cpolitanis
629 1865 919 1921 imperatoribus
964 1867 1080 1910 multo
1117 1876 1176 1910 est
1211 1883 1321 1925 quam
1364 1870 1459 1925 ipse
1482 1868 1557 1911 Zo-

67 1952 181 1981 naras
199 1937 314 1980 fuerit
331 1937 545 1994 diligentius
564 1949 610 1976 ae
627 1934 815 1990 copiosius
833 1942 1004 1977 versatus
1024 1935 1302 1989 describendis,
1319 1939 1425 1980 aunis
1445 1937 1558 1979 etiam

68 2005 226 2064 singulis
244 2020 309 2048 res
326 2013 455 2063 gestas
475 2004 658 2046 dividens.
715 2018 802 2045 uam
823 2018 921 2060 quae
943 2012 1032 2047 ante
1049 2019 1175 2048 novae
1190 2006 1333 2050 Romae
1351 2015 1470 2048 ortum
1490 2005 1557 2046 ha·

67 2076 151 2126 bet,
182 2089 231 2118 ea
258 2075 407 2117 videtur
434 2081 625 2130 utcumque
657 2087 709 2115 ex
737 2073 854 2116 variis
881 2073 991 2117 libris
1022 2089 1098 2116 non
1132 2090 1270 2133 magna
1306 2091 1396 2118 cura
1426 2090 1473 2116 ac
1502 2076 1556 2116 iu·

68 2145 169 2186 dicio
198 2144 413 2200 perexiguo
451 2142 753 2185 oonsarcinasse:
790 2143 829 2185 in
849 2141 981 2200 Cpolis
1010 2152 1134 2186 autem
1174 2145 1288 2187 reb-s
1332 2154 1372 2188 et
1409 2145 1553 2186 exet-ci.

68 2212 182 2255 tutior
199 2211 289 2262 fuit,
320 2219 358 2254 ut
375 2219 559 2270 apparet,
596 2219 637 2253 et
662 2211 806 2254 maiore
834 2220 893 2254 est
919 2227 1004 2254 usus
1022 2212 1217 2263 iudum-im
1252 2222 1292 2256 et
1319 2214 1351 2255 si
1370 2212 1458 2269 quid
1475 2225 1556 2269 ego

67 2280 217 2331 iudico,
248 2279 327 2322 hoe
351 2280 408 2323 illi
436 2281 556 2338 ἔργον
574 2279 663 2331 fuit,
709 2289 837 2323 cetera
858 2278 1052 2338 πάρεργα.
1112 2282 1175 2339 qui
1194 2296 1277 2324 eum
1304 2297 1386 2324 cum
1404 2281 1556 2324 zonara

67 2349 264 2393 conferent
275 2383 287 2399 ,
327 2347 376 2391 ii·
393 2349 681 2407 deprehendere
700 2350 772 2392 erit
790 2350 961 2408 proclive
978 2364 1071 2393 vere
1088 2364 1152 2392 me
1179 2350 1250 2392 ista
1269 2350 1410 2393 dicere.
1467 2364 1556 2391 nam

65 2418 191 2462 omisit
206 2417 377 2461 Zonaras
405 2419 520 2461 multa
552 2433 650 2476 quae
682 2428 811 2462 noster
838 2419 977 2470 habet,
1017 2419 1109 2462 scitu
1140 2433 1320 2477 perquam
1347 2419 1485 2478 digna,
1517 2426 1557 2460 et

65 2486 200 2545 quibus
229 2486 378 2531 omissis
403 2485 597 2529 historiam
624 2489 784 2532 mutilari
811 2489 1076 2546 obscurarique
1112 2489 1179 2531 fuit
1212 2502 1383 2532 necem.
1441 2488 1556 2530 muita

65 2557 132 2600 ille
157 2556 325 2599 breviter
358 2555 555 2599 admodum
587 2557 784 2609 indicavit,
816 2572 913 2616 quae
946 2566 1027 2600 sunt
1062 2572 1087 2600 a
1119 2566 1247 2600 nostro
1277 2557 1557 2601 oirmmstantiis

65 2625 235 2668 omnibns
267 2624 463 2683 explicatis
487 2625 677 2671 illustrata.
734 2642 859 2684 neque
898 2641 976 2685 ego
1010 2626 1150 2683 primus
1179 2626 1255 2670 boe
1298 2625 1554 2683 deprehendi:

65 2693 136 2735 sed
154 2693 319 2736 wolfi-s
350 2702 497 2746 noster,
526 2709 636 2753 quem
667 2696 822 2740 honoris
858 2711 970 2739 causa
1002 2696 1173 2748 nomino,
1203 2696 1263 2740 vir
1280 2696 1410 2738 harum
1429 2709 1555 2736 rerum

65 2761 208 2819 (quod,
237 2762 368 2819 quibus
389 2763 539 2823 ignotus
565 2765 649 2822 ipse
667 2774 747 2818 est,
776 2765 1049 2808 lucubrationes
1079 2765 1161 2809 eius
1186 2763 1464 2809 evidentissime
1484 2763 1534 2804 de

66 2832 288 2886 monstram)
319 2831 438 2891 longe
462 2833 726 2892 petebamus,
756 2836 945 2894 aliquanto
961 2842 1051 2880 ante
1074 2834 1198 2880 codici
1223 2843 1351 2882 vestro
1371 2833 1551 2878 schedam
