1742 3184
216 173 315 222 568
694 172 938 219 GEORGII
965 171 1210 217 GEDRENI

213 293 289 334 τοῦ
305 288 496 345 Εῧγενίου
515 286 542 344 ἦ
561 287 677 332 dudm
694 292 766 331 τοῦ
777 285 1005 345 ιΗρακλεός
1013 318 1027 339 ,
1066 285 1288 329 Θεοδοσίου
1309 285 1354 329 δὲ
1372 284 1393 329 ὅ
1410 285 1541 341 τίμιος
1558 301 1686 329 σταυ-

214 357 298 417 ρός.
367 358 425 401 ἔτι
446 359 489 401 δὲ
510 357 673 413 ἔστησεν
695 355 716 400 ὅ
735 357 927 411 βασιλεὺς
952 354 1172 406 Θεοδόσιος
1188 357 1256 398 καὶ
1274 355 1344 398 τὸν
1362 356 1474 398 κίονα
1491 360 1563 401 τοῦ
1583 355 1685 398 ταύ-

214 446 304 486 ρου.
373 429 493 480 κτίζει
527 428 572 469 δὲ
601 428 669 469 καὶ
698 424 815 469 πόλιν
845 425 887 469 ἓν
918 424 1088 485 Θρᾴκῃ,
1126 423 1440 468 Θεοδοσιόπολιν
1465 423 1684 479 ὀνομάσας,

212 497 285 540 τὸν
310 498 404 554 πρὶν
430 493 643 552 λεγόμενον
658 494 841 552 ”Απρων
863 494 941 537 ἀπὸ
963 499 1037 538 τοῦ
1056 495 1265 544 κτίσαντος
1287 494 1414 549 αὐτὴν
1434 494 1528 537 κατ’
1555 493 1685 550 ἀρχὴν

204 564 376 623 ”Απρου
389 598 402 618 ,
436 564 482 615 ὃς
497 559 547 619 ἦν
565 564 764 621 πενθερὸς
782 565 966 621 Καρίνου
975 595 988 616 ,
1025 562 1069 614 ὃς
1089 565 1155 606 καὶ
1175 564 1330 606 ἀνεῖλεν
1351 561 1488 606 αὐτόν.
1557 562 1718 610 ἴκτισεό

211 636 256 678 δὲ
277 636 344 677 καὶ
367 633 505 691 ἑτέραν
524 632 642 677 πόλιν
659 633 725 676 ἔπ’
747 632 916 689 ὀνόματι
936 637 1010 677 τοῦ
1027 633 1120 676 υἱοῦ
1138 632 1287 686 αὐτοῦ,
1320 631 1367 676 τὸ
1390 634 1484 691 πρὶν
1503 630 1685 690 Βεργού-

209 708 298 747 λιον
319 703 548 760 λεγομένην.

345 805 537 861 Εὖγενίου
560 800 887 862 τυραννήσαντος
908 799 1146 861 ἀντιγράφει
1167 803 1234 845 καὶ
1251 798 1585 860 Ἀργάβαστοςὸ
1605 799 1684 844 άπὸ

209 875 418 924 Γαλατίας
446 874 521 918 σὺν
549 873 661 932 αὐτῷ
687 877 950 931 τυραννῆσαι.
1020 870 1200 922 ἀκούσας
1222 872 1266 914 δὲ·
1285 873 1327 914 ἐν
1339 869 1476 928 Ῥώμῃ
1499 869 1519 913 ὃ
1542 871 1687 927 μικρὸς

211 941 570 996 Οὐαλεντινιανός,
614 941 634 985 ὅ
676 947 749 986 τοῦ
789 941 969 999 μεγάλου
1011 941 1349 984 Οὗαλεντινιανοῦ
1371 948 1486 992 παῖς,
1535 937 1684 996 ἀγχόνῃ
1699 946 1742 981 10

208 1011 425 1070 ἐχρήσατο.
493 1012 661 1056 Ξ-’σπευσε
692 1013 736 1055 δὲ
765 1009 785 1054 ὃ
816 1012 944 1068 μέγας
977 1009 1202 1062 Θεοδόσιος
1230 1013 1285 1061 εἷς
1315 1011 1515 1062 ἐκδίκησιν
1547 1008 1688 1050 αὐτοῦ.

155 1087 186 1122 C
210 1082 324 1132 ἐξιὼν
350 1083 395 1126 δὲ
418 1081 524 1125 κατὰ
546 1086 620 1125 τοῦ
641 1079 840 1140 τυράννου
863 1082 1056 1137 Εὐγενιόυ
1086 1081 1158 1123 οὐκ
1192 1080 1275 1139 ἰδίᾳ
1305 1075 1419 1130 ἰσχύϊ
1443 1074 1686 1133 ἐθάρρησεν,

200 1150 390 1193 Ἰωάννου
424 1151 470 1193 δέ
497 1169 607 1201 τινος
634 1152 864 1207 Αἰγυπτίου
892 1154 1074 1201 μοναχοῦ
1106 1147 1285 1200 μεγάλου
1314 1145 1391 1200 τὴν
1416 1143 1571 1202 ῥάβδον
1598 1145 1686 1188 ἀντὶ

205 1218 381 1276 δόρατος
402 1220 477 1273 τὴν
499 1220 685 1271 ἐπωμίδα
707 1220 751 1259 δὲ
766 1216 863 1259 “ἇντὶ
886 1213 1061 1272 κράνους
1086 1211 1354 1269 ὁπλισάμενος
1361 1246 1374 1266 ,
1405 1213 1510 1256 κατὰ
1539 1214 1688 1273 κράτος

206 1287 278 1330 τὸν
307 1285 516 1344 ἀλιτήριον
537 1279 747 1343 χειροῦται
777 1286 906 1337 ζῶντα
928 1286 995 1326 καὶ
1018 1282 1114 1334 τοὺς
1136 1283 1210 1326 σὺν
1234 1284 1345 1341 αὐτῷ
1368 1283 1513 1326 ἀνεῖλε.
1581 1284 1686 1338 μετὰ
1699 1290 1742 1327 15

206 1357 252 1399 δὲ
281 1355 355 1412 τὴν
385 1357 496 1411 νίκην
525 1354 670 1398 τούτου
702 1353 898 1398 εἶσελθῶν
924 1354 965 1396 ἓν
983 1351 1120 1410 Ῥώμῃ
1143 1356 1330 1395 πλεῖστον
1348 1357 1397 1410 τῇ
1418 1351 1531 1395 πόλει
1550 1353 1687 1408 ε’χαρί-

208 1442 310 1469 σατο
322 1458 335 1478 ,
372 1426 439 1468 καὶ
470 1424 522 1467 τὰ
550 1426 592 1467 ἒν
618 1430 704 1475 τοῖς
732 1424 985 1479 μαγκιπειόις
1005 1427 1086 1465 τῶν
1108 1420 1438 1465 καταπιπτόντων
1460 1420 1571 1480 ζῴων
1592 1422 1687 1480 ἄχρι

204 1493 340 1552 γήρως
370 1501 456 1545 τοῖς
490 1491 652 1548 μόλωσι
688 1492 1004 1549 συγκλειομὲνων
1040 1493 1107 1534 καὶ
1142 1490 1311 1546 ἀλήθειν
1347 1494 1687 1547 κατεπειγομένων

204 1568 401 1620 περιεῖλε,
437 1565 504 1606 καὶ
524 1563 599 1618 τὴν
617 1567 697 1606 τῶν
715 1562 1014 1617 μοιχευομὲνων
1032 1565 1233 1617 γυναικῶν
1252 1560 1393 1619 ὕβριν,
1428 1561 1502 1616 τὴν
1521 1563 1562 1604 ἓν
1582 1578 1686 1619 πορ-

204 1635 327 1684 νειάις
348 1633 416 1675 διὰ
434 1630 622 1683 κώδωνος
640 1631 900 1688 ἐλεγχομένην
911 1663 924 1684 ,
952 1629 1183 1687 περιέκοψε.
1695 1638 1742 1674 20

153 1740 185 1776 D
348 1738 422 1792 Τῷ
461 1730 529 1776 ια’“
552 1732 631 1776 ἴτει
669 1730 838 1788 νικήσας
876 1731 1078 1786 Μάξιμον
1117 1730 1189 1774 τὸν
1224 1727 1422 1788 τύραννον
1453 1730 1585 1776 ἀνεῖλε
1617 1735 1685 1775 καὶ

199 1802 501 1862 Ἀνδραγάθιον
537 1802 610 1846 τὸν
648 1801 875 1860 στρατηγὸν
916 1801 1043 1845 αὐτοῦ
1072 1798 1129 1852 ὡς
1159 1799 1413 1862 φονεύσαντα
1440 1802 1482 1843 Γ
1479 1801 1682 1860 ρατιανόν.

204 1979 361 2026 Eugenii
386 1978 578 2016 exercitum
602 1979 719 2026 imago
742 1978 928 2024 Herculis,
962 1977 1160 2014 Theodosii
1181 1978 1384 2014 veneranda
1405 1990 1504 2015 crux.
1552 1982 1685 2017 consti-

203 2027 275 2062 tuit
308 2039 412 2073 porro
447 2027 672 2062 Theodosius
703 2026 895 2062 columnam
925 2025 1033 2061 tauri.
1082 2030 1118 2060 et
1144 2025 1182 2059 in
1206 2025 1362 2060 Thracia
1386 2027 1506 2060 urbem
1528 2029 1688 2065 condidit

206 2085 310 2118 quam
335 2085 356 2108 a
378 2086 418 2108 se
442 2073 745 2119 Theodosiopolin
765 2072 976 2116 nominavit,
1001 2083 1078 2106 cum
1101 2077 1183 2106 ante
1206 2072 1327 2117 Apron
1348 2073 1526 2108 diceretur
1551 2077 1596 2110 ab
1621 2087 1685 2110 au-

206 2125 305 2153 ctore
327 2132 392 2154 suo
415 2119 536 2165 Apro,
561 2131 684 2154 socero
708 2119 832 2153 Carini
855 2124 890 2154 et
911 2119 968 2153 sui
986 2117 1111 2163 generi
1131 2118 1375 2154 interfectore.
1423 2119 1524 2154 aliam
1546 2132 1688 2167 quoque

205 2167 325 2200 urbem
351 2166 529 2210 condidit,
563 2178 604 2202 ac
627 2167 673 2201 de
696 2166 763 2200 filii
786 2166 927 2200 nomine
949 2165 1200 2211 Arcadiopolin
1222 2164 1332 2211 dixit,
1358 2177 1436 2202 cum
1456 2172 1537 2202 ante
1560 2168 1685 2216 appel-

205 2211 339 2247 laretur
362 2212 578 2258 Bergulium.

297 2281 386 2316 Cum
409 2281 592 2327 Eugenius
614 2280 837 2327 tyrannidem
859 2279 1073 2324 invasisset,
1107 2278 1323 2324 Arbogastus
1349 2280 1455 2316 etiam
1481 2282 1601 2318 Gallus
1625 2295 1684 2318 so—

206 2325 296 2361 cium
323 2339 363 2362 se
390 2328 467 2362 eius
491 2328 674 2373 tyrannidi
698 2327 874 2373 praebuit.
923 2327 959 2361 id
995 2338 1071 2360 cum
1105 2327 1238 2360 Romae
1271 2329 1492 2372 percepisset
1522 2330 1684 2365 Valenti-

205 2373 330 2408 nianus
354 2374 484 2418 iunior,
514 2373 754 2409 Valentiniani
778 2373 894 2419 magni
917 2373 1020 2416 filius,
1044 2372 1235 2418 suspendio
1258 2384 1338 2407 sese
1361 2374 1435 2408 vita
1459 2375 1591 2410 eduxit.
1642 2378 1687 2412 ad

207 2430 309 2463 quem
343 2420 578 2455 ulciscendum
608 2420 832 2455 Theodosius
864 2419 1121 2465 expeditionem
1159 2431 1302 2453 movens
1340 2431 1409 2454 non
1442 2427 1497 2455 est
1530 2423 1685 2468 propriis

207 2466 343 2501 viribus
376 2467 549 2501 confisus:
581 2467 644 2501 sed
676 2467 819 2501 loannis
852 2466 1030 2500 cuiusdam
1057 2465 1226 2511 Aegyptii
1249 2466 1365 2510 magni
1389 2468 1547 2502 monachi
1576 2471 1686 2504 bacu-

206 2510 276 2546 lum
301 2524 363 2557 pro
390 2514 511 2558 hasta,
547 2513 714 2548 cucullam
738 2525 803 2558 pro
827 2513 929 2556 galea
953 2523 1150 2558 usurpans,
1176 2512 1371 2557 Eugenium
1395 2525 1498 2548 caeso
1524 2514 1598 2550 eius
1624 2528 1685 2550 co-

206 2557 331 2592 mitam
355 2559 471 2594 vivum
495 2559 534 2593 in
557 2565 767 2605 potestatem
797 2558 948 2604 redegit.
997 2570 1017 2592 a
1050 2558 1201 2592 victoria
1231 2559 1411 2604 profectus
1436 2561 1580 2596 Romam
1605 2562 1684 2608 plu-

205 2603 293 2638 rima
316 2604 353 2638 in
376 2607 497 2640 urbem
519 2606 692 2640 beneficia
715 2605 882 2649 contulit,
920 2603 1143 2650 abolevitque
1173 2605 1460 2653 consuetudinem
1493 2619 1562 2652 qua
1585 2620 1683 2643 man-

207 2648 301 2694 cipia
331 2651 368 2685 in
401 2652 512 2686 locum
543 2652 735 2687 bestiarum
767 2651 986 2697 pereuntium
1010 2650 1046 2684 in
1070 2651 1221 2696 pistrina
1253 2651 1472 2687 dedebantur
1496 2661 1532 2688 et
1554 2654 1684 2690 molere

206 2705 317 2740 usque
349 2698 392 2731 ad
424 2703 638 2734 senectutem
662 2699 898 2743 cogebantur,
932 2697 1087 2742 itemque
1112 2709 1189 2733 eam
1212 2709 1282 2744 qua
1303 2698 1538 2735 adulterarum
1560 2701 1685 2737 mulie-

205 2751 282 2775 rum
304 2744 536 2780 scortationes
559 2744 662 2780 nolae
684 2745 816 2780 tinnitu
840 2743 1125 2791 publicabuntur.

295 2810 489 2847 Undecimo
520 2825 610 2848 anno
642 2813 833 2848 Maximum
866 2817 1054 2856 tyrannum
1085 2810 1227 2846 necavit
1248 2815 1286 2848 et
1310 2812 1386 2848 eius
1412 2815 1592 2862 copiarum
1618 2816 1684 2851 du-

205 2867 279 2892 cem
309 2857 602 2906 Andragafflium,
639 2865 763 2906 utpote
793 2859 1056 2896 interfectorem
1088 2858 1266 2897 Gratiani.
1321 2865 1361 2896 ut
1391 2861 1537 2898 Romam
1572 2863 1683 2910 venit,
