1742 3184
390 186 812 235 rmSToRIARUM
840 186 1236 237 COMPENDIUM.
1467 188 1566 234 233

84 307 161 364 τὴν
181 305 436 362 καλουμένην
451 302 679 357 Νεκύοπον,
715 303 758 347 ἔν
779 297 808 362 ᾗ
831 301 901 347 διὰ
923 299 1230 362 φαντασμάτων
1258 298 1359 359 ἔγνω
1390 301 1442 345 τὰ
1466 304 1568 358 μέλ-

85 380 211 421 λοντα
230 378 466 432 συμβαίνειν
488 376 614 433 αὐτῷ’.
682 373 838 418 {newa
858 375 915 425 εἷς
935 371 1010 423 τὰς
1028 375 1226 428 Σειρῆνας
1247 371 1472 429 ἕκρίπτεται
1496 374 1569 416 πέ-

86 464 188 504 τρας
215 447 284 489 καὶ
312 445 387 502 τὴν
416 445 669 499 καλουμένην
690 441 912 501 Χάρυβδιν
934 443 1003 485 καὶ
1028 440 1232 493 Σκύλλαν,
1265 440 1355 496 ἣτις
1375 443 1418 484 ἐν
1442 447 1569 501 στενῷ

85 514 199 574 τόπῳ
230 515 461 570 διακειμένη
489 512 731 568 ὑποδέχεται
760 512 812 555 τὰ
842 517 917 555 τοῦ
942 511 1140 554 Ὠκεανοῦ
1168 509 1351 570 ῥεύματα
1376 513 1444 554 καὶ
1472 513 1570 563 τοὺς

50 594 73 630 5
86 585 394 643 παραπλέοντας
411 585 586 638 βυθίζει.
655 583 697 625 ἓν
715 577 750 642 ᾧ
770 582 821 624 τὰ
841 586 964 625 πλοῖα
986 579 1119 624 πάντα
1139 580 1245 636 μετὰ
1265 583 1333 623 καὶ
1353 585 1435 624 τῶν
1458 580 1570 625 ἕταί-
1591 588 1621 624 Ρ
1649 589 1718 627 133

84 671 170 712 ρων
198 651 445 708 ἀποβαλών,
492 652 616 703 αὐτὸς
650 650 860 709 κρατήσας
891 652 1058 702 σανίδος
1088 651 1131 694 ἔν
1161 657 1248 702 τοῖς
1278 648 1453 709 ῥεύμασι
1486 656 1569 695 τῶν

81 721 247 785 ὑδάτων
273 723 454 782 ἐφέρετο.
521 727 667 765 τοῦτον
690 723 875 772 Φοίνικες
894 722 1068 764 πλέοντα
1093 718 1290 775 λαβόντες
1318 722 1376 771 εἷς
1397 719 1569 780 Κρήτην

83 793 188 851 πρὸς
203 792 407 849 Ἰδομενέα
427 791 581 849 γυμνὸν
598 790 764 848 ἤγαγον.
792 792 862 834 καὶ
881 790 1006 841 αὐτὸς
1021 791 1168 844 πέμπει
1185 794 1332 834 τοῦτον
1350 792 1407 842 εἷς
1428 794 1568 834 Φαια-

83 864 176 906 κίαν
194 863 271 918 τὴν
289 867 361 906 νῦν
383 862 598 918 λεγομένην
622 861 838 919 Κέρκυραν
855 860 959 919 πρὸς
975 860 1211 913 Ἀλκίνοον,
1247 860 1436 912 δεδωκώς
1455 861 1570 919 αὐτῷ

23 943 75 980 10
85 936 186 984 ναῦς
206 930 281 975 δύο
303 933 372 975 καὶ
390 930 547 989 ἄνδρας
565 930 796 982 ἐπιλέκτους
813 928 862 974 ν’.
933 928 1189 981 δἈλκίνοος
1210 931 1344 973 τοίνυν
1364 931 1470 985 μετὰ
1493 935 1567 974 τοῦ

77 1001 310 1053 Ὀδυσσέως
339 1003 527 1051 πλείονας
554 999 810 1058 στρατιώτας
833 998 1141 1054 ἀναλαβόμενος
1165 998 1480 1055 καταλαμβάνει
1493 1000 1569 1055 τὴν

77 1069 262 1127 Ἰθάκην.
331 1072 400 1115 καὶ
421 1069 521 1122 τοὺς
541 1075 781 1127 μνηστῆρας
803 1071 1067 1120 ἀποκτείνας,
1095 1068 1291 1126 καθάρας
1308 1087 1350 1112 τε
1369 1070 1442 1112 τὸν
1458 1069 1568 1113 οἶκον

82 1140 164 1188 ἀπὸ
183 1146 266 1185 τῶν
281 1138 627 1195 ἐπιβουλευόντων
644 1140 758 1198 αὐτῷ
767 1172 781 1192 ,
816 1139 1040 1182 ἄνακτᾶται
1062 1138 1135 1193 τὴν
1150 1140 1377 1192 βασιλείαν.
1410 1138 1570 1193 βιώσας

81 1204 155 1254 οὖν
184 1208 206 1253 ὅ
231 1210 457 1261 Ὀδυσσεὺς
483 1208 661 1260 πολλοὺς
685 1208 863 1267 χρόνους
887 1207 968 1252 ὑπὸ
1000 1213 1073 1251 τοῦ
1096 1210 1199 1251 ἰδίου
1223 1209 1371 1259 παιδὸς
1393 1213 1469 1252 τοῦ
1486 1209 1567 1252 ἀπὸ

25 1290 71 1327 15
81 1285 155 1335 τῆς
177 1281 338 1337 Κίρκης
358 1279 471 1337 αὐτῷ
489 1279 750 1335 γεγενημένου
778 1283 852 1322 τοῦ
877 1276 1109 1334 Τηλεγόνου
1136 1278 1209 1321 τὸν
1235 1280 1329 1332 βίον
1358 1277 1564 1322 καταλύει.
1588 1284 1619 1319 Β

78 1348 153 1392 τὸν
174 1349 254 1406 γὰρ
273 1348 353 1392 ἀπὸ
373 1353 446 1392 τοῦ
468 1348 562 1391 υἱοῦ
580 1346 765 1391 θάνατον
786 1347 829 1391 ἵκ
850 1365 970 1391 τινων
985 1345 1281 1402 μαντευμάτων
1299 1346 1568 1406 ὖφορώμενος

78 1418 152 1462 τὸν
176 1419 421 1478 Τηλέμαχον
441 1416 688 1475 ἐφυλάττετο
711 1419 780 1460 καὶ
799 1424 976 1460 συνεῖναι
1001 1417 1114 1475 αὐτῷ
1135 1424 1366 1475 παρῃτεῖτο.
1401 1423 1475 1461 τοῦ
1496 1414 1568 1461 οὖν

81 1486 314 1544 Τηλεγόνου
336 1488 410 1542 τὴν
427 1485 606 1542 Ἰθάκην
625 1485 931 1541 καταλαβόντος
949 1487 1018 1530 καὶ
1042 1485 1190 1529 ἑαυτὸν
1211 1491 1269 1545 τῷ
1293 1489 1417 1545 πατρὶ
1438 1505 1567 1530 κατα-

77 1555 336 1612 μηνύσαντος
343 1588 358 1609 ,
401 1556 460 1611 μὴ
486 1557 815 1614 προσδεχομένου
844 1556 961 1614 παρὰ
988 1560 1070 1598 τῶν
1101 1554 1311 1613 φυλάκων,
1358 1555 1503 1608 νυκτός
1524 1575 1567 1601 τε

19 1626 208 1683 Ξοοῦσης
232 1628 302 1670 καὶ
330 1630 512 1683 κραυγῆς
538 1626 752 1682 γενομένης
779 1627 952 1681 νομίσας
975 1624 1199 1676 Ὀδυσσεὺς
1229 1625 1300 1668 τὸν
1323 1627 1569 1681 Τηλέμαχον

79 1694 181 1740 εἶναι
204 1696 417 1757 ἀνίσταται
435 1695 541 1751 μετὰ
565 1696 733 1754 ξίφους,
774 1697 842 1738 καὶ
863 1694 1083 1750 συμπεσὼν
1107 1693 1326 1753 Τηλεγόνῳ
1347 1694 1569 1751 πλήττεται

75 1765 151 1809 ὕπ’
176 1766 307 1810 αὐτοῦ
328 1766 480 1824 κέντρῳ
502 1764 720 1822 τρυγόνος,
756 1766 823 1808 καὶ
847 1764 980 1824 τούτῳ
1003 1769 1064 1822 τῷ
1083 1763 1225 1823 τρόπῳ
1246 1768 1428 1825 τελευτᾷ.

209 1835 490 1893 Ἀγαμέμνων
513 1833 535 1878 ὁ
561 1835 758 1889 βασιλεὺς
786 1837 843 1886 εἷς
869 1835 944 1890 τὴν
975 1836 1157 1891 πατρίδα
1185 1833 1290 1889 μετὰ
1311 1834 1567 1893 Κασάνδρας

76 1904 338 1958 ἀποπλεύσας
357 1898 447 1964 εὗρε
469 1903 845 1964 Κλυταιμνήστραν
861 1905 1156 1960 μοιχευομένην
1177 1905 1389 1964 Αἰγίσθῳ.
1460 1903 1565 1961 αὕτη

75 2060 217 2097 nomine
238 2062 461 2108 Necyopam,
495 2059 559 2097 ubi
577 2073 622 2096 ex
642 2061 728 2097 visis
750 2061 959 2108 quibusdam
978 2072 1021 2096 ea
1039 2072 1133 2106 quae
1155 2059 1226 2096 sibi
1246 2063 1419 2096 eventura
1445 2063 1566 2096 essent

74 2109 259 2154 cognovit.
305 2108 390 2144 inde
411 2109 456 2143 ad
482 2108 647 2143 Sirenum
670 2120 757 2143 saxa
780 2109 916 2144 eiectus
941 2112 1008 2152 est,
1034 2114 1072 2143 et
1094 2108 1140 2143 ad
1160 2107 1371 2152 Charybdin
1394 2119 1436 2142 ac
1456 2108 1563 2152 Scyl·

74 2155 144 2190 lam
157 2182 168 2201 ,
207 2167 300 2202 quae
332 2156 371 2190 in
395 2154 559 2190 faucibus
580 2155 652 2190 sita
674 2155 812 2190 Oceani
834 2156 963 2190 fluctus
988 2154 1122 2201 excipit
1144 2166 1187 2189 ac
1209 2154 1565 2199 praeternavigantes

74 2202 284 2247 submergit.
332 2201 383 2237 ibi
407 2201 569 2236 omnibus
589 2201 740 2237 navibus
763 2214 806 2237 ac
827 2202 936 2237 sociis
966 2201 1124 2246 amissis,
1158 2200 1239 2246 ipse
1270 2200 1389 2235 tabula
1420 2206 1567 2248 arrepta

76 2261 153 2284 cum
179 2248 284 2284 undis
308 2249 475 2293 ferretur,
498 2248 551 2283 ita
569 2248 701 2284 vehens
724 2261 747 2283 a
764 2249 1002 2284 Phoenicibus
1026 2251 1196 2294 exceptus
1215 2247 1399 2292 nudusque
1417 2247 1455 2282 in
1474 2249 1569 2282 Cre-

74 2301 149 2331 tam
173 2302 229 2331 est
252 2296 298 2331 ad
321 2295 545 2330 Idomeneum
568 2295 754 2331 deductus.
801 2297 1012 2331 Idomeneus
1041 2306 1119 2329 eum
1145 2293 1276 2328 additis
1302 2294 1438 2328 duabus
1461 2293 1568 2328 navi-

74 2343 142 2379 bus
166 2354 209 2377 ac
229 2342 276 2378 50
299 2341 389 2377 viris
412 2341 564 2376 delectis
584 2342 630 2376 ad
654 2342 837 2379 Alcinoum
858 2343 956 2377 misit
977 2343 1014 2376 in
1035 2340 1182 2376 insulam
1207 2339 1438 2385 Phaeaciam‚
1473 2352 1566 2386 quae

73 2400 169 2424 nunc
188 2389 372 2434 Corcyrae
394 2400 521 2423 nomen
542 2388 650 2434 gerit.
684 2389 852 2424 Alcinous
871 2391 963 2433 eum,
987 2388 1146 2434 pluribus
1171 2387 1285 2422 adhuc
1308 2386 1479 2422 militibus
1498 2387 1564 2423 ad-

74 2435 213 2481 hibitis,
237 2435 276 2470 in
298 2436 455 2470 Ithacam
479 2435 644 2478 deduxit3
670 2447 741 2481 qua
764 2436 900 2483 potitus
925 2436 1095 2480 Ulysses,
1119 2433 1239 2481 procis
1259 2433 1472 2479 interfectis,
1496 2434 1564 2469 do·-

74 2494 204 2528 moque
224 2483 270 2518 ab
293 2482 340 2518 iis
359 2481 422 2527 qui
444 2481 515 2527 ipsi
536 2481 797 2518 insidiabantur
821 2489 995 2529 purgata,
1025 2493 1171 2527 regnum
1194 2480 1436 2526 recuperavit.
1484 2492 1563 2516 cum

74 2534 194 2564 autem
217 2529 346 2564 multos
368 2539 479 2563 annos
503 2528 671 2573 vixisset,
711 2541 734 2564 a
757 2529 963 2575 Telegono,
997 2540 1062 2563 suo
1086 2533 1124 2562 et
1145 2527 1269 2562 Circes
1292 2526 1389 2572 filio,
1423 2527 1563 2563 occisus

73 2580 143 2610 est.
166 2612 172 2617 ,
192 2588 274 2611 nam
298 2587 375 2610 cum
404 2586 527 2610 necem
556 2587 579 2609 a
604 2574 679 2610 filio
709 2587 773 2611 suo
802 2589 847 2611 ex
874 2576 1085 2622 quibusdam
1107 2572 1288 2608 vaticiniis
1311 2578 1505 2619 metueret,
1539 2586 1563 2610 a

74 2622 292 2658 Telemacho
314 2622 386 2657 sibi
409 2623 560 2657 cavebat
582 2620 730 2667 eiusque
752 2622 917 2657 convictu
942 2621 1159 2657 abstinebat.
1190 2632 1233 2654 ac
1256 2632 1332 2655 cum
1356 2620 1562 2665 Telegonus

71 2668 233 2704 Ithacam
255 2669 467 2715 appulisset,
488 2679 612 2713 seque,
636 2678 712 2703 cum
731 2680 752 2703 a
774 2669 980 2705 custodibus
1004 2680 1075 2702 non
1097 2666 1353 2710 admitteretur,
1381 2666 1477 2714 patri
1495 2678 1560 2702 suo

72 2715 226 2751 indicari
246 2715 422 2760 iussisset,
449 2715 545 2760 quod
565 2721 637 2750 tum
660 2727 733 2750 nox
752 2722 843 2760 erat,
867 2714 1127 2750 vociferatione
1145 2714 1283 2757 oborta,
1307 2713 1561 2748 Telemachum

72 2763 201 2798 adesse
218 2768 318 2798 ratus
334 2762 505 2808 Ulysses,
534 2773 612 2796 cum
633 2761 750 2806 gladio
776 2762 917 2798 obviam
937 2761 1025 2806 ivit,
1059 2770 1342 2807 congressusque
1359 2759 1559 2806 Telegono,

73 2811 119 2844 ab
143 2821 187 2844 eo
211 2808 418 2855 pastinacae
439 2809 544 2855 spina
564 2808 657 2842 ictus
683 2808 806 2854 periit.

166 2855 408 2901 Agamemnon
439 2867 515 2890 cum
547 2866 618 2889 una
648 2866 726 2889 cum
750 2854 935 2890 Casandra
963 2853 1003 2888 in
1031 2853 1182 2899 patriam
1211 2852 1439 2899 navigatione
1463 2856 1562 2888 esset

72 2901 231 2950 delatus,
264 2902 304 2937 in
319 2902 641 2949 Clytaemnestram
663 2911 808 2937 uxorem
830 2913 930 2938 snam
952 2902 999 2938 ab
1019 2900 1191 2948 Aegistho
1213 2900 1446 2938 adulteratam
1468 2900 1559 2935 inci-
