1742 3184
226 171 328 220 416
539 204 541 207 -
707 172 945 219 GEORGII
979 172 1224 218 CEDRENI

226 290 406 349 ἀφῆκεν,
452 287 558 332 ἀλλὰ
599 287 668 332 διὰ
702 287 951 348 »σοφωτάτης
987 287 1174 344 μεθόδου
1213 285 1335 332 πάλιν
1373 285 1560 345 ἀνήγαγε.
1627 291 1694 332 καὶ

171 366 203 402 Β
226 358 362 417 ὥσπερ
394 357 416 402 ὃ
452 358 591 416 ἰατρὸς
612 359 758 410 ἐκεῖνος
779 355 1047 416 συγχωρήσας
1069 363 1120 416 τῇ
1141 359 1340 418 ἐπιθυμίᾳ
1360 363 1434 402 τοῦ
1457 356 1694 413 κάμνοντος,

224 428 310 473 εἶτα
341 427 493 487 φιάλην
524 428 687 470 οἶκοθεν
713 429 887 482 κομίσας
915 427 1089 471 κελεύσει
1112 426 1240 485 ταύτῃ
1261 427 1365 486 μόνῃ
1386 432 1460 483 τῆς
1477 440 1694 485 ψυχροπο-

220 500 315 550 σίας
341 502 606 553 μεταλαβεῖν,
641 498 708 539 καὶ
736 501 811 540 τοῦ
840 495 1061 551 κάμνοντος
1082 498 1321 548 πεισθέντος
1340 495 1481 557 λάθρᾳ
1501 503 1586 549 τοῖς
1606 498 1694 539 ἔπι-

218 569 394 623 τηὸείοις
415 564 607 617 ἒπιτάξειε
629 573 849 623 συντρῖψαι
869 567 943 622 τὴν
964 565 1114 623 φιάλην
1135 564 1283 622 αὐτήν,
1317 569 1387 609 ἵνα
1410 564 1727 617 λανθανόντωςὸ

219 639 292 680 καὶ
322 635 562 686 ἀνυπόπτως
593 635 717 678 αὐτὸν
744 635 932 692 ἀπαγάγῃ
960 641 1032 691 τῆς
1059 637 1281 690 ἐπιθυμίας
1308 636 1456 691 αὐτῆς,
1493 634 1600 678 οὕτω
1626 636 1694 678 καὶ

218 705 245 749 ὅ
274 706 373 756 θεὸς
400 706 582 760 ἐποίησε·
611 703 731 747 θύειν
757 700 978 763 ἐπιτρέψας
1006 705 1046 748 ἓν
1074 705 1204 748 οὐδενὶ
1229 704 1341 763 τόπῳ
1366 709 1439 761 τῆς
1460 705 1695 760 οἰκουμένης

219 775 330 818 εἴασε
372 779 492 817 τοῦτο
531 774 722 830 γενέσθαι
753 775 846 817 ἀλλ’
885 773 911 830 ἢ
943 775 986 817 ἐν
1017 781 1101 825 τοῖς
1127 768 1423 831 Ἱεροσολύμοις
1456 775 1524 817 καὶ
1554 772 1694 829 μόνον,

223 843 322 887 ὅθεν
350 845 475 901 φησὶν
504 841 526 885 ὃ
557 843 699 896 Λαβίδ
726 841 822 887 “ool
846 844 986 902 πρέπει
1005 842 1132 898 ὕμνος
1153 842 1174 886 ὃ
1197 845 1296 895 θεὸς
1317 846 1358 887 ἓν
1375 843 1505 896 Σιών,
1542 845 1610 886 καὶ
1630 845 1694 886 σοὶ

220 911 528 968 ἀποδοθήσεται
549 912 644 966 εὐχὴ
668 913 709 954 ἓν
724 911 1033 970 “Ιερουσαλήμ.”
1108 911 1192 956 εἶτα
1216 913 1352 969 ἐπειδὴ
1379 911 1555 970 χρόνους
1581 912 1694 962 τινὰς
1708 920 1742 954 1(

163 989 198 1023 C
221 981 400 1034 ἴθυσαν,
429 985 595 1024 καθεῖλε
614 982 686 1037 τὴν
703 981 834 1024 πόλιν.
889 981 1023 1040 ὥσπερ
1046 979 1067 1024 ὃ
1090 982 1229 1040 ιάτρὸς
1253 983 1324 1026 διὰ
1340 988 1414 1038 τῆς
1434 987 1509 1026 τοῦ
1529 980 1698 1032 σκεύους

221 1055 466 1109 συντριβῆς,
502 1049 632 1101 οὕτως
662 1053 726 1093 καὶ
754 1049 775 1094 ὅ
800 1051 901 1102 θεὸς
929 1051 996 1094 διὰ
1028 1055 1102 1106 τῆς
1129 1057 1418 1110 καταστροφῆς
1442 1058 1515 1107 τῆς
1540 1050 1696 1101 πόλεως

220 1123 289 1164 καὶ
313 1120 485 1171 ἄκοντας
505 1120 654 1170 αὐτοὺς
673 1120 855 1177 ἀπήγαγε
875 1125 949 1164 τοῦ
964 1119 1215 1178 πράγματος.
1285 1123 1368 1164 ἐπεὶ
1396 1122 1476 1179 γὰρ
1508 1123 1543 1163 εἶ
1570 1138 1696 1178 φανε-

219 1195 302 1247 ρῶς
326 1188 430 1233 εἶπεν
453 1188 678 1244 ἀπόστητε,
708 1190 782 1233 οὐκ
806 1189 855 1232 ἂν
877 1190 1091 1246 ἠνέσχοντο
1114 1189 1285 1249 ῥᾳδίως,
1318 1191 1387 1233 διὰ
1411 1196 1483 1246 τῆς
1502 1190 1606 1233 κατὰ
1625 1189 1696 1232 τὸν

216 1259 344 1303 τόπον
375 1257 551 1315 ἀνάγκης
579 1258 866 1310 λανθανόντως
887 1259 1035 1310 αὐτοὺς
1058 1258 1238 1316 ἀπήγαγε
1258 1263 1331 1315 τῆς
1351 1261 1441 1317 περὶ
1459 1260 1506 1302 τὸ
1524 1263 1694 1317 πρᾶγμα
1708 1265 1742 1300 15

216 1330 380 1384 μανίας.
451 1328 553 1371 ἴστω
584 1330 718 1371 τοίνυν
749 1327 770 1371 ὅ
799 1329 873 1383 μὲν
897 1329 1036 1386 ἰατρὸς
1058 1327 1078 1371 ὅ
1102 1328 1223 1381 θεός,
1258 1327 1285 1384 ἡ
1307 1328 1499 1387 (ἵε-φιάλη
1520 1327 1553 1396 ἦ,
1565 1329 1694 1380 πόλις,

214 1397 240 1441 ὃ
263 1399 308 1441 δὲ
325 1402 454 1442 νοσῶν
471 1395 491 1440 ὅ
515 1397 764 1455 δυσάρεστος
784 1400 914 1453 δῆμος
931 1403 1011 1441 τιῦν
1026 1399 1250 1450 Ἰουδαίων,
1271 1396 1298 1454 ἦ
1321 1399 1366 1441 δὲ
1383 1399 1648 1455 ψυχροποσία
1668 1397 1695 1453 ἦ

146 1516 153 1528 ³
211 1472 299 1512 τῶν
330 1472 488 1510 θυσιῶν
518 1468 715 1524 ἐπιτροπὴ
749 1469 816 1510 καὶ
844 1469 1020 1519 ἐξουσία.
1091 1469 1124 1509 εἷ
1154 1467 1234 1526 γὰρ
1263 1467 1322 1523 μὴ
1351 1472 1471 1510 τοῦτο
1495 1466 1694 1523 ἠβούλετο

209 1535 518 1580 κατασκευάσαι
526 1569 540 1588 ,
575 1538 683 1587 τίνος
710 1537 837 1580 ἕνεκεν
859 1540 915 1588 εἷς
933 1536 1058 1580 τόπον
1078 1536 1147 1579 ἕνα
1165 1537 1388 1580 συνέκλεισε
1405 1536 1481 1591 τὴν
1501 1535 1694 1592 τοιαύτην

207 1609 371 1650 θυσίαν
391 1605 411 1648 ὃ
431 1610 642 1660 πανταχοῦ
661 1607 804 1663 παρὼν
820 1608 888 1648 καὶ
906 1606 957 1649 τὰ
976 1604 1110 1648 πάντα
1130 1609 1295 1662 πληρῶν
1303 1625 1318 1660 ,·
1353 1607 1460 1656 τίνος
1473 1604 1597 1663 χάριν
1616 1607 1691 1662 τὴν
1702 1612 1742 1647 20

155 1686 189 1722 D
214 1676 295 1731 μὲν
324 1676 513 1731 λατρείαν
535 1678 591 1725 εἰς
611 1676 787 1727 θυσίας,
822 1675 897 1725 τὰς
919 1675 963 1717 δὲ
984 1675 1138 1725 θυσίας
1158 1676 1213 1725 εἲς
1233 1673 1379 1726 τόπον,
1414 1675 1485 1718 τὸν
1510 1676 1553 1718 δὲ
1568 1673 1692 1718 τόπον

210 1746 273 1795 εἷς
294 1742 462 1801 καιρόν,
496 1742 569 1786 τὸν
592 1744 636 1786 δὲ
657 1744 799 1801 καιρὸν
822 1745 877 1795 εἷς
896 1745 996 1798 μιάν
1021 1742 1139 1786 πόλιν
1159 1744 1398 1800 συναγαγὼν
1421 1743 1550 1800 αὐτὴν
1571 1743 1694 1788 πάλιν

206 1813 367 1869 ἐκείνην
394 1813 644 1870 κατέστρεψε
673 1813 747 1868 τὴν
772 1811 916 1869 πόλιν,·
951 1814 1019 1856 καὶ
1044 1813 1089 1856 τὸ
1119 1814 1171 1869 δὴ
1196 1813 1442 1869 θαυμαστὸν
1466 1816 1534 1856 καὶ
1557 1812 1694 1873 παρά-

209 2001 368 2027 mensam
392 1989 497 2025 vobis
529 1989 755 2026 sacrificandi
781 1989 959 2025 licentiam
990 1990 1172 2037 permisit,
1205 1990 1267 2026 sed
1292 1989 1482 2027 scitissima
1501 1991 1562 2029 via
1588 1998 1695 2040 atque

208 2038 352 2073 ratione
381 2048 446 2071 vos
474 2036 673 2074 revocavit.
722 2049 764 2072 ac
785 2038 1071 2083 quemadmodum
1096 2038 1156 2072 ille
1180 2038 1334 2073 medicus
1358 2038 1545 2085 cupiditati
1567 2051 1695 2086 aegro-

209 2084 324 2120 tantis
350 2083 536 2128 indulgens
562 2089 646 2129 post
667 2083 794 2131 poculo
818 2084 919 2118 domo
947 2084 1052 2120 allato
1076 2084 1110 2118 ei
1133 2085 1365 2130 persuaderet
1385 2085 1438 2120 uti
1461 2097 1531 2120 non
1557 2086 1627 2121 alio
1650 2100 1696 2123 ex

213 2143 301 2166 vase
324 2130 492 2175 frigidam
514 2130 680 2175 biberet,
713 2142 826 2176 eoque
858 2136 1005 2177 parente
1028 2130 1164 2166 occulte
1187 2131 1263 2166 eius
1287 2128 1521 2168 familiaribus
1547 2134 1693 2169 manda-

208 2183 268 2213 ret
290 2181 332 2212 ut
354 2176 619 2222 confringerent
641 2177 789 2222 vitrum,
822 2177 944 2223 itaque
967 2177 1028 2212 ille
1051 2189 1122 2212 non
1145 2177 1429 2213 animadvertens
1455 2184 1493 2214 et
1514 2180 1626 2215 tacite
1647 2182 1692 2215 ab

209 2236 277 2260 sua
300 2223 497 2270 cupiditate
520 2224 774 2268 abduceretur,
798 2223 852 2258 sic
875 2225 960 2259 deus
985 2236 1125 2270 quoque
1147 2224 1323 2259 sacrificia
1344 2225 1526 2271 permisit,
1551 2238 1594 2261 ea
1613 2226 1694 2272 lege

210 2275 253 2306 ut
290 2282 363 2305 non
404 2269 491 2305 alibi
527 2275 700 2306 terrarum
734 2280 837 2316 quam
869 2270 1129 2316 Hierosolymis
1161 2272 1301 2307 fierent.
1349 2271 1432 2306 hinc
1457 2272 1616 2308 Davidus
1643 2274 1696 2308 ait

210 2316 361 2361 (Psalm.
382 2318 444 2362 64)
479 2312 559 2363 “te,
595 2329 615 2352 o
638 2317 744 2362 deus,
777 2316 927 2362 hymnus
954 2318 1064 2352 sione
1089 2318 1212 2363 decet,
1243 2318 1382 2363 tibique
1404 2323 1490 2353 vota
1510 2320 1695 2355 solventur

210 2360 512 2408 Hie1·osolymis.”
558 2364 785 2399 deinde'cum
805 2364 1016 2410 aliquamdiu
1033 2364 1293 2401 sacrificassent
1309 2365 1451 2410 Iudaei,
1476 2367 1598 2400 urbem
1616 2377 1694 2402 eam

209 2409 362 2454 evertit,
401 2422 534 2457 eosque
569 2411 644 2445 eius
677 2410 814 2445 excidio
842 2410 960 2458 urbis,
993 2411 1105 2447 veluti
1128 2411 1283 2446 medicus
1304 2410 1398 2446 vitro
1424 2412 1694 2458 confringendo,

210 2457 318 2492 etiam
341 2456 501 2493 nolentes
527 2469 550 2491 a
572 2456 756 2499 sacrificiis
778 2457 943 2492 retraxit.
990 2458 1074 2503 quia
1096 2458 1186 2492 enim
1211 2462 1335 2504 aperte
1358 2470 1418 2492 eos
1441 2457 1578 2494 iubenti
1596 2459 1694 2494 desi-

212 2516 298 2538 nere
321 2503 547 2539 sacrificandi
572 2516 702 2538 morem
723 2504 792 2538 deo
812 2515 883 2539 non
908 2509 1009 2539 erant
1025 2504 1130 2539 facile
1149 2505 1448 2551 obtemperaturi,
1480 2505 1550 2540 loci
1568 2517 1694 2541 neces-

210 2550 368 2585 situdine
403 2551 587 2595 obstricti,
620 2551 701 2591 ideo
730 2562 790 2585 eos
815 2550 951 2585 occulte
978 2552 1022 2586 ab
1047 2563 1089 2586 ea
1112 2552 1280 2586 vaesania
1303 2551 1501 2587 revocavit.
1549 2563 1693 2599 compa-

212 2608 288 2631 rem
310 2608 395 2641 ergo
414 2597 517 2632 deum
535 2597 672 2632 medico
684 2624 694 2643 ‚
715 2599 837 2632 urbem
856 2597 1004 2643 poculo,
1026 2598 1194 2632 Iudaeum
1212 2597 1377 2644 populum
1395 2608 1569 2633 morosum
1588 2603 1695 2644 atque

212 2643 458 2679 rest-aetatium
482 2645 701 2690 aegrotanti,
737 2643 891 2690 frigidae
914 2645 1014 2690 potui
1036 2644 1259 2680 sacrificandi
1282 2644 1472 2680 licentiam.
1520 2657 1600 2680 nam
1623 2645 1694 2679 nisi

214 2689 301 2723 'deus
329 2689 396 2722 hoc
417 2690 531 2736 ipsum
556 2691 774 2726 machinatus
798 2696 911 2736 esset,
953 2703 1044 2737 quae
1080 2702 1187 2726 causa
1210 2696 1288 2726 erat
1310 2701 1372 2725 cur
1394 2695 1531 2726 tantum
1555 2691 1693 2726 sacrifi-

214 2734 306 2768 cium
338 2735 442 2770 unico
474 2738 551 2772 loco
586 2737 908 2782 circumscriberet,
942 2737 1004 2783 qui
1032 2737 1163 2782 ubique
1197 2748 1367 2784 praesens
1393 2738 1494 2773 adest
1517 2741 1553 2772 et
1577 2737 1694 2772 omnia

215 2780 358 2826 replet?
406 2794 468 2817 cur
491 2784 620 2819 cultum
643 2785 681 2819 in
704 2784 937 2829 sacrificium,
961 2784 1172 2819 sacrificium
1195 2784 1232 2818 in
1254 2783 1366 2819 locum
1380 2810 1391 2829 ,
1414 2784 1528 2820 locum
1551 2783 1587 2817 in
1613 2795 1692 2817 cer-

214 2832 288 2861 tum
312 2831 471 2875 tempus,
500 2835 607 2876 atque
631 2831 699 2865 hoc
718 2831 756 2866 in
780 2830 916 2866 unicam
942 2832 1063 2866 urbem
1086 2830 1290 2874 includens,
1324 2841 1399 2865 eam
1420 2830 1548 2865 deinde
1570 2831 1693 2864 urbem

216 2873 435 2909 evertisset?
481 2875 589 2922 idque
621 2877 771 2914 maxime
801 2876 962 2914 mirabile
985 2881 1041 2914 est
1065 2882 1101 2914 et
1125 2877 1296 2914 communi
1317 2875 1478 2924 opinioni
1494 2876 1693 2922 adversum,
