1742 3184
189 159 290 210 652
518 206 522 209 ,
643 183 645 185 ·
670 162 911 210 GEORGn
946 163 1196 209 CEDRENI

190 282 249 337 τῷ
262 277 313 321 δὲ
329 276 443 337 αὐτῷ
462 276 539 322 ἴτει
559 277 788 337 παρέλαβεν
808 277 830 322 ὃ
843 277 1040 339 Χοσρόης
1052 278 1295 338 Ἀντιόχειαν
1315 283 1390 340 τὴν
1405 281 1586 342 μεγάλην
1599 287 1667 330 καὶ

183 346 407 403 Ἀπάμειαν
426 351 496 391 καὶ·
512 347 651 406 ἑτέρας
673 347 820 400 πόλεις.
1544 362 1546 364 ’

39 426 70 462 Ρ
94 427 165 465 372
330 422 404 476 Τῷ
433 417 750 476 τρισκαιδεκάτῳ
785 418 862 461 ἔτει
895 417 1128 478 προσερρῦη
1155 418 1373 476 Ῥωμαίοις
1394 425 1595 475 Μοῦνδος
1623 423 1668 466 ἔκ

184 487 324 544 γένους
341 492 422 530 τῶν
443 489 485 529 Γ
480 488 654 543 ηπέὸων,
689 488 778 539 υἱὸς
799 490 839 530 Γ
838 494 994 544 ιεσμοῦ,
1029 490 1104 548 ῥὴξ
1127 495 1200 533 τοῦ
1222 493 1419 549 Σιρμίου·
1450 495 1518 535 καὶ
1533 494 1667 536 πολλὰ

186 557 311 600 αῧτὸν
335 555 705 614 φιλοτιλιιησάμενος
726 556 748 601 ὃ
771 558 965 612 βασιλεὺς
995 562 1064 601 καὶ
1090 563 1160 602 τὸν
1185 560 1274 604 υἱὸν
1296 561 1448 614 αὐτοῦ,
1494 562 1702 618 ποιήσαςό

186 644 229 670 τε
261 627 385 670 αὐτὸν
407 626 690 683 στρατηλάτην
718 633 790 670 τοῦ
812 629 1048 686 Ἰλλυρικοῦ
1056 661 1069 681 ,
1104 630 1301 673 ἀπέλυσεν
1325 630 1463 675 αὐτόν.
1532 635 1601 674 καὶ
1629 634 1671 676 ἐν

185 701 245 754 τῷ
277 697 582 752 παραγενέσθαι
615 696 740 740 αὐτὸν
775 700 832 748 εἷς
869 697 924 748 τὸ,
954 698 1187 754 Ἰλλυρικὸν
1228 701 1377 756 ἐξῆλθε
1414 701 1508 743 κατ’
1543 702 1671 745 αὐτοῦ

186 769 351 821 πλῆθος
371 763 636 821 Βουλγάρων.
707 768 773 809 καὶ
795 764 965 818 τούτους
981 772 1188 820 παντελῶς
1205 769 1420 827 ἐκνικήσας
1442 771 1518 826 τὴν
1537 773 1671 828 κρείτ-

189 846 289 878 τονα
312 836 595 888 αῗχιιιαλωσίαν
619 838 676 886 εἷς
697 835 1127 881 Κωνσταντινούπολιν
1150 838 1409 882 ἀποστέλλει·
1454 839 1527 891 οὓς
1547 839 1568 883 ὃ
1589 845 1672 895 βα-

191 904 328 955 σιλεὺς
348 906 403 955 εἷς
415 906 626 962 Ἀρμενίαν
646 907 714 948 καὶ
740 909 796 957 εἷς
814 907 1006 963 Λαζικὴν
1035 909 1102 950 καὶ
1132 909 1174 951 ἓν
1200 912 1356 960 λοιποῖς
1384 909 1521 952 ἔθνεσι
1553 911 1672 953 κατέ·
1685 920 1730 956 10

191 990 366 1031 σπειρεν.
436 974 568 1018 ἔκτοτε
588 980 746 1030 βαθεῖα
765 974 902 1033 εἰρήνη
925 978 967 1018 ἓν
988 981 1041 1034 τῇ
1062 976 1207 1039 Θρᾴκῃ
1227 979 1383 1036 γέγονε,
1411 980 1554 1035 μηκέτι
1577 984 1672 1023 τολ-

191 1042 364 1098 μώντων
382 1048 464 1086 τῶν
487 1043 652 1088 Οὕννων
669 1049 845 1103 περᾶσαι
862 1046 934 1089 τὸν
951 1045 1178 1102 Λάνουβιν.
1486 1058 1489 1061 “

143 1118 174 1154 Β
336 1116 410 1172 Τῷ
432 1111 485 1155 ιδ’
505 1113 583 1158 ἔτει
604 1113 802 1173 Χοσρόης
825 1114 845 1158 ὃ
866 1121 948 1159 τῶν
965 1117 1358 1175 Περσῶν··βασιλεῦς
1377 1115 1574 1176 τετάρτην
1592 1121 1677 1162 εἶσ-

192 1183 324 1238 βολὴν
347 1185 403 1233 εἷς
419 1183 493 1238 τὴν
509 1182 723 1238 εΡωμαίων
739 1190 814 1241 γῆν
834 1185 1065 1242 ἐποιήσατο.
1137 1186 1270 1229 ἐλθών
1291 1188 1336 1230 δὲ
1358 1190 1415 1238 εἷς
1433 1188 1506 1243 τὴν
1526 1190 1676 1243 Κομα-

192 1256 326 1308 γηνιῦν
347 1251 492 1310 χώραν
512 1253 624 1296 -κατὰ
645 1256 927 1311 Παλαιστίνης
957 1258 1024 1298 καὶ
1050 1254 1344 1313 Ἱεροσολύμων
1373 1259 1562 1300 διενοεῖτο
1588 1275 1675 1312 χω·
1686 1255 1732 1303 §5

194 1327 291 1378 ρεῖν.
357 1323 651 1374 Ἰουστινιανὸς
682 1325 728 1367 δὲ
755 1329 875 1368 τοῦτο
908 1325 1061 1380 μαθὼν
1092 1324 1338 1382 Βελισάριον
1370 1321 1494 1378 αὖθις
1512 1329 1567 1370 ἐκ
1597 1331 1679 1370 τῶν

194 1389 391 1447 ἑσπερίων
410 1390 645 1447 ἐληλυθότα
669 1394 762 1437 κατ’
789 1395 916 1438 αὐτοῦ
940 1395 1132 1451 ἔπεμψεν.
1202 1394 1223 1438 ὃ
1245 1396 1287 1438 δὲ
1306 1397 1446 1447 ἵπποις
1468 1397 1683 1452 δημοσίοις

193 1461 342 1515 ἐπιβὰς
370 1460 485 1516 τάχει
515 1467 655 1521 πολλῷ
689 1466 745 1514 εἷς
768 1464 842 1519 τὴν
862 1464 1158 1523 Εὖφρατησιάν
1178 1465 1359 1523 ἀφίκετο.
1429 1465 1609 1518 ἀκούσας
1635 1467 1680 1509 δὲ

192 1530 292 1581 τοὺς
323 1535 399 1586 τῆς
427 1532 629 1588 ἀνατολῆς
662 1531 850 1590 φύλακας
875 1536 942 1576 καὶ
972 1534 1069 1585 τοὺς
1095 1534 1347 1591 στρατηγοὺς
1367 1535 1409 1577 ἓν
1431 1542 1521 1587 ταῖς
1541 1535 1681 1579 πόλεσι

194 1596 509 1658 καταφυγόντας
527 1601 626 1644 εἶναι
636 1635 649 1654 ,
680 1605 746 1645 καὶ
766 1604 890 1646 αὐτὸν
909 1606 972 1646 ἐπὶ
993 1605 1297 1663 παραφυλακὴν
1314 1607 1679 1662 προσκαλουμένων
1690 1615 1738 1651 20

189 1667 464 1727 Ἴεραπόλεως
474 1703 487 1723 ,
532 1674 623 1714 λίαν
642 1671 812 1723 τούτους
832 1672 853 1716 ὃ
874 1673 1117 1731 Βελισάριος
1140 1675 1432 1729 κατεμέμψατο
1442 1707 1456 1727 ,
1490 1677 1557 1717 καὶ
1579 1674 1681 1733 γρά-

197 1756 265 1797 φει
290 1740 337 1781 οὗ
361 1742 518 1783 δίκαιον
538 1740 637 1784 εἶναι
657 1744 755 1797 μίαν
775 1741 892 1785 πόλιν
914 1742 1132 1800 φυλάττειν
1158 1746 1225 1785 καὶ
1248 1744 1345 1793 τοὺς
1365 1744 1544 1801 ἐχθροὺς
1563 1745 1683 1803 ἀφιέ-

143 1817 175 1851 C
199 1826 265 1851 ναι
288 1811 352 1851 ἐπὶ
379 1810 454 1864 τὴν
479 1815 562 1852 τῶν
588 1809 801 1865 Ῥωμαίων
824 1811 968 1869 χώραν
996 1812 1101 1867 μετὰ
1125 1813 1293 1863 ἀδικίας
1314 1815 1494 1867 βαδίζειν
1517 1816 1585 1857 καὶ
1610 1814 1686 1865 τὰς

198 1881 271 1933 τῆς
290 1879 502 1934 βασιλείας
522 1878 658 1931 πόλεις
679 1882 966 1935 λυμαίνεσθαι.
1031 1875 1108 1925 “a'’
1127 1881 1205 1941 γὰρ
1226 1882 1310 1926 ἴστε
1328 1882 1390 1926 ὅτι
1410 1883 1457 1926 τὸ
1478 1885 1563 1939 μετ’
1589 1884 1685 1942 ἀρε-

200 2036 309 2083 potiti
332 2036 370 2071 in
392 2048 490 2071 suam
513 2036 651 2072 reversi
674 2040 758 2072 sunt
779 2037 968 2074 dicionem.
997 2038 1119 2075 eodem
1142 2051 1235 2075 anno
1258 2040 1437 2076 Chosroes
1457 2040 1687 2076 Antiocheam

201 2095 374 2129 magnam,
399 2086 588 2130 Apameam
611 2084 769 2129 aliasque
794 2087 900 2119 urbes
924 2086 1035 2131 cepit.

295 2131 397 2164 Anno
424 2132 467 2165 13
489 2130 658 2165 Romanis
680 2143 721 2165 se
743 2131 926 2166 coniunxit
947 2133 1100 2167 Mundus
1118 2132 1261 2178 Gepida
1284 2133 1440 2178 natione,
1465 2133 1558 2169 filius
1576 2134 1688 2169 Gies-

203 2177 270 2221 mi,
296 2176 439 2222 regulus
463 2177 598 2211 Sirmii.
647 2189 750 2222 quem
773 2178 966 2223 imperator
987 2180 1235 2215 humanissime
1259 2192 1336 2214 cum
1359 2180 1432 2214 filio
1456 2180 1531 2214 eius
1555 2176 1690 2216 tracta-

202 2228 273 2258 tum
310 2224 525 2269 Illyricoque
559 2225 774 2271 praefectum
815 2226 960 2261 dimisit.
1025 2226 1059 2260 ei
1093 2226 1131 2260 in
1165 2226 1342 2271 Illyricum
1375 2227 1533 2262 venienti
1568 2227 1687 2262 multi—

203 2271 289 2304 tudo
331 2271 562 2315 Bulgarorum
597 2271 772 2316 occurrit,
815 2284 903 2317 quos
941 2272 1002 2306 ille
1039 2273 1196 2318 devicit,
1235 2273 1485 2319 melioremque
1526 2274 1689 2320 captivo-

201 2328 278 2351 rum
305 2323 436 2364 partem
462 2318 592 2363 Cpolin
614 2319 728 2360 misit3
760 2318 821 2364 qui
849 2321 893 2354 ab
915 2319 1131 2364 imperatore
1154 2331 1219 2365 per
1241 2319 1441 2354 Armeniam
1464 2320 1629 2355 Lazicam
1653 2326 1690 2356 et

201 2363 290 2398 alias
314 2364 480 2407 regiones
503 2370 585 2399 sunt
608 2365 774 2411 dispersi.
800 2365 927 2399 exinde
952 2366 1023 2400 alta
1045 2378 1116 2412 pax
1139 2366 1176 2401 in
1202 2366 1358 2402 Thracia
1376 2367 1456 2412 fuit,
1480 2378 1556 2401 cum
1580 2379 1689 2413 porro

200 2408 323 2444 Hunni
345 2410 545 2445 Danubium
566 2412 720 2446 transire
743 2424 814 2445 non
839 2413 1023 2450 auderent.

291 2458 394 2492 Anno
422 2459 467 2492 14
489 2458 667 2492 Chosroes
690 2458 877 2493 Persarum
910 2470 974 2493 rex
1007 2463 1167 2504 quartam
1191 2459 1228 2493 in
1252 2459 1487 2493 Romanorum
1515 2459 1690 2494 dicionem

200 2503 468 2549 impressionem
494 2505 604 2548 fecit3
638 2516 786 2550 cumque
809 2505 845 2539 in
871 2506 1104 2551 Comagenem
1131 2505 1366 2552 pervenisset,
1393 2505 1629 2541 Palaestinam
1656 2511 1692 2541 et

199 2550 484 2596 Hierosolymam
502 2557 630 2596 petere
654 2551 792 2587 statuit.
841 2552 1057 2587 Iustinianus
1078 2564 1120 2587 eo
1145 2552 1287 2597 cognito
1311 2552 1521 2587 Belisarium
1547 2566 1590 2588 ex
1617 2553 1691 2587 Oc-

201 2597 342 2631 cidente
375 2604 448 2632 tum
481 2609 662 2633 reversum
695 2604 820 2633 contra
854 2605 939 2633 eum¹
966 2599 1087 2634 mittit.
1136 2599 1167 2633 is
1196 2597 1338 2644 publice
1372 2598 1558 2644 dispositis
1590 2599 1692 2645 equis

202 2654 287 2676 usus
312 2655 438 2689 magna
462 2644 642 2680 celeritate
665 2647 709 2680 ad
734 2645 913 2690 Euphrati
935 2645 1087 2680 vicinam
1110 2645 1290 2690 regionem
1314 2646 1491 2689 pervenit.
1540 2645 1591 2681 ibi
1616 2658 1691 2681 cum

207 2689 442 2725 intellexisset
464 2692 625 2727 Orientis
647 2693 813 2727 custodes
838 2698 945 2737 atque
973 2693 1174 2739 praefectos
1198 2692 1234 2726 in
1260 2692 1406 2726 urbibus
1430 2692 1467 2726 in
1491 2704 1578 2737 quas
1606 2705 1691 2727 con-

209 2735 377 2779 fugerant
400 2749 440 2772 se
463 2738 657 2784 continere,
696 2744 734 2774 et
757 2740 801 2773 ab
826 2738 871 2773 iis
895 2746 1098 2774 moneretur
1120 2738 1373 2772 custodiendae
1396 2738 1582 2785 Hierapoli
1605 2751 1693 2784 ope-

209 2792 285 2815 ram
308 2783 420 2826 daret,
449 2797 512 2829 per
534 2785 657 2820 literas
681 2797 743 2820 eos
764 2785 899 2820 >acriter
922 2785 1145 2830 obiurgavite
1171 2796 1241 2818 non
1264 2790 1398 2819 rectum
1427 2797 1505 2820 esse
1529 2785 1591 2819 uni
1615 2785 1694 2819 urbi

211 2828 362 2862 tuendae
386 2830 556 2866 intentum
582 2833 657 2877 pati
681 2839 721 2867 ut
744 2833 862 2867 hostes
886 2831 1029 2879 impune
1053 2832 1090 2865 in
1119 2832 1306 2865 Romanam
1330 2831 1503 2866 dicionem
1527 2843 1691 2876 grassen—

213 2877 271 2910 tur
292 2877 468 2922 urbesque
491 2877 632 2924 imperii
655 2883 810 2915 vastent.
857 2889 923 2924 per
953 2878 1119 2914 virtutem
1151 2877 1301 2912 interire
1326 2877 1578 2924 praestabilius
1613 2888 1693 2912 esse
