1742 3184
205 226 305 274 118
685 222 923 268 GEORGll
953 219 1202 267 CEDRENI

331 337 423 385 ‘'Ou
444 342 642 396 Σολομῶν
670 334 834 394 ἐζήτησε
864 336 934 381 τὸν
956 334 1182 393 Ἶεροβοᾶμ
1205 332 1435 377 ἀποκτεῖναι
1451 327 1684 387 ὖπονοῆσας

202 407 341 456 αὐτόν.
385 408 407 453 ὃ
432 410 476 453 δὲ
491 410 612 467 γνοὺς
630 405 859 466 ἀνεχώρησε
878 406 982 464 πρὸς
1000 406 1234 459 Σουσακεὶμ
1253 403 1428 468 βασιλέα
1450 401 1683 459 Αῗγύπτου,

202 483 271 525 καὶ
289 475 338 537 ἦν
357 480 442 523 ἐκεῖ
461 479 536 531 ἕως
556 483 630 535 τῆς
644 481 830 533 τελευτῆς
845 481 919 520 τοῦ
941 476 1082 533 κυρίου
1107 475 1233 517 αὐτοῦ
1251 476 1533 528 Σολομῶντος.
1561 470 1684 526 ἔλαβε

201 552 248 595 δὲ
268 550 342 607 τὴν
362 549 573 608 θυγατέρα
594 548 828 603 Σουσακεὶμ
850 544 984 605 ἑαυτῷ
999 551 1186 604 γυναῖκα.

148 620 182 656 D
333 617 426 663 ’Ότι
447 617 468 662 ὁ
493 619 535 661 ἐν
547 615 855 676 Ἱεροσολύμοις
873 615 972 667 ναὸς
989 616 1191 672 τέσσαρας
1213 610 1292 668 εἶχε
1314 607 1582 668 περιβόλους,
1617 609 1718 655 καὶὸ

204 692 261 741 εἷς
280 689 354 746 μὲν
373 689 443 733 τὸν
463 686 650 741 ἐξωτάτω
671 688 870 730 εἰσελθεῖν
892 684 1159 742 ἐπετέτραπτο
1187 686 1289 726 πᾶσι
1307 682 1375 723 καὶ
1398 686 1484 731 τοῖς
1501 677 1686 738 ἀλλοφύ-

204 763 313 812 λοις,
346 760 502 815 γυναιξὶ
525 758 569 801 δὲ
586 757 795 813 ἓμμηνίοις
809 753 955 811 μόναις
975 755 1168 812 ἀπείρητο
1187 751 1387 810 παριέναι.
1457 751 1514 801 εἷς
1543 749 1588 792 δὲ
1616 748 1687 792 τὸν

204 828 392 887 δεύτερον
405 828 604 871 Ἰουδαῖοι
625 824 773 877 πάντες
795 823 996 884 εἰσῄεσαν,
1015 826 1082 867 καὶ
1105 823 1147 867 αἱ
1168 820 1325 866 τούτων
1341 826 1528 878 γυναῖκες
1547 823 1687 862 καθα-

205 901 274 957 ραὶ
293 898 372 941 ἀπὸ
396 897 547 948 παντὸς
566 894 815 952 μιάσματος.
849 897 905 947 εἲς
925 895 971 937 δὲ
990 894 1062 938 τὸν
1080 895 1217 951 τρίτον
1235 892 1272 934 οἱ
1293 890 1458 949 ἄρρενες
1474 893 1556 933 τῶν
1573 889 1688 932 Ἰου-

204 970 345 1019 δαίων,
379 969 436 1018 είς
465 967 509 1009 δὲ
538 966 608 1010 τὸν
637 965 830 1024 τέταρτον
864 965 902 1008 οἱ
925 965 1043 1023 ἱερεῖς
1064 962 1198 1019 μόνοι.
1269 964 1325 1012 εἷς
1346 961 1390 1004 δὲ
1408 959 1479 1003 τὸν
1499 959 1598 1003 ναὸν
1621 960 1687 1001 καὶ
1702 967 1742 1004 10

203 1038 266 1080 ἐπὶ
296 1036 366 1080 τὸν
397 1036 542 1091 βωμὸν
568 1036 606 1078 οἱ
633 1034 799 1090 ἄμωμοι
831 1034 971 1093 ἱερεῖς,
1008 1033 1158 1084 στολὰς
1185 1030 1390 1090 ἱερατικὰς
1419 1030 1689 1084 ἐνδεδυμένοι.

204 1108 261 1158 εἷς
278 1107 322 1149 δὲ
339 1105 385 1149 τὸ
404 1105 555 1149 ἄδυτον
577 1103 598 1149 ὃ
620 1104 832 1163 ἀρχιερεὺς
851 1102 990 1161 μόνος,
1010 1104 1085 1160 τὴν
1105 1103 1256 1147 οἶκειάν
1274 1099 1424 1156 στολὴν
1442 1103 1690 1159 περιβεβλη-

202 1177 348 1231 μένος,
384 1174 495 1227 ἅπαξ
511 1179 586 1218 τοῦ
603 1175 803 1218 ἐνιαυτοῦ.

331 1243 424 1289 (Ότι
446 1245 488 1287 ἓν
509 1242 619 1305 γήρᾳ
639 1245 766 1287 αὐτοῦ
786 1246 986 1298 Σολομῶν
1018 1239 1223 1294 ἐξώκειλεν
1251 1239 1333 1283 ἀπὸ
1357 1242 1432 1282 τοῦ
1451 1241 1557 1281 θεοῦ
1566 1270 1579 1290 ,
1609 1241 1691 1281 τῶν

203 1319 404 1370 γυναικῶν
425 1316 550 1358 αὐτοῦ
572 1315 721 1358 εἴδωλα
744 1313 1053 1356 ἀνατιθουσῶν·
1101 1309 1122 1354 ὁ
1143 1310 1222 1368 γὰρ
1248 1307 1396 1367 ἑτέρων
1415 1308 1691 1351 ἀνατιθέντων
1704 1315 1742 1351 15

87 1385 115 1420 Ρ
137 1390 184 1426 67
206 1384 334 1442 ἐφιεὶς
354 1383 478 1436 αὐτὸς
494 1382 675 1443 ἱδρύεται
693 1381 878 1439 δυνάμει.
946 1383 1016 1426 καὶ
1036 1380 1105 1425 διὰ
1125 1385 1246 1424 τοῦτο
1267 1377 1397 1435 ἐδόθη
1419 1379 1530 1438 αὐτῷ
1551 1378 1693 1421 Σατὰν

203 1450 225 1496 ὅ
241 1453 376 1510 Ἄδερ.

334 1521 426 1566 ‘'Ou
442 1520 667 1580 Ἶεροβοᾶμ
690 1525 837 1573 δοῦλος
859 1515 910 1577 ἦν
931 1522 1224 1574 Σολομῶντος,
1266 1517 1358 1568 υἱὸς
1378 1516 1571 1574 γυναικὸς
1591 1513 1695 1574 πόρ-

203 1608 298 1647 νης,
345 1592 580 1646 ἐβασίλευσε
616 1593 660 1635 δὲ
692 1596 766 1634 τοῦ
794 1590 971 1648 Ἰσραὴλ
1003 1590 1045 1632 ἓν
1069 1588 1299 1647 Σαμαρείᾳ.
1368 1588 1436 1629 καὶ
1469 1586 1697 1642 συμβαλών

204 1660 383 1717 πόλεμον
401 1666 460 1720 τῷ
474 1661 591 1720 Ἀβία
610 1659 773 1717 ἡττήθη
784 1692 796 1712 ,
832 1662 901 1703 καὶ
921 1659 1064 1703 ἔπεσον
1080 1662 1154 1701 τοῦ
1168 1656 1344 1714 Ἰσραὴλ
1360 1654 1546 1711 χιλιάδες
1564 1654 1623 1714 φ’.
1703 1662 1742 1699 2c

334 1729 438 1774 ’Ότι
464 1732 507 1773 ἓν
532 1735 590 1789 τῷ
621 1732 744 1789 τρίτῳ
772 1730 849 1774 ἔτει
878 1733 951 1786 τῆς
966 1729 1179 1784 βασιλείας
1196 1729 1236 1769 Γ
1234 1727 1405 1777 οθολιάς
1418 1726 1540 1781 ,Ἰηοῦ
1563 1727 1695 1769 ἀνεῖλε

203 1798 276 1843 τὸν
299 1799 452 1858 Ἰορὰμ
480 1802 549 1843 καὶ
574 1798 645 1844 τὸν
665 1800 864 1856 Ὀχοζίαν
892 1801 960 1852 καὶ
990 1798 1088 1850 τοὺς
1107 1797 1223 1849 υἱοὺς
1242 1796 1402 1852 Ἀχαὰβ
1421 1798 1489 1839 καὶ
1508 1797 1585 1854 τὴν
1612 1796 1693 1839 {Ie-

204 1866 341 1924 ζάβεκ.

298 2044 465 2081 Solomon
493 2044 738 2081 Ieroboamum
776 2043 848 2081 sibi
887 2046 1087 2091 suspectum
1125 2043 1330 2080 interficere
1362 2043 1549 2091 cogitavit.
1596 2048 1634 2079 at
1663 2043 1695 2079 is

205 2092 359 2138 cognitis
391 2092 532 2127 insidiis
565 2093 610 2128 ad
644 2091 863 2127 Susacimum
891 2091 1049 2138 Aegypti
1082 2103 1202 2137 regem
1231 2091 1430 2136 concessit,
1461 2096 1568 2138 atque
1602 2090 1695 2136 apud

204 2138 299 2174 hunc
328 2145 563 2175 commoratus
595 2143 650 2174 est
681 2150 793 2184 usque
821 2139 866 2174 ad
898 2144 1046 2173 mortem
1069 2138 1201 2174 domini
1225 2138 1280 2174 sui
1303 2138 1517 2174 Solomonis.
1564 2139 1629 2173 sed
1660 2143 1697 2173 et

205 2185 382 2221 Susacimi
404 2186 512 2221 filiam
535 2197 679 2220 uxorem
703 2185 819 2220 duxit.
1338 2227 1341 2230 ⁴

297 2232 484 2279 Templum
508 2232 868 2278 Hierosolymitanum
892 2235 1059 2277 quattuor
1081 2231 1206 2267 habuit
1230 2232 1396 2268 ambitus.
1443 2231 1481 2266 in
1503 2235 1696 2266 extremum

204 2277 341 2314 intrare
361 2279 521 2315 omnibus
538 2279 644 2315 etiam
661 2278 870 2325 alienigenis
886 2278 1093 2324 permissum
1110 2279 1196 2314 fuit:
1215 2279 1311 2314 solae
1330 2283 1510 2314 menstruo
1527 2278 1694 2313 laboran—

206 2330 263 2360 tes
286 2325 450 2361 mulieres
476 2328 701 2362 arcebantur.
726 2326 823 2362 intra
841 2326 1029 2360 secundum
1054 2337 1174 2360 omnes
1193 2326 1317 2360 Iudaei
1335 2326 1530 2369 intrabant,
1555 2336 1695 2359 eornm-

205 2383 275 2417 que
298 2373 453 2408 feminae
475 2373 681 2420 pollutionis
705 2373 816 2408 omnis
840 2384 963 2418 purae.
996 2371 1034 2406 in
1052 2372 1194 2407 tertium
1218 2384 1335 2407 mares
1356 2373 1495 2408 Iudaei.
1527 2371 1565 2406 in
1587 2383 1692 2417 quar.-

203 2423 275 2453 tum
300 2419 368 2454 soli
388 2420 607 2455 sacerdotes.
655 2418 694 2454 in
713 2420 905 2455 sacrarium
930 2423 968 2454 et
990 2419 1035 2454 ad
1059 2431 1153 2454 aram
1178 2419 1268 2455 vitio
1293 2426 1455 2454 carentes
1480 2419 1696 2463 sacerdotes,

204 2464 306 2500 stolis
338 2466 616 2502 sacerdotalibus
640 2466 773 2502 amicti.
820 2466 858 2500 in
882 2465 1026 2511 adytum
1050 2466 1238 2511 quotannis
1261 2472 1399 2502 tantum
1424 2465 1519 2500 solus
1543 2476 1696 2500 summus

204 2511 368 2557 pontifex
386 2513 666 2559 ingrediebatur,
691 2525 755 2548 suo
774 2511 908 2548 vestitu
932 2517 1089 2548 ornatus.
1151 2511 1155 2513 ’

299 2559 454 2594 Senecta
477 2565 595 2595 aetate
613 2559 782 2595 Solomon
805 2571 827 2595 a
851 2560 918 2594 deo
943 2559 1182 2604 exorbitavit,
1205 2559 1376 2594 uxoribus
1405 2558 1483 2594 eius
1510 2558 1697 2594 simulacra

205 2606 508 2642 consecrantibus.
556 2618 636 2642 nam
669 2607 731 2654 qui
762 2606 866 2642 alteri
896 2611 1107 2652 potestatem
1138 2606 1369 2642 consecrandi
1397 2606 1483 2641 talia
1510 2605 1698 2651 permittit,

205 2650 238 2684 is
263 2657 430 2696 quantum
451 2653 489 2687 in
512 2653 591 2700 ipso
617 2660 692 2700 est,
728 2665 772 2689 ea
795 2652 950 2689 dedicat.
999 2652 1152 2699 ideoque
1185 2653 1219 2688 ei
1249 2654 1401 2688 Satanas
1430 2653 1527 2687 Ader
1562 2652 1695 2687 immis-

206 2708 267 2732 sus
285 2704 353 2734 est.

297 2745 526 2780 Ieroboamus
556 2745 756 2781 Solomonis
791 2757 936 2791 servus,
967 2744 1061 2780 filius
1089 2745 1310 2791 meretricis,
1343 2744 1527 2780 Samariae
1561 2745 1697 2791 regiam

196 2788 353 2838 habuit,
390 2803 454 2826 rex
478 2791 599 2838 populi
620 2793 796 2829 Israelici.
843 2793 936 2828 idem
958 2791 1095 2838 praelio
1120 2804 1332 2840 congressus
1353 2803 1432 2828 cum
1454 2792 1546 2828 Abia
1571 2803 1698 2828 succu-

204 2836 294 2883 buit,
319 2837 432 2872 caesis
455 2838 699 2875 Israelicorum
724 2839 928 2887 quingentis
951 2839 1106 2874 milibus.

299 2884 428 2919 Tertio
453 2896 545 2919 anno
569 2886 671 2932 regni
692 2887 888 2924 Gotholiae
906 2885 1014 2924 Iehus
1035 2887 1210 2922 loramum
1230 2891 1267 2923 et
1286 2885 1479 2922 Ochoziam
1504 2889 1542 2922 et
1560 2884 1697 2921 Achabi

205 2929 299 2966 filios
323 2935 361 2967 et
379 2931 577 2967 Iezabelam
602 2933 798 2969 interfecit.
