1742 3184
232 192 339 240 406*
389 187 391 189 ¹
711 189 950 237 GEORGII
980 187 1224 234 CEDRENI

234 327 321 369 ριος
347 307 368 353 ὃ
398 307 617 364 ὗπομείνας
651 308 718 350 καὶ
749 302 922 364 φθάσας
942 305 997 356 εἷς
1017 302 1171 363 ἡμέρας
1191 300 1360 362 ,ατλε’,”
1396 309 1486 355 ταῖς
1507 299 1609 361 ,ασλ’
1631 300 1694 358 με’

234 381 425 437 προθείς,
453 379 587 432 ἐπειδὴ
617 377 659 419 ἓν
688 377 784 432 μηνὶ
818 376 885 418 καὶ
913 373 1039 431 ἣμισυ
1064 373 1191 431 μηνὸς
1214 374 1289 430 τὴν
1310 373 1524 429 συμβολὴν
1548 373 1695 429 συνέβη

234 450 445 505 γενέσθαι,
481 449 522 491 ἓν
543 441 571 505 ᾗ
591 446 726 503 γέγονε
753 444 920 501 καθαρὰ
940 443 965 500 ἦ
988 444 1076 499 νίκη
1097 445 1165 487 καὶ
1187 442 1212 499 ἦ
1234 442 1432 500 παντελὴς
1451 446 1530 485 τῶν
1550 443 1697 484 ἐπικει-

183 529 214 563 C
237 519 366 574 μένων
397 521 531 560 κακῶν
559 512 785 571 ἀπαλλαγή.
855 513 977 557 dudm
1003 512 1082 571 γάρ
1107 511 1338 571 ((μακάριος
1356 511 1377 556 ὃ
1393 510 1612 567 ὑπομείνας
1629 512 1697 553 καὶ

235 587 408 645 φθάσας
438 589 494 636 εἷς
521 582 675 642 ἡμέρας
703 582 855 643 ,οιτλεω
887 583 960 640 τὴν
993 583 1231 640 ἀπαλλαγὴν
1264 580 1454 638 ἐδήλωσε.
1523 583 1590 624 καὶ
1621 581 1730 636 οὐχό

236 655 376 707 ἅπλῶς
406 653 508 698 εἶπεν
530 652 584 696 “5
607 652 821 712 φθάσας.”
892 653 1028 709 ἐπειδὴ
1049 652 1128 711 γὰρ
1152 653 1294 695 πολλοὶ
1315 656 1396 695 τῶν
1415 648 1700 706 ἀσεβησάντων

238 725 344 768 εἶδον
369 724 442 781 τὴν
470 723 721 780 μεταβολήν,
757 722 829 766 οὐκ
860 723 1031 774 ἐκείνους
1050 724 1284 780 μακαρίζει,
1319 721 1426 764 ἀλλὰ
1445 721 1540 771 τοὺς
1559 722 1601 763 ἓν
1616 725 1701 770 τοῖς

237 801 393 851 καιροῖς
427 798 508 837 τῶν
546 797 681 836 κακῶν
711 791 1006 848 ὑπομείναντας
1038 794 1104 835 καὶ
1135 791 1193 847 μὴ
1227 789 1454 850 προδόντας
1483 790 1556 846 τὴν
1589 788 1702 832 εὗσέ-

236 869 352 918 βειαν
387 864 456 906 καὶ
490 866 564 919 τῆς
602 862 773 914 ἀνέσεως
806 860 1015 918 τυχόντας.
1084 855 1167 919 ἄρα’
1198 878 1238 904 τι
1268 858 1422 904 τούτων
1452 860 1703 918 σαφέστερον

237 931 383 990 γένοιτ’
415 931 492 987 3611,-
1714 929 1742 966 1¹

367 1000 476 1060 ”Ὠρα
506 1000 556 1056 δὴ
585 999 725 1043 λοιπὸν
747 999 809 1042 ἐπὶ
829 999 875 1043 τὸ
897 996 1136 1054 ζητούμενον
1159 998 1294 1042 ἐλθεῖν
1316 998 1384 1041 καὶ
1401 997 1476 1053 τὴν
1494 1001 1704 1054 παροῦσαν

240 1072 520 1126 αἶχμαλωσίαν
542 1071 609 1113 καὶ
632 1071 838 1121 δουλείαν,
877 1069 935 1111 δι’
962 1067 1012 1123 ἢν
1033 1070 1100 1110 καὶ
1120 1066 1254 1111 πάντα
1275 1065 1537 1122 κεκινήκαμεν
1560 1071 1705 1109 ταῦτα.

242 1140 305 1182 ὅτι
333 1141 406 1194 μὲν
437 1134 508 1183 οὖν
537 1140 579 1182 αἱ
605 1146 711 1197 τρεῖς
733 1136 1147 1196 προανηγορεύθησαν
1167 1137 1465 1194 αἶχμαλωσίαι,
1499 1133 1525 1191 ἦ
1545 1136 1619 1190 μὲν
1637 1134 1704 1191 ἔτη

241 1209 391 1264 ἔχουσα
422 1207 475 1261 υ’,
509 1206 536 1264 ἦ
565 1209 609 1251 δὲ
635 1206 684 1260 0',
718 1207 810 1263 ἧόἑ
829 1209 920 1264 τριά
944 1206 1093 1262 ἥμισυ,
1129 1207 1275 1257 ἱκανῶς
1296 1207 1482 1249 ἐντεῦθεν
1498 1203 1617 1260 ἦμΐν,
1654 1203 1709 1255 ὥς

186 1287 218 1323 D
243 1276 328 1322 οἷόν
347 1296 411 1330 τε,
447 1278 740 1321 ἀποδέδεικται.
811 1278 908 1335 φέρε
928 1276 979 1331 δὴ
996 1276 1137 1318 λοιπὸν
1157 1278 1224 1318 καὶ
1242 1277 1333 1333 περὶ
1351 1273 1501 1331 ταύτης
1522 1274 1705 1328 εἴπωμεν.
1719 1281 1742 1317 1:

231 1346 305 1390 ’ὅτι
332 1347 410 1405 γὰρ
439 1349 506 1390 καὶ
528 1348 619 1404 περὶ
637 1352 710 1402 τῆς
729 1344 901 1402 ἐσχάτης
920 1344 1113 1403 τετάρτης
1131 1347 1199 1388 καὶ
1217 1346 1448 1395 τελευταίας
1467 1342 1710 1401 προανεφώ-

242 1433 360 1472 νησεν
382 1415 402 1459 ὅ
427 1415 642 1474 προφήτης
663 1410 793 1467 οὗτος,
820 1415 944 1457 αὐτὸν
962 1416 1185 1471 παρέξομεν
1203 1414 1273 1457 τὸν
1291 1412 1486 1469 Ἰώσηπον
1504 1412 1710 1471 μάρτυρα,

242 1486 314 1529 τὸν
330 1485 383 1528 τὰ
398 1487 556 1528 ἐκείνων
574 1489 818 1543 φρονοῦντα.
887 1484 1022 1538 ἐπειδὴ
1043 1484 1121 1542 γὰρ
1142 1482 1223 1526 εἶπε
1242 1483 1294 1526 τὰ
1311 1484 1401 1540 περὶ
1419 1487 1492 1538 τῆς
1504 1481 1709 1537 Ἀντιόχου

246 1556 526 1610 αἰχμαλωσίας
556 1557 622 1596 καὶ
651 1552 842 1611 μάρτυρα
865 1553 936 1596 τὸν
960 1551 1173 1611 προφήτην
1195 1550 1447 1609 παρήγαγεν,
1483 1550 1619 1607 ἐπάγει
1644 1553 1711 1594 καὶ

243 1626 334 1680 περὶ
356 1621 529 1679 ταύτης,
561 1625 626 1665 καὶ
651 1624 755 1680 φησί
778 1621 879 1665 “tow
898 1620 1020 1664 αὐτόν
1039 1623 1085 1678 γε’
1101 1638 1163 1663 τοι
1183 1619 1334 1678 τρόπον
1356 1620 1517 1675 Δανιὴλ
1535 1622 1602 1662 καὶ
1622 1624 1742 1677 περὶΞ

245 1696 319 1747 τῆς
333 1690 544 1746 Ῥωμαίων
564 1690 777 1746 ἡγεμονίας
801 1690 1027 1748 ἀνέγραψε,
1067 1691 1134 1732 καὶ
1156 1688 1217 1732 ὅτι
1238 1687 1313 1732 ὕπ’
1337 1688 1471 1732 αὐτῶν
1490 1689 1712 1747 ἐρημωθή-

247 1778 362 1804 σεται
392 1761 444 1803 τὰ
470 1759 733 1818 Ἱεροσόλυμα
756 1762 822 1802 καὶ
851 1758 871 1801 ὃ
901 1759 998 1809 ναὸς
1026 1755 1402 1813 καταλυθήσεται.”
1473 1758 1524 1802 σὺ
1562 1759 1609 1801 δέ
1641 1777 1714 1814 μοι

248 1827 388 1873 σκόπει
406 1829 452 1873 τὸ
473 1827 700 1888 φιλάληθες
716 1832 789 1871 τοῦ
807 1825 956 1886 ἀνδρός
962 1859 975 1881 ,
1011 1826 1056 1880 ὃς
1072 1830 1106 1871 εἰ
1125 1829 1193 1871 καὶ
1207 1828 1405 1880 Ἰουδαῖος
1421 1821 1491 1884 ἦν,
1527 1827 1618 1871 ἀλλ’
1639 1829 1712 1872 οὐκ

704 1889 712 1906 l

344 1971 388 2008 15
411 1969 571 2018 ταύτης]
595 1971 664 2018 τῆς
685 1969 861 2017 τετάρτης
882 1982 1000 2017 margo
1021 1971 1050 2006 P

253 2099 299 2133 ad
329 2097 405 2134 dies
437 2096 563 2145 1335?
592 2099 725 2135 addens
756 2100 932 2147 prioribus
964 2100 1040 2136 dies
1071 2099 1135 2136 452
1169 2109 1247 2134 nam
1270 2110 1389 2134 mense
1409 2101 1485 2134 toto
1511 2103 1546 2134 et
1571 2098 1715 2135 dimidio

254 2149 378 2180 exacto
404 2156 524 2190 pugna
546 2151 601 2181 est
629 2147 811 2182 commissa
839 2148 1020 2194 solidaque
1047 2146 1199 2183 victoria
1229 2150 1330 2192 parta
1362 2149 1398 2181 et
1429 2146 1586 2181 omnibus
1617 2146 1717 2181 malis

251 2202 398 2236 prorsus
430 2191 572 2227 liberati
606 2193 742 2229 Iudaei.
790 2194 910 2230 dicens
942 2195 1034 2230 enim
1062 2191 1210 2229 “beatus
1241 2192 1302 2238 qui
1332 2193 1470 2239 perfert
1499 2197 1535 2227 et
1567 2193 1719 2228 sustinet

252 2237 329 2271 dies
355 2234 464 2272 1335³³
496 2238 737 2275 liberationem
761 2252 783 2275 a
805 2241 902 2275 malis
926 2240 1130 2276 declaravit.
1177 2250 1291 2284 neque
1318 2238 1523 2285 simpliciter
1548 2250 1624 2273 eum
1650 2251 1719 2273 vo-

254 2289 311 2318 cat
333 2284 472 2319 beatum
492 2285 554 2330 qui
577 2287 623 2321 ad
647 2298 723 2321 eum
751 2297 862 2332 usque
884 2288 975 2322 diem
999 2287 1197 2334 pertigerit.
1245 2297 1324 2319 nam
1353 2285 1451 2320 multi
1485 2286 1590 2320 etiam
1619 2284 1720 2331 impii

253 2330 480 2365 mutationem
502 2331 605 2367 istam
628 2332 812 2376 viderunt3
838 2346 952 2380 neque
974 2340 1090 2369 tamen
1115 2346 1175 2369 eos
1198 2331 1320 2366 felices
1338 2332 1444 2377 dicit,
1468 2333 1531 2367 sed
1555 2343 1616 2366 eos
1639 2337 1721 2366 tan-

254 2380 328 2410 tum
359 2376 421 2422 qui
451 2376 489 2411 in
516 2377 596 2413 istis
628 2379 884 2415 calamitatibus
914 2380 1085 2427 patientia
1116 2379 1172 2415 usi
1198 2379 1364 2424 pietatem
1387 2390 1458 2412 non
1478 2378 1721 2424 prodiderunt,

256 2426 364 2468 atque
386 2427 470 2458 tunc
493 2425 667 2461 sublevati
690 2433 785 2462 sunt.
833 2426 933 2461 hisne
957 2426 1089 2473 aliquid
1113 2425 1312 2461 evidentius
1335 2424 1406 2460 dici
1428 2425 1573 2470 potest?

348 2468 504 2515 Tempus
538 2483 623 2517 ergo
655 2478 710 2508 est
738 2477 779 2508 ut
811 2474 855 2508 ad
885 2473 1080 2508 institutum
1101 2477 1338 2516 revertamur,
1374 2470 1472 2506 cuius
1497 2470 1610 2517 gratia
1633 2469 1722 2505 haec

212 2551 214 2558 Ι
255 2513 485 2568 ειᾶριικὶωιιε,
519 2522 555 2552 et
588 2519 633 2553 de
665 2519 784 2554 ultimo
815 2520 1022 2555 Iudaeorum
1046 2520 1169 2555 exsilio
1194 2517 1360 2553 dicamus.
1407 2517 1495 2552 satis
1521 2517 1612 2552 enim
1638 2528 1721 2563 per-

256 2571 379 2616 splcue
417 2563 730 2600 demonstravimus
769 2566 872 2601 trium
910 2567 1065 2613 priorum
1100 2565 1329 2600 calamitatum
1366 2567 1526 2609 tempora
1555 2575 1722 2609 expresse

257 2608 439 2662 praedlcta
471 2610 599 2656 fuisse,
633 2624 800 2647 annorum
830 2613 921 2657 400,
953 2624 1119 2648 annorum
1148 2613 1214 2656 70,
1247 2621 1414 2645 annorum
1436 2611 1459 2645 3
1481 2622 1511 2645 s.
1566 2611 1721 2644 dicamus

261 2663 345 2704 ergo
371 2660 474 2690 etlam
498 2657 542 2691 de
566 2663 708 2703 quarta:
733 2671 810 2694 nam
837 2659 880 2693 de
904 2660 969 2695 hac
991 2659 1095 2694 etiam
1118 2663 1242 2704 quarta
1265 2662 1371 2702 atque
1393 2662 1570 2702 postrema
1586 2656 1720 2690 Danie-

260 2696 328 2751 ¹¹.¹¹¹¹
351 2700 595 2754 vaticinatum,
631 2705 689 2739 vel
710 2705 918 2752 Iosephum‚
951 2706 1122 2740 hominem
1146 2706 1189 2739 ab
1213 2704 1366 2749 ipsorum
1389 2703 1568 2748 partibus,
1593 2707 1720 2736 testem

261 2748 369 2778 entare
387 2745 481 2782 hcet.
530 2761 606 2784 cum
629 2751 719 2786 enim
743 2753 787 2787 de
810 2752 947 2787 excidio
970 2751 1177 2786 Antiochico
1200 2749 1334 2784 locutus
1357 2749 1497 2784 Danieli
1520 2747 1720 2784 testimonio

260 2799 325 2822 sua
351 2793 607 2841 confirmasset,
638 2797 683 2832 de
704 2803 828 2844 quarto
857 2798 909 2833 sic
931 2798 1042 2833 infert
1061 2795 1207 2832 “eodem
1230 2796 1332 2830 modo
1354 2795 1520 2830 Danielus
1544 2794 1648 2829 etiam
1675 2794 1721 2828 de

259 2834 491 2874 Romanorum
514 2841 661 2887 imperio
684 2844 895 2880 vaticinatus
917 2850 989 2889 est,
1013 2843 1293 2888 Hierosolymam
1314 2843 1358 2877 ab
1377 2841 1422 2876 iis
1438 2847 1611 2877 vastatum
1630 2846 1720 2875 tem·

258 2879 422 2928 plumque
444 2897 604 2924 eversum
624 2887 709 2927 iri.”
753 2903 796 2927 ac
817 2891 902 2927 mihi
925 2891 1087 2928 veritatis
1109 2888 1260 2926 studium
1286 2889 1325 2924 in
1350 2900 1392 2924 eo
1415 2888 1494 2924 viro
1521 2886 1720 2932 considera,
