1742 3184
178 169 278 218 776
652 169 905 216 ἩΕΟΒΘΙῙ
939 168 1190 215 CEDRENI

123 299 156 334 c
178 290 291 332 σῶνι.
365 284 570 331 Θεόδοτον
603 286 649 330 δὲ
674 285 746 330 τὸν
770 283 951 341 μοναχὸν
973 285 1042 328 καὶ
1064 283 1275 343 Στέφανον
1298 283 1371 328 τόν
1395 283 1662 343 σακελλάριον

175 358 353 413 σχοίνοις
379 358 422 400 ἐκ
455 359 592 400 ποδῶν
622 355 818 412 δήσαντες
847 353 1020 413 σύρουσι
1049 354 1121 399 διὰ
1151 358 1227 410 τῆς
1247 352 1488 414 λεωφόρου,
1518 358 1587 400 καὶ
1607 359 1663 409 εἲς

175 427 247 471 τὸν
268 427 418 482 βουνὸν
439 424 735 484 καταγαγόντες
750 424 1029 468 κατακαίουσι.
1099 426 1167 468 καὶ
1192 422 1324 475 οὕτως
1348 423 1552 469 Λεόντιον
1579 431 1662 482 βα-

175 497 291 542 σιλέα
324 497 568 556 εὐφημοῦσι.
637 495 708 539 τὸν
728 496 773 538 δὲ
792 499 867 551 τῆς
887 495 1160 554 πατριαρχίας
1181 492 1336 553 θρόνον
1358 496 1481 539 ὁιεΐπε
1502 496 1662 540 Καλλί-

176 583 299 619 νικος.
1671 574 1693 610 5

314 632 489 690 Κόσμου
531 631 621 685 ἔτος
658 630 805 693 ,ς’ρπηᾏ
849 637 924 690 τῆς
961 635 1150 692 Χριστοῦ
1179 633 1410 692 παρουσίας
1438 632 1528 687 ἔτος
1549 634 1661 693 ygqtl',

175 703 379 756 Λεόντιος
395 704 589 760 βασιλεὺς
603 701 817 760 Ῥωμαίων
839 702 908 760 ἔτη
930 700 982 761 γ’.
1050 700 1199 748 τούτου
1216 707 1276 765 τῷ
1296 701 1335 747 α’
1356 702 1433 749 ἔτει
1455 703 1662 750 πάντοθεν

175 777 385 835 εἷρηνικῶς
404 774 612 817 διετέλεσε.

314 847 390 902 Τῷ
416 841 460 898 β’
487 842 565 886 ἔτει
591 840 904 901 ἐπεστράτευσεν
926 842 1057 887 Ἀλιδὶ
1084 841 1159 899 τὴν
1175 839 1360 900 Ῥώμην,
1395 844 1464 887 καὶ
1485 844 1663 896 πολλοὺς

119 930 152 966 1)
177 914 483 969 αῗχμαλωτίσας
502 910 767 971 ὑπέστρεψεν.
837 914 1052 957 ἐστασίασε
1075 913 1121 956 δὲ
1140 914 1210 956 καὶ
1233 913 1402 971 Σέργιος
1422 911 1660 973 ὃπατριάρ-
1674 921 1718 956 10

170 1001 250 1040 χης
269 988 345 1039 τῆς
365 984 557 1038 Λαζικῆς
567 1016 580 1036 ,
615 985 682 1027 καὶ
708 980 860 1040 ταύτην
880 989 966 1035 τοῖς
980 982 1162 1041 Ἄραψιν
1182 980 1369 1035 {ansvaga

315 1057 388 1111 Τῷ
406 1051 442 1110 γ’
461 1052 537 1096 ἔτει
555 1052 878 1112 ἐπεστράτευσαν
898 1054 937 1098 οἳ
950 1052 1124 1111 Ἄραβες
1138 1052 1215 1109 τὴν
1229 1050 1447 1112 Ἀφρικῆν,
1472 1054 1541 1097 καὶ
1560 1051 1662 1098 ταύ-

171 1140 246 1179 την
266 1123 515 1182 παρέλαβον.
569 1121 591 1167 ὃ
616 1124 661 1166 δὲ
679 1122 882 1175 Λεόντιος
902 1123 1138 1167 ἀποστέλλει
1157 1122 1228 1166 τὸν
1245 1124 1458 1182 πατρίκιον
1472 1122 1662 1181 Ἰωάννην

173 1193 313 1236 ἱκανὸν
355 1191 453 1236 ὄντα
493 1193 599 1248 μετὰ
637 1191 800 1237 πάντων
838 1197 921 1237 τῶν
954 1191 1193 1248 Ῥωμαϊκῶν
1228 1195 1437 1249 πλοΐμων,
1481 1192 1527 1244 ὃς
1564 1196 1662 1246 τοὺς

174 1262 353 1320 ἐχθροὺς
377 1262 535 1321 τρέψας
562 1264 700 1315 ἐδίωξε
722 1265 790 1307 καὶ
808 1261 970 1307 ἅπαντα
991 1268 1065 1319 τῆς
1077 1263 1275 1321 Ἀφρικῆς
1291 1263 1342 1306 τὰ
1362 1261 1520 1322 κάστρα
1537 1263 1659 1320 ἠλευ-
1673 1272 1716 1308 15

168 1333 350 1391 ,θ-ἐρωσε.
420 1335 488 1376 καὶ
516 1332 751 1377 καταλιπών
775 1335 1005 1386 ταξατίωνα
1027 1333 1132 1376 ἴδιον
1153 1337 1212 1391 τῷ
1229 1337 1398 1388 βασιλεῖ’
1410 1339 1542 1377 ταῦτα
1563 1333 1659 1391 ἐδή-

174 1406 303 1456 λωσε,
339 1404 407 1446 καὶ
434 1404 520 1446 ἐκεῖ
544 1404 767 1458 ἐχείμασεν.
837 1402 859 1447 ὃ
893 1404 938 1447 δὲ
966 1400 1341 1462 πρωτοσύμβουλος
1369 1408 1452 1447 τῶν
1473 1403 1661 1462 Ἀράβων

172 1476 295 1516 τοῦτο
323 1471 500 1528 μαθών,
535 1477 675 1533 πολλῷ
698 1474 821 1516 πλείω
842 1475 911 1517 καὶ
932 1471 1209 1531 δυνατώτερον
1231 1478 1304 1517 τοῦ
1328 1471 1493 1531 πρώτου
1515 1473 1661 1518 στόλον

173 1541 418 1594 ἀποστείλας
434 1542 505 1586 τὸν
517 1541 707 1598 Ἰωάννην
726 1541 907 1586 ἐκδιώκει
918 1574 931 1595 ,
960 1545 1028 1586 καὶ
1048 1543 1135 1585 ἐκεῖ
1148 1547 1410 1601 φοσσατικῶς
1428 1543 1658 1600 ἄπληκεύει.

170 1609 192 1653 ὅ
214 1612 258 1655 δὲ
276 1612 453 1669 στρατὸς
471 1615 527 1662 εἷς
544 1611 741 1656 σύστασιν
758 1613 895 1656 ἐλθὼν
906 1612 1139 1670 Ἀψίμαρον
1157 1610 1450 1671 ἀναγορεύουσι
1467 1615 1656 1669 βασιλέα,
1668 1621 1715 1656 20

170 1680 440 1739 δρουγγοῖριον
458 1686 540 1725 τῶν
557 1684 883 1740 Κιβυρραιωτῶν
898 1681 997 1725 ὄντα
1012 1683 1080 1725 καὶ
1098 1683 1222 1725 ἐκεῖσε
1238 1680 1497 1740 ὑπάρχοντα,
1530 1685 1658 1738 Τιβέ-

25 1764 56 1800 Ρ
79 1764 150 1803 444
172 1768 261 1808 ριον
287 1751 413 1795 αὐτὸν
441 1750 739 1807 μετονομάσας.
810 1754 851 1794 ἐν
878 1753 923 1795 δὲ
949 1756 999 1810 τῇ
1026 1749 1139 1795 πόλει
1166 1749 1193 1807 ἡ
1217 1755 1292 1794 τοῦ
1313 1756 1526 1806 βουβῶνος
1548 1752 1656 1810 λύμη

155 1820 390 1877 ἐνέσκηψε,
430 1822 498 1863 καὶ
523 1821 565 1864 ἐν
590 1820 785 1880 τέσσαρσι
804 1822 929 1877 μησὶν
950 1819 1134 1865 ἀπώλετο
1157 1824 1320 1877 πλῆθος
1339 1820 1458 1866 πολύ.
1528 1840 1657 1867 κατα-

168 1976 288 2012 dotum
313 1988 399 2013 vero
424 1976 629 2013 monachum
651 1981 688 2013 et
708 1977 926 2025 Stephanum
949 1975 1186 2024 sacellarium,
1209 1977 1352 2013 funibus
1376 1977 1422 2014 ad
1445 1979 1557 2026 pedes
1578 1980 1657 2016 alli-

168 2024 285 2069 gatis,
320 2036 386 2070 per
417 2025 510 2060 viam
534 2025 712 2071 publicam
736 2027 782 2060 ad
805 2027 938 2061 Bovem
966 2031 1166 2071 pertractos
1198 2025 1420 2060 comburunt.
1467 2032 1575 2072 atque
1604 2028 1657 2063 ita

167 2070 294 2105 faustis
317 2071 626 2107 acclamationibus
649 2072 837 2108 Leontium
859 2072 1110 2119 imperatorem
1133 2071 1308 2119 salutant,
1334 2070 1506 2108 Callinico
1529 2073 1656 2110 solium

166 2116 392 2163 patriarchae
415 2124 624 2165 occupante.

258 2174 361 2210 Anno
385 2176 505 2211 mundi
526 2179 637 2222 6188,
665 2177 709 2213 ab
734 2177 890 2213 adventu
914 2175 1052 2211 Christi
1073 2176 1143 2212 694
1166 2175 1337 2212 Leontius
1361 2175 1555 2222 imperator
1577 2179 1655 2213 Ro-

164 2223 481 2304 ιέὲῖιὲοξιέἓυὶἒξωε
505 2223 697 2270 imperavit
719 2236 829 2261 annos
850 2225 888 2261 3.
936 2225 1049 2270 primo
1074 2223 1150 2262 eius
1174 2234 1265 2258 anno
1290 2228 1417 2259 cuncta
1437 2224 1569 2271 ubique
1588 2237 1656 2271 pa-

258 2326 360 2361 Anno
396 2326 551 2363 secundo
583 2327 696 2364 Alidis
736 2327 773 2363 in
810 2327 1003 2362 Romanam
1040 2325 1211 2362 ditionem
1249 2325 1339 2362 fecit
1371 2326 1652 2375 impressionem,

165 2371 354 2418 multisque
385 2375 545 2410 abductis
579 2375 733 2421 captivis
764 2379 861 2409 retro
895 2373 998 2409 abiit.
1045 2374 1194 2419 Sergius
1217 2385 1358 2420 quoque
1380 2375 1552 2421 patricius
1578 2377 1651 2413 La-

167 2417 266 2453 zicae
291 2420 447 2466 defecit,
480 2432 522 2455 ac
547 2421 710 2459 Lazicam
734 2421 912 2457 Arabibus
934 2419 1096 2455 tradidit.

258 2465 358 2501 Anno
383 2467 491 2502 tertio
515 2468 653 2504 Arabes
675 2468 901 2514 expeditione
922 2467 1017 2502 facta
1039 2466 1194 2501 Africam
1218 2471 1402 2512 ceperunt.
1461 2481 1503 2504 eo
1531 2469 1651 2505 Leon-

165 2509 237 2546 tius
260 2512 426 2548 Ioannem
452 2515 636 2560 patricium
662 2516 774 2550 virum
797 2520 977 2550 strenuum
1000 2513 1108 2548 mittit
1130 2525 1206 2548 cum
1231 2513 1397 2550 universa
1413 2516 1652 2552 Romanorum

166 2557 296 2601 classe3
329 2560 390 2605 qui
414 2561 504 2596 fusis
528 2561 709 2607 pulsisque
732 2561 893 2597 hostibus
921 2559 1036 2595 omnia
1060 2560 1203 2595 Africae
1226 2567 1346 2596 castra
1366 2562 1480 2609 cepit,
1504 2564 1650 2599 relicto-

166 2615 235 2648 que
259 2617 323 2640 suo
347 2606 398 2641 ibi
420 2607 558 2653 legato,
594 2610 639 2643 de
662 2621 702 2644 re
726 2614 829 2654 gesta
851 2608 1099 2654 imperatorem
1121 2607 1309 2642 certiorem
1332 2608 1444 2654 fecit,
1476 2615 1583 2657 atque
1613 2611 1651 2645 in

164 2651 288 2686 Africa
311 2652 390 2697 ipse
414 2653 597 2690 hiemavit.
647 2661 685 2690 at
714 2656 866 2690 Arabum
896 2654 1063 2700 princeps
1099 2653 1186 2699 (qui
1210 2656 1515 2702 protosymbulus‚
1548 2657 1651 2703 quasi

165 2698 286 2732 consul
309 2699 366 2733 vel
387 2701 527 2735 concilii
552 2701 716 2747 princeps
741 2703 786 2736 ab
809 2701 855 2735 iis
880 2699 1095 2746 usurpatur)
1129 2713 1169 2735 re
1193 2701 1353 2746 cognita,
1386 2702 1493 2738 multo
1517 2704 1651 2739 maiore

164 2754 207 2778 ac
231 2755 333 2788 quam
355 2746 472 2782 fuerat
495 2749 593 2793 prior
616 2748 788 2783 validiore
810 2747 924 2782 classe
946 2747 1053 2781 missa
1077 2747 1245 2782 Ioannem
1269 2748 1354 2783 inde
1375 2750 1564 2796 profligat,
1590 2763 1652 2785 ca-

164 2794 307 2834 straque
339 2792 437 2827 fossa
467 2795 600 2829 munita
630 2795 736 2830 locat.
795 2800 832 2829 at
864 2795 1098 2828 Romanorum
1137 2793 1312 2829 exercitus
1344 2801 1438 2831 mota
1472 2797 1650 2832 seditione

161 2836 383 2880 Apsimarurn
410 2838 655 2885 imperatorem
680 2846 796 2885 creat,
820 2840 1047 2886 drungarium
1071 2841 1431 2887 Cibyrrhaeotarum,
1461 2843 1650 2888 statimque

162 2882 348 2919 Tiberium
381 2886 550 2924 nominat.
599 2894 638 2922 at
668 2888 704 2922 in
738 2889 824 2923 urbe
848 2887 925 2922 lues
947 2888 1125 2923 bubonum
1157 2896 1320 2934 grassata
1352 2895 1520 2935 quattuor
1551 2901 1649 2926 rnen-
