1742 3184
214 212 312 263 134
558 176 562 179 ’
635 277 637 279 η
693 207 936 258 eEoncn
963 206 1208 254 cromam

160 338 193 375 D
218 332 360 391 φανῶν
379 328 449 373 καὶ
462 328 603 385 χηρῶν
621 325 930 381 δανειζομένων,
965 323 1206 381 κακολογίας
1225 323 1282 374 εἷς
1299 321 1402 365 θεὸν
1417 322 1485 365 καὶ
1504 319 1686 380 ἄρχοντα

213 405 286 447 τοῦ
310 403 435 451 λαοῦ,
465 398 660 455 ἀπαρχῶν
682 396 837 446 ἅλωνος
854 396 920 438 καὶ
939 397 1083 450 ληνοῦ,
1113 389 1382 452 πρωτοτόκων
1400 391 1501 435 υἱῶν
1517 390 1684 446 μόσχων

212 487 256 514 τε
280 471 348 513 καὶ
371 466 588 526 προβάτων
609 468 675 510 καὶ
695 464 920 521 ὖποζυγίων
931 495 945 516 ,
980 467 1053 508 τοῦ
1077 460 1176 506 εἶναι
1201 461 1350 513 αὐτοὺς
1371 460 1524 519 ἄνδρας
1547 458 1685 518 ἁγίους

213 544 273 598 τῷ
298 542 411 596 θεῷ,
445 536 566 594 κρέας
592 534 852 593 θηριάλωτον
882 533 941 588 μὴ
968 533 1120 577 ἐσθίειν
1147 531 1253 575 ἀλλὰ
1274 531 1390 574 κυσὶν
1410 531 1685 589 ἀπορρίπτειν,
1708 562 1711 564 >

214 607 275 665 μὴ
296 606 603 664 παραδέχεσθαι
628 604 755 661 ἀκοὴν
778 603 980 659 ματαίαν,
1013 602 1071 658 μὴ
1106 606 1409 660 συμμαρτυρεῖν
1440 600 1591 659 ἀδίκῳ,
1626 599 1684 655 μὴ
1697 604 1725 643 δ’

217 682 393 722 συνεῖναι
411 679 575 725 πολλοῖς
595 675 659 717 ἐπὶ
680 674 822 734 κακίᾳ,
855 672 914 728 μὴ
939 672 1114 715 ἐκκλῖναι
1135 672 1240 728 μετὰ
1260 674 1422 713 πολλῶν
1442 672 1595 728 κρίσιν,
1628 668 1687 725 μὴ

218 747 379 802 ἐλεῆσαι
402 744 561 799 πτωχὸν
583 745 625 787 ἓν
648 744 798 799 κρίσει,
834 741 1103 799 ἀποστρέφειν
1131 743 1198 784 καὶ
1227 738 1469 783 ἀποδιδόναι
1493 739 1564 782 τὸν
1586 743 1691 795 βοῦν

219 817 288 859 καὶ
317 814 364 859 τὸ
393 812 608 870 ὑποζύγιον
638 816 711 856 τοῦ
745 813 900 869 ἐχθροῦ
931 809 1194 866 πλανώμενον
1222 809 1292 854 τὸν
1329 807 1587 868 εὖρίσκοντα,
1623 809 1692 851 καὶ

219 884 428 934 πεπτωκὸς
445 881 524 925 ὑπὸ
543 882 614 926 τὸν
631 880 759 939 γόμον
775 881 1033 938 συνεγείρειν,
1063 881 1122 936 μὴ
1144 879 1401 937 διαστρέφειν
1420 881 1551 936 κρίσιν
1570 879 1693 934 πένη-

101 964 134 1001 Ρ
154 965 201 1003 76
222 959 292 1004 τος
320 952 501 1004 δικαίαν,
536 951 615 995 ἀπὸ
646 950 796 1002 παντὸς
814 949 996 1009 ῥήματος
1013 950 1154 993 ἀδίκου
1173 949 1454 1008 ἀφίστασθαι,
1488 947 1547 1004 μὴ
1577 947 1693 991 ἀναι-
1704 954 1742 991 1ss

217 1029 301 1082 ρεῖν
321 1021 463 1065 ἀθῶον
483 1022 551 1063 καὶ
572 1022 748 1074 δίκαιον,
781 1020 839 1076 μὴ
863 1022 1044 1063 δικαιοῦν
1065 1020 1135 1063 τὸν
1158 1019 1311 1075 ἀσεβῆ,
1348 1020 1463 1076 δῶρα
1494 1017 1553 1074 μὴ
1586 1021 1696 1073 λαμ-

176 1085 179 1088 4
217 1090 356 1148 βάνειν
386 1088 442 1141 ὥς
469 1091 746 1149 ἐκτυφλοῦντα
777 1089 873 1141 τοὺς
902 1090 1126 1145 βλέποντας
1155 1090 1224 1131 καὶ
1246 1089 1292 1132 τὸ
1317 1089 1472 1131 δίκαιον
1498 1084 1697 1142 λυμαινόῳ

220 1178 346 1217 μενα,
380 1157 635 1217 προσήλυτον
669 1154 712 1203 εῦ
745 1165 895 1212 ποιεῖν,
926 1157 971 1211 (ἐξ
1000 1159 1067 1214 ἴτη
1098 1158 1275 1216 σπείρειν
1302 1157 1378 1213 τὴν
1407 1162 1505 1214 γῆν,
1552 1161 1612 1216 τῷ
1650 1156 1696 1199 δὲ

221 1228 388 1288 ἑβδόμῳ
421 1228 566 1287 ἄφεσιν
596 1229 785 1287 παρέχειν
817 1228 921 1287 αὐτῇ
944 1230 999 1280 εἷς
1022 1226 1250 1271 ἀπόλαυσιν
1276 1231 1447 1282 πτωχῶν
1471 1226 1498 1283 ἢ
1521 1227 1696 1283 θηρίων,

221 1297 372 1355 ὁμοίως
390 1300 457 1341 καὶ
479 1298 549 1342 τὸν
571 1299 788 1354 ἀμπελῶνα
805 1300 873 1341 καὶ
894 1297 965 1341 τὸν
984 1299 1158 1341 ἓλαιῶνα
1167 1330 1181 1350 ,
1218 1298 1535 1355 φιλανθρωπίαν
1553 1297 1696 1339 ε’κπαι-
1709 1305 1742 1341 1Ε

222 1366 350 1412 δεύειν
379 1366 541 1419 αὐτούς.
609 1368 715 1411 κατὰ
746 1372 866 1411 τοῦτο
900 1368 945 1410 δὲ
972 1367 1019 1410 τὸ
1053 1367 1140 1418 ἔτος
1172 1368 1239 1409 καὶ
1271 1365 1419 1424 ἄφεσις
1448 1365 1698 1423 ὀφλημάτων

222 1438 392 1494 ἐγίνετο,
427 1439 496 1479 καὶ
516 1440 597 1480 τῶν
617 1435 892 1480 δουλευόντων
905 1434 1107 1494 Ἑβραίων
1127 1437 1338 1493 ἐλευθερία
1347 1467 1361 1488 ,
1396 1438 1463 1478 καὶ
1482 1435 1551 1478 τὸν
1570 1437 1699 1491 ῗωβη-

221 1510 338 1550 λαῖον
366 1506 502 1564 ἀργεῖν
529 1507 836 1561 ἐνομοθέτησεν.
906 1506 1142 1562 ἐλευθερίαν
1171 1506 1216 1548 δὲ
1244 1506 1312 1548 καὶ
1341 1504 1486 1562 ἄφεσιν
1513 1506 1702 1560 σημαίνει

221 1576 269 1619 τὸ
300 1575 444 1630 ὄνομα.
515 1577 736 1631 ῗωβηλαΐον
767 1576 812 1618 δὲ
838 1574 884 1618 τὸ
912 1575 1179 1630 πεντηκοστὸν
1202 1572 1575 1632 προσαγορεύουσιν
1598 1574 1700 1626 ἴτος,

170 1650 202 1691 Β
226 1646 268 1689 ἓν
299 1639 333 1704 ᾦ
363 1642 513 1688 κελεύει
534 1647 601 1688 καὶ
620 1645 691 1689 τὸν
715 1643 841 1702 ἀγρὸν
862 1642 1164 1700 ἀναλαμβάνειν
1187 1643 1258 1686 τὸν
1278 1643 1512 1701 πεπρακότα
1534 1645 1603 1686 καὶ
1627 1643 1742 1694 vage(

225 1715 268 1758 ἓν
294 1714 405 1772 αὐτῷ
427 1714 578 1766 οἰκίας,
613 1716 680 1757 καὶ
695 1718 829 1771 χρεῶν
852 1713 1064 1764 ἀποκοπὰς
1082 1715 1150 1756 καὶ
1171 1714 1327 1757 παίδων
1349 1713 1514 1768 ὠνητῶν
1537 1714 1703 1756 ἐλευθε-

226 1783 331 1841 ρίας.
395 1779 444 1834 ’ἓξ
464 1780 623 1841 ἡμέρας
644 1782 888 1840 ἐργάζεσθαι
911 1782 985 1838 τὴν
1007 1780 1220 1838 ἑβδομάδα
1232 1814 1245 1834 ,
1280 1786 1332 1840 τῇ
1355 1783 1400 1825 δὲ
1420 1781 1577 1840 ἕβδόμῃ
1601 1784 1704 1825 ἀνα-

225 1850 452 1895 παύεσθαι.
519 1849 687 1908 ὀνόματι
705 1857 810 1895 θεοῦ
827 1852 1040 1910 ἀλλοτρίου
1061 1853 1119 1908 μὴ
1143 1851 1327 1907 ὀμνύειν,
1362 1849 1464 1907 μήτε
1484 1853 1705 1910 προφέρειν

227 1920 298 1964 διὰ
327 1918 544 1976 στόματος.
611 1927 719 1980 τρεῖς
748 1921 919 1980 καιροὺς
942 1925 1016 1965 τοῦ
1047 1920 1162 1973 ἴτους
1190 1919 1418 1980 ἑορτάζειν,
1452 1921 1527 1978 τὴν
1557 1920 1705 1981 ἑορτὴν

224 2028 386 2078 pecuniis
417 2028 606 2076 mutuatis,
641 2029 826 2065 maledicto
856 2029 894 2064 in
924 2029 1026 2065 deum
1056 2032 1118 2065 aut
1138 2029 1261 2076 populi
1287 2028 1502 2076 principem,
1537 2028 1705 2076 primitiis

225 2088 333 2112 areae
356 2081 393 2112 et
417 2076 625 2122 torcularis,
660 2075 993 2124 primogenitorum,
1027 2076 1200 2122 filiorum,
1235 2076 1444 2122 vitulorum,
1475 2076 1614 2121 ovium,
1646 2076 1723 2111 iu-v

225 2128 442 2167 mentorum;
473 2128 514 2158 ut
537 2127 656 2158 essent
677 2123 749 2159 viri
770 2125 837 2159 deo
860 2122 967 2157 sacri.
1015 2134 1152 2159 carnem
1178 2135 1200 2158 a
1223 2124 1303 2158 fera
1324 2128 1504 2169 receptam
1523 2122 1706 2158 mandavit

225 2180 298 2205 non
323 2169 382 2205 edi
404 2170 469 2206 sed
491 2169 637 2205 canibus
660 2169 790 2214 obiici,
824 2180 952 2204 vanum
971 2180 1146 2205 rumorem
1168 2182 1238 2204 non
1261 2170 1462 2215 admittere,
1487 2174 1623 2205 sontem
1645 2175 1705 2204 te-

225 2215 391 2251 stimonio
415 2227 485 2252 non
508 2217 718 2262 sublevare,
745 2215 861 2252 multis
886 2227 926 2250 se
949 2216 1094 2251 sceleris
1117 2217 1250 2252 socium
1272 2229 1343 2252 non
1367 2219 1562 2263 praebere,
1587 2227 1705 2262 neque

226 2273 249 2298 a
271 2267 371 2298 recto
397 2262 443 2297 ob
468 2263 723 2299 multitudinem
752 2262 919 2298 iudicium
943 2263 1149 2308 deflectere,
1180 2264 1218 2298 in
1249 2263 1380 2300 iudicio
1413 2274 1602 2311 pauperem
1635 2274 1707 2297 non

225 2307 407 2351 miserari3
430 2310 557 2344 bovem
579 2315 639 2345 aut
661 2309 851 2344 iumentum
874 2308 1009 2345 inimici
1027 2311 1070 2344 ab
1093 2322 1213 2346 errore
1236 2309 1274 2344 in
1298 2311 1390 2346 viam
1407 2311 1579 2346 reducere
1598 2314 1707 2355 atque

225 2355 417 2390 restituere
436 2355 637 2401 inventum,
662 2356 700 2391 in
724 2355 894 2401 erigendo
917 2357 982 2390 sub
1003 2367 1110 2391 onere
1131 2356 1320 2403 collapsum
1339 2356 1530 2393 iumentum
1549 2356 1583 2391 ei
1602 2367 1706 2402 opem

225 2401 344 2447 ferre,
367 2402 535 2448 pauperis
559 2402 687 2438 iustum
713 2402 880 2438 iudicium
903 2413 973 2436 non
997 2407 1225 2450 pervertere,
1250 2405 1295 2438 ab
1320 2403 1413 2438 omni
1429 2403 1563 2438 iniusta
1582 2414 1623 2437 re
1641 2403 1706 2436 ab·

212 2447 362 2484 vstinere
374 2474 385 2493 ‚
408 2448 581 2484 insontem
602 2453 638 2484 et
654 2448 784 2483 iustum
804 2460 875 2484 non
894 2448 1075 2495 occidere,
1100 2461 1215 2495 neque
1233 2449 1418 2485 absolvere
1431 2455 1589 2492 sontem3
1614 2450 1708 2484 dona

225 2505 297 2529 non
333 2494 517 2540 accipere,
549 2495 632 2541 quia
667 2500 859 2530 excaecant
893 2496 1054 2531 videntes
1079 2501 1116 2531 et
1138 2496 1298 2532 iustitiae
1321 2496 1501 2538 officiunt3
1534 2495 1707 2540 inquilino

224 2541 460 2583 benefacere3
493 2552 558 2576 sex
579 2552 690 2576 annos
713 2546 903 2577 sementem
925 2542 1065 2586 facere,
1103 2543 1253 2589 septimo
1276 2548 1407 2578 terram
1435 2542 1557 2588 egenis
1582 2542 1707 2576 fruen-

225 2586 305 2621 dam
328 2586 507 2622 dimittere
529 2591 565 2622 et
587 2587 734 2631 bestiis3
760 2587 921 2623 similiter
940 2593 976 2623 et
994 2589 1134 2624 vineam
1159 2594 1195 2625 et
1218 2589 1342 2625 oleam.
1390 2589 1457 2623 hoc
1481 2588 1709 2623 humanitatis

225 2632 407 2669 docendae
437 2644 543 2670 causa
571 2633 738 2670 instituit.
787 2647 830 2670 eo
866 2646 957 2670 anno
990 2635 1095 2671 etiam
1119 2648 1179 2671 aes
1204 2636 1355 2671 alienum
1385 2635 1514 2671 dimitti
1536 2634 1641 2670 iussit
1670 2638 1710 2669 et

225 2689 350 2714 servos
383 2679 546 2716 Ebraeos
579 2680 744 2716 libertate
771 2680 916 2726 donari3
947 2682 1170 2729 Iubilaeique
1194 2683 1277 2719 anni
1300 2682 1408 2718 otium
1430 2681 1561 2718 sanxit.
1609 2680 1709 2717 Iubi-

227 2723 326 2760 laeua
349 2737 460 2761 annus
485 2726 791 2772 quinquagesimus
816 2728 966 2775 quisque
990 2728 1138 2775 dicitur,
1162 2729 1271 2775 idque
1293 2740 1419 2764 nomen
1442 2728 1641 2764 libertatem
1665 2739 1710 2762 ao

226 2770 463 2808 dimissionem
484 2778 598 2809 notat.
646 2785 688 2808 eo
708 2785 800 2810 anno
820 2774 898 2820 agri
916 2774 1108 2821 domusque
1127 2776 1292 2811 venditae
1309 2775 1353 2810 ad
1372 2775 1543 2822 pristinos
1560 2775 1711 2810 redeunt

227 2817 411 2864 dominos,
444 2823 481 2854 et
503 2819 624 2854 debita
647 2820 849 2866 abolentur,
886 2825 923 2857 et
945 2832 1028 2856 aere
1052 2827 1168 2868 empta
1192 2821 1367 2877 mancipia
1387 2821 1596 2857 liberantur.
1643 2832 1709 2856 sex

227 2863 307 2900 dies
337 2876 376 2900 se
404 2865 556 2901 timanae
582 2865 745 2903 laborare
773 2866 981 2915 imperavit,
1011 2869 1198 2914 septimum
1230 2880 1428 2915 quiescere.
1484 2879 1551 2915 per
1581 2878 1710 2903 nomen

228 2910 338 2947 alieni
395 2911 430 2948 ei
461 2923 578 2959 neque
607 2912 728 2950 iurare
757 2925 875 2961 neque
896 2915 934 2952 id
956 2914 1096 2954 omnino
1124 2915 1369 2964 pronuntiare.
1414 2919 1490 2952 tres
1519 2913 1709 2963 quotannis
