1742 3184
174 153 274 204 644
633 188 636 190 v
655 152 896 201 GEORGII
927 152 1173 200 CEDRENI
1212 191 1223 201 ,.

313 274 389 331 Τῷ
411 268 453 314 δ’
481 269 593 330 αὐτῷ
615 267 691 315 ἴτει
715 267 947 329 προσερρῦη
966 276 1052 321 τοῖς
1069 267 1285 325 Ῥωμαίοις
1306 266 1408 327 γυνή
1423 286 1487 322 τις
1508 269 1551 314 ἔκ
1570 274 1652 315 τῶν

178 339 345 385 Οῧννων
365 345 447 385 τῶν
467 341 690 397 λεγομένων
704 339 865 409 Σαβήρ,
894 337 1124 398 βάρβαρος,
1154 338 1324 395 ὀνόματι
1344 339 1500 408 ξαρήζ,
1525 339 1654 403 χήρα,

175 410 324 473 ἔχουσα
345 410 450 466 μεθ’
474 409 622 466 ἑαυτῆς
647 407 814 452 Οὕννων
828 407 1022 465 χιλιάδας
1043 406 1201 462 ἑκατόν,
1231 409 1321 465 ἥτις
1337 407 1654 453 κατεδυνάστευε

174 485 258 524 τῶν
281 478 489 523 Οὗννικῶν
518 482 654 537 μερῶν
685 478 790 534 μετὰ
819 479 895 534 τὴν
923 483 997 522 τοῦ
1016 479 1123 522 ἰδιόυ
1145 478 1295 536 ἀνδρὸς
1310 478 1476 534 Μαλὰχ
1497 479 1656 533 ἀποβο-

123 557 154 593 C
179 549 268 606 λήν.
351 548 454 604 αὕτη
485 548 584 598 τοὺς
613 548 921 606 προτραπέντας
952 548 1067 606 παρὰ
1103 547 1308 603 Καβάδου
1343 553 1417 591 τοῦ
1454 548 1689 602 βασιλὲωςὸ

137 613 139 616 .
174 621 354 678 Περσῶν
385 617 459 661 δύο
494 617 624 676 ῥῆγας
654 617 734 660 ἀπὸ
766 616 892 660 ἄλλου
921 616 1071 668 ἔθνους
1094 616 1260 661 Οῧννων
1281 617 1513 675 ἔνδοτέρων,
1549 616 1660 661 2115-—

175 706 285 748 ρακα
305 689 373 730 καὶ
393 687 435 728 Γ
431 684 556 741 mam,
591 690 667 730 τοῦ
689 691 958 743 συμμαχῆσαι
983 687 1094 745 αὐτῷ
1115 687 1220 730 κατὰ
1237 684 1463 742 Ῥωμαίων,
1498 685 1660 744 περιόν-

175 776 251 809 τας
279 757 349 800 διά
374 760 447 812 τῆς
460 754 605 814 χώρας
635 756 762 812 αὐτῆς
789 758 854 799 ἐπὶ
882 755 935 800 τὰ
954 757 1145 814 Περσικὰ
1168 756 1273 813 μετὰ
1290 755 1489 811 χιλιάδων
1513 757 1660 800 εἴκοσιν

175 825 396 884 ἐκράτησε,
431 827 500 869 καὶ
523 825 595 868 τὸν
617 826 718 868 λαὸν
741 824 877 869 πάντα
896 826 1112 881 κατέκοψε.
1181 827 1254 869 καὶ
1277 825 1348 869 τὸν
1371 826 1446 881 μὲν
1466 824 1661 882 Στύρακα

175 897 344 951 δέσμιον
374 899 433 953 τῷ
458 899 628 950 βασιλεῖ’
653 896 695 938 ἓν
717 894 1144 938 Κωνσταντινουπόλει
1165 894 1358 950 ἔπεμψεν,
1395 893 1417 937 ὅ
1451 895 1495 937 δὲ
1514 897 1555 936 Γ
1553 892 1661 950 λώης
1675 900 1720 936 10

176 967 217 1009 ἓν
238 969 297 1024 τῷ
321 965 486 1022 πολέμῳ
509 963 684 1022 ἐσφάγη.
753 966 889 1022 γέγονε
923 965 968 1008 δὲ
1001 963 1103 1021 αὕτη
1135 963 1352 1021 σύμμαχος
1385 965 1453 1008 καὶ
1486 963 1662 1022 εἰρηνικὴ

177 1039 235 1097 τῷ
253 1039 423 1091 βασιλεῖ
434 1035 732 1093 Ἰουστινιανῷ.

522 1103 535 1118 2

317 1108 361 1146 Τ
359 1108 393 1162 ᾧ
413 1105 438 1146 δ
444 1103 457 1119 ²
486 1108 597 1162 αυτῷ
616 1103 693 1147 ἔτει
713 1104 780 1146 καὶ
803 1100 824 1146 ὅ
844 1104 1014 1159 πλησίον
1035 1100 1256 1161 Βοσπόρου
1278 1102 1353 1162 ῥὴξ
1376 1105 1458 1146 τῶν
1487 1099 1665 1154 Οὕννων,

178 1176 220 1217 Γ
218 1174 345 1231 ορδᾶς
370 1171 585 1229 λεγόμενος
593 1205 606 1225 ,
641 1171 874 1231 προσερρύη
891 1178 948 1232 τῷ
967 1177 1136 1227 βασιλεῖ
1150 1175 1218 1215 καὶ
1237 1173 1387 1229 ἐγένετο
1400 1170 1668 1230 Χριστιανός.

179 1245 249 1288 iaz
272 1243 402 1286 πολλὰ
429 1243 526 1293 δοὺς
548 1243 661 1301 αὐτῷ
683 1242 704 1285 ὁ
732 1242 927 1297 βασιλεὺς
949 1243 1180 1286 ἀπέστειλεν
1203 1244 1259 1293 εἰς
1279 1242 1354 1297 τὴν
1377 1243 1486 1285 ἰδίαν
1507 1241 1665 1298 χώραν,
1681 1248 1725 1286 15

177 1312 445 1370 ὗῑτοσχομὲνῳ
463 1311 682 1370 φυλάττειν
700 1313 753 1354 τὰ
769 1310 978 1366 Ῥωμαϊκὰ
996 1315 1064 1355 καὶ
1086 1311 1158 1381 τὴν
1178 1310 1400 1368 Βοσπόρου
1418 1310 1549 1362 πόλιν,
1579 1310 1671 1365 ἥτις

129 1386 160 1422 D
185 1381 315 1433 οὕτως
339 1379 498 1437 ἐκλήθη
522 1381 603 1423 ἀπὸ
623 1386 696 1424 τοῦ
714 1385 842 1424 τελεῖν
854 1379 1072 1436 Ῥωμαίοις
1095 1381 1191 1424 κατ’
1222 1381 1311 1432 ἔτος
1333 1382 1422 1424 ἀντὶ
1444 1379 1671 1436 χρημάτων

179 1450 306 1508 βόας,
342 1451 528 1494 ἀπαιτεῖν
549 1450 686 1501 δὲτὰς
703 1452 932 1501 συντελείας
953 1454 1034 1494 τῶν
1054 1455 1182 1505 βοῶν.
1235 1450 1431 1493 ἀπελθὼν
1456 1451 1500 1492 δὲ
1524 1452 1578 1500 εἰς
1598 1449 1672 1504 τὴν

181 1524 294 1565 ἰδίαν
314 1519 459 1578 χώραν
482 1517 705 1576 διηγήσατο
726 1524 785 1578 τῷ
806 1521 895 1578 ἰδίῳ
916 1519 1084 1578 ἀδελφῷ
1104 1520 1178 1575 τὴν
1196 1524 1271 1563 τοῦ
1288 1520 1490 1574 βασιλέως
1511 1517 1673 1575 ἀγάπην

183 1593 253 1634 καὶ
281 1590 531 1648 φιλοτιμίαν,
568 1591 636 1632 καὶ
662 1588 724 1632 ὅτι
743 1589 996 1646 Χριστιανὸς
1024 1590 1183 1646 γέγονε,
1221 1590 1438 1646 συνέτριψε
1468 1589 1512 1631 δὲ
1540 1587 1732 1657 πάνταξο

182 1661 236 1704 τὰ
258 1664 339 1702 τῶν
365 1657 532 1702 Οῧννων
552 1657 784 1713 ἰνδάλματα
803 1661 871 1701 καὶ
890 1657 1123 1712 ἓχώνευσεν.
1187 1659 1252 1701 ἐπὶ
1273 1658 1404 1716 τούτῳ
1418 1656 1675 1713 χολώσαντες

187 1729 226 1772 οἳ
249 1722 397 1771 Οὗννοι
428 1728 533 1783 μετὰ
561 1730 628 1770 καὶ
657 1733 730 1771 τοῦ
761 1728 944 1785 ἀδελφοῦ
979 1727 1106 1786 αὐτοῦ
1126 1732 1201 1770 τοῦ
1220 1729 1428 1786 Μοαγίρα
1449 1726 1675 1785 ἐφόνευσαν

189 1795 330 1850 αὐτόν,
378 1799 446 1839 καὶ
469 1797 662 1851 ἐποίησαν
684 1796 788 1853 ῥῆγα
811 1796 881 1839 τὸν
902 1797 1146 1854 Μοαγέραν.
1215 1795 1407 1847 ἐλθόντες
1436 1797 1482 1838 δὲ
1510 1799 1566 1847 εἰς
1594 1795 1676 1839 Βό-

188 1883 344 1925 σπορον
369 1865 606 1909 ἀπέκτειναν
635 1865 707 1908 τὸν
739 1869 954 1923 τριβοῦνον
976 1866 1224 1921 Δαλματίας
1251 1868 1320 1909 καὶ
1349 1865 1446 1917 τοὺς
1472 1864 1676 1924 στρατιώ-

282 1975 421 2011 Eodem
453 1987 545 2010 anno
578 1975 761 2011 coniunxit
792 1987 832 2011 se
855 1975 1024 2011 Romanis
1055 1974 1165 2010 vidua
1187 1976 1359 2021 quaedam
1382 1976 1529 2022 mulier,
1566 1977 1611 2011 de
1636 1988 1679 2012 ea

188 2023 397 2059 Hunnorum
420 2022 565 2057 natione
590 2023 653 2068 qui
671 2022 802 2058 Saberi
824 2023 1005 2058 dicuntur:
1031 2034 1157 2056 nomen
1177 2023 1212 2057 ei
1233 2022 1304 2057 fuit
1326 2024 1476 2059 Bareza.
1523 2023 1681 2058 habebat

191 2082 309 2107 secum
340 2069 548 2104 Hunnorum
583 2070 741 2115 100000,
779 2074 815 2104 et
848 2073 1014 2114 praeerat
1035 2069 1222 2104 Hunnicae
1254 2069 1387 2104 dicioni
1418 2074 1501 2116 post
1533 2075 1682 2105 mortem

190 2116 309 2152 mariti
332 2115 500 2150 Malachi.
550 2115 722 2150 elicuerat
748 2127 812 2150 rex
834 2116 1022 2151 Persarum
1054 2116 1143 2150 duos
1176 2115 1263 2150 alios
1294 2116 1502 2152 Hunnorum
1529 2116 1682 2152 interio-

190 2175 269 2199 rum
293 2161 457 2208 regulos,
489 2162 676 2208 Styracem
701 2166 737 2196 et
762 2162 908 2208 Gloem,
945 2167 985 2197 ut
1008 2161 1079 2197 sibi
1101 2161 1130 2196 ii
1153 2167 1276 2197 contra
1298 2164 1475 2198 Romanos
1497 2175 1537 2198 su
1566 2164 1682 2210 petias

192 2210 343 2245 ferrent.
390 2209 455 2243 sed
477 2208 636 2253 Bareza,
673 2219 750 2243 cum
774 2207 802 2242 ii
826 2220 891 2255 per
911 2209 1024 2255 ipsius
1048 2208 1229 2253 regionem
1253 2210 1300 2243 20
1322 2209 1416 2244 milia
1439 2209 1477 2244 in
1498 2209 1682 2245 Persidem

191 2256 383 2299 ducerent,
409 2254 601 2290 exercitum
626 2266 746 2289 eorum
769 2255 914 2299 delevit,
941 2268 983 2290 ac
1007 2255 1100 2289 Gloii
1123 2255 1161 2289 in
1186 2266 1304 2301 pugna
1326 2255 1461 2300 occiso,
1492 2256 1682 2300 styracem

190 2303 348 2337 vinctum
377 2302 582 2347 imperatori
614 2301 745 2347 Cpolin
776 2301 985 2337 transmisit.
1038 2301 1120 2348 ipsa
1145 2313 1270 2348 pacem
1301 2307 1338 2337 et
1366 2303 1572 2338 societatem
1605 2314 1682 2339 cum

191 2348 389 2384 Iustiniana
413 2347 655 2383 conservavit.
1433 2344 1473 2366 ‘⁸⁶³
1658 2342 1669 2361 ¹

285 2395 423 2430 Eodem
447 2401 538 2429 anno
559 2394 703 2429 Gordus
717 2421 728 2440 ,
764 2394 868 2430 etiam
891 2395 1034 2441 regulus
1057 2394 1267 2429 Hunnorum
1290 2394 1451 2442 Bosporo
1473 2394 1685 2440 vicinorum,

194 2439 365 2477 Romanis
389 2453 469 2476 sese
492 2441 655 2476 adiunxit
679 2446 715 2475 et
737 2441 852 2476 factus
878 2447 934 2476 est
958 2441 1203 2484 Christianus3
1227 2452 1374 2486 cumque
1397 2442 1501 2476 fidem
1527 2442 1685 2477 dedisset

197 2500 237 2523 se
274 2488 444 2523 Romanis
478 2489 586 2523 rebus
626 2487 804 2523 addictum
836 2488 915 2522 fore
947 2489 1142 2535 urbemque
1176 2488 1328 2533 Bospori
1361 2488 1615 2524 custoditurum
1648 2492 1686 2523 et

197 2535 303 2570 boum
320 2534 714 2570 tributum'*exacturum
739 2535 842 2579 (nam
865 2534 947 2569 urbi
965 2534 1126 2581 Bosporo
1150 2534 1234 2568 inde
1256 2546 1382 2569 nomen
1406 2540 1478 2579 est,
1511 2536 1605 2581 quod
1627 2535 1685 2569 in-

199 2580 300 2615 colae
323 2581 491 2616 Romanis
514 2581 592 2615 loco
613 2581 787 2626 pecuniae
810 2581 1000 2627 quotan‘nis
1025 2583 1136 2617 boves
1160 2582 1321 2625 dabant),
1347 2581 1530 2626 magnifice
1549 2582 1593 2615 ab
1615 2580 1684 2616 im-

198 2632 368 2673 peratore
398 2628 548 2662 donatus
580 2627 789 2673 domumque
818 2628 983 2662 dimissus
1017 2633 1083 2664 est.
1132 2639 1297 2663 reversus
1331 2628 1468 2662 domum
1491 2628 1597 2662 fratri
1619 2639 1684 2662 suo

200 2673 425 2719 imperatoris
449 2673 699 2709 humanitatem
715 2674 1045 2720 liberalitatemque,
1071 2678 1106 2709 et
1126 2686 1166 2708 se
1190 2673 1429 2709 Christianum
1451 2675 1582 2709 factum
1606 2686 1686 2708 esse

204 2720 387 2764 exposuit3
413 2725 519 2766 atque
544 2720 638 2756 idem
662 2721 778 2755 omnia
796 2721 1007 2756 'Hunnorum
1030 2721 1215 2756 simulacra
1238 2721 1415 2766 confregit
1439 2727 1475 2755 et
1486 2715 1683 2756 ‘conflavit-

203 2776 281 2800 eam
305 2768 350 2801 ob
374 2779 447 2802 rem
470 2767 592 2801 Hunni
614 2767 711 2811 irati,
736 2778 884 2812 cumque
907 2767 962 2801 his
986 2768 1174 2814 Moageras
1199 2766 1274 2801 eius
1298 2767 1422 2811 frater,
1445 2767 1599 2801 Gordam
1619 2778 1685 2801 ne-

204 2817 376 2847 caverunt
399 2818 435 2847 et
458 2825 605 2858 regnum
619 2813 822 2859 ¹Moagerae
842 2814 1078 2860 tradiderunt,
1113 2826 1154 2848 ac
1174 2813 1370 2859 Bosporum
1394 2813 1548 2859 profecti
1570 2812 1685 2847 tribu-

203 2868 286 2893 num
306 2858 502 2901 Dalmatiae
525 2864 562 2896 et
583 2860 714 2897 milites
735 2860 1005 2897 interfecerunt.
1055 2861 1160 2908 'quod
1181 2859 1244 2896 ubi
1265 2860 1483 2897 lastinianus
1506 2858 1686 2906 cognovit,

973 2916 991 2937 4
