1742 3184
186 154 284 204 324
571 165 573 168 '
656 154 912 201 GEORGH
940 153 1185 200 GEDRENI

168 269 405 331 ’ἀρξάμενοι
432 271 506 327 μὲν
537 267 617 314 ἀπὸ
636 274 711 325 τῆς
727 269 833 315 κατὰ
856 268 1033 327 Δαρεῖόν
1051 265 1308 321 ἀνανεώσεως
1322 268 1547 327 τοῦἶεροῦ,
1579 265 1655 325 -λή-

187 345 328 394 ξαντες
347 340 474 384 δὲ’ἒπὶ
489 338 696 398 (Υρκανόν
720 340 791 384 τὸν
809 339 998 396 ἀρχιερέα
1006 371 1021 391 ,
1061 337 1106 390 ὃς
1125 338 1196 382 διὰ
1217 339 1264 382 τὸ
1283 336 1482 392 ὗποτοῖξαι
1497 336 1657 395 ’Υρκα-

187 412 283 462 νοῦς
303 408 433 461 οὕτως
449 408 691 465 ὠνομάσθη.
759 407 827 464 ἴτη
848 406 941 465 υπγ’
960 407 1012 451 τὰ
1039 407 1191 463 μεταξὺ
1214 405 1392 460 τούτων,
1427 405 1560 451 ὅπόσα
1588 408 1656 450 καὶ

187 479 214 537 ἦ
237 483 310 524 τοῦ
326 479 488 534 Δανιὴλ
509 477 737 537 προφητεία
762 478 942 530 θεσπίζει
967 476 1139 533 λέγουσα
1168 474 1266 519 ακαὶ
1287 474 1423 534 γνώσῃ
1445 478 1514 520 καὶ
1533 473 1658 531 συνή-

188 567 272 600 σεις
293 548 373 592 ἀπὸ
395 546 534 599 ἐξόδου
561 546 691 603 λόγων
711 551 783 589 τοῦ
815 546 1089 604 ἀποκριθῆναι
1114 547 1182 588 καὶ
1203 549 1277 589 τοῦ
1298 547 1564 602 οἰκοδομῆσαι
1585 544 1691 600 τὴνό

183 608 495 675 Ἰερουσαλήμ,
519 616 594 666 ἕως
610 619 783 674 χριστοῦ
801 614 1040 671 ἡγουμένου,
1075 613 1311 670 ἑβδομάδας
1332 613 1434 658 ἔπτὰ
1453 616 1521 657 καὶ
1540 612 1662 669 ἕβδο-

187 685 327 744 μάδας
344 685 451 740 ξβ’.”
521 679 642 728 αὗται
668 685 711 727 αἶ
733 681 800 735 ἔθ’
823 682 1050 739 ἕβδομάδες
1071 688 1355 742 συμπληροῦσι
1369 681 1545 742 χρόνους
1564 684 1664 726 ἐτῶν

189 754 282 813 υπγ’
293 788 306 808 ,
334 753 466 798 ὁπόσα
485 751 554 809 ἴτη
578 751 766 810 τυγχάνει
784 757 857 809 τῆς
877 753 1007 810 ἀρχῆς
1026 758 1107 797 τῶν
1123 757 1302 810 χριστῶν
1325 751 1571 809 ἡγουμένων,
1607 745 1664 795 ὧν

191 829 419 868 τελευταῖον
433 828 506 867 τοῦ
519 821 533 838 ‘
544 826 730 881 Υρκανοῦ
747 820 827 866 ὗπὸ
849 821 1042 880 Πάρθων
1060 823 1459 878 αἰχμαλωτισθέντος
1471 819 1665 879 ιΗρώδης

137 899 170 936 D
196 892 217 937 ὁ
235 891 517 950 ’Λντιπάτρου
535 893 609 948 τὴν
627 893 836 947 βασιλείαν
856 895 936 935 τῶν
953 891 1192 944 Ἰουδαίων,
1231 892 1358 948 μηδὲν
1376 889 1663 950 προσήκουσαν
1677 892 1721 929 10

193 962 305 1022 αὐτῷ
314 994 328 1014 ,
363 959 442 1004 ὑπὸ
461 960 707 1018 Αὐγούστου
731 963 799 1005 καὶ
825 965 898 1016 τῆς
918 958 1143 1018 συγκλήτου
1158 959 1367 1016 Ῥωμαίων
1387 958 1668 1018 παραλαμβά-

192 1049 274 1084 νει,
309 1029 479 1074 κᾶπειτα
507 1031 546 1073 οἱ
575 1028 722 1086 τούτου,
749 1031 889 1081 παῖδες
918 1030 1034 1087 μέχρι
1065 1035 1137 1085 τῆς
1165 1028 1344 1086 ὑστάτης
1367 1027 1667 1087 Ἱεροσολύμων

194 1100 440 1157 πολιορκίας.
510 1093 628 1150 οὗτος
645 1099 691 1141 δὲ
712 1092 762 1154 ἦν
772 1097 965 1157 ζΗρώδης
980 1097 1002 1142 ὅ
1016 1097 1298 1157 Ἀντιπάτρου
1315 1103 1387 1142 τοῦ
1404 1098 1668 1142 Ἀσκαλωνί-

194 1187 269 1213 του
289 1175 385 1219 παῖς
403 1170 470 1212 καὶ
495 1169 651 1226 μητρὸς
669 1166 881 1225 Κύπριδος
895 1167 1171 1226 Ἀραβίσσης.
1239 1167 1344 1211 καθ’
1370 1167 1415 1210 ὃν
1437 1168 1579 1225 καιρὸν
1598 1171 1671 1222 τῆς

196 1241 383 1297 Χριστοῦ
412 1235 632 1294 γεννήσεως
655 1235 954 1293 πλησιαζούσης
984 1235 1010 1292 ἦ
1045 1237 1089 1280 ἐκ
1111 1235 1317 1296 προγόνων
1338 1237 1510 1292 διαδοχὴ
1532 1236 1669 1295 ἇρχιε-
1683 1238 1725 1275 15

198 1305 360 1367 ρωσύνη
386 1324 427 1349 τε
455 1308 523 1349 καὶ
556 1306 669 1363 ἀρχὴ
692 1310 772 1350 τῶν
799 1307 1017 1349 Ἰουδαίων
1042 1304 1274 1363 κατελύθη,
1309 1305 1673 1365 συμπληρουμένης

197 1381 273 1433 τῆς
291 1376 541 1434 προφητείας
557 1373 727 1430 Ἰακώβ.

330 1443 451 1500 Ἑξῆς
481 1445 527 1488 δὲ
560 1442 581 1488 ὃ
611 1443 773 1500 Δανιὴλ
805 1441 1051 1502 προφητεύει
1078 1442 1203 1500 λέγων
1227 1440 1327 1486 ακαὶ
1355 1442 1460 1499 μετὰ
1488 1442 1564 1493 τὰς
1582 1438 1674 1496 ἑξή-

199 1530 322 1558 κοντα
352 1513 425 1558 δύο
445 1511 689 1570 ιἑβδομάδας
721 1511 1117 1572 ἐξολοθρευθήσεται
1142 1519 1319 1569 χρῖσμα,
1363 1514 1431 1554 καὶ
1450 1513 1576 1570 κρίμα
1601 1511 1674 1552 οὐκ

202 1581 314 1626 ἕσται
336 1583 377 1626 ἔν
398 1581 530 1641 αὐτῷ,
565 1584 633 1625 καὶ
647 1582 696 1625 ’τὸ
718 1582 824 1638 ἱερὸν
846 1583 914 1624 καὶ
934 1582 979 1625 τὸ
1002 1581 1114 1637 ἅγιον
1135 1583 1360 1639 διαφθερεῖ
1379 1580 1478 1631 λαὸς
1499 1579 1674 1637 ἧγουμέ-
1685 1588 1732 1624 20

201 1669 274 1695 νου
300 1651 543 1709 ἐρχομένου,
576 1652 645 1693 καὶ
671 1648 917 1705 κοπήσονται
944 1650 986 1692 ἐν
1015 1653 1290 1708 κατακλυσμῷ
1320 1650 1535 1705 πολέμου.”
1607 1650 1674 1691 καὶ

61 1735 92 1772 P
115 1732 182 1772 185
205 1718 297 1776 ἑξῆς
324 1720 429 1778 φησί
446 1717 547 1762 «καὶ
572 1719 636 1762 ἐπὶ
666 1719 712 1762 τὸ
745 1718 850 1776 ἱερὸν
873 1720 1085 1775 βδέλυγμα
1105 1722 1180 1774 τῆς
1208 1717 1474 1777 ἐρημώσεως,
1508 1720 1575 1761 καὶ
1602 1718 1677 1768 ἕως

204 1789 433 1839 συντελείας
460 1792 605 1847 καιροῦ
637 1788 842 1831 συντέλεια
862 1786 1085 1843 δοθήσεται
1109 1789 1199 1845 περὶ
1219 1787 1292 1844 τὴν
1311 1786 1559 1846 ἓρήμωσιν.”
1630 1786 1676 1830 τό

206 1859 252 1903 δὲ
272 1855 706 1916 ἓξολοθρευθήσεσθαι
723 1863 881 1916 χρῖσμα
898 1859 966 1901 καὶ
991 1857 1117 1916 κρίμα
1140 1856 1200 1913 μὴ
1225 1855 1325 1901 εἶναι
1343 1858 1386 1900 ἐν
1406 1857 1520 1916 αὐτῷ
1541 1854 1614 1912 τήν
1634 1872 1677 1898 τε

204 2058 311 2096 ‘Darii
334 2070 444 2106 opera
466 2059 598 2106 templo
622 2069 734 2106 usque
756 2058 803 2095 ad
825 2056 1030 2104 Hyrcanum
1055 2060 1199 2102 (nomen
1216 2055 1298 2093 huic
1322 2068 1345 2093 a
1367 2056 1524 2094 subactis
1540 2056 1683 2102 Hyrca-

208 2106 265 2142 nis
287 2106 379 2151 fuit)
413 2118 478 2152 per
501 2118 611 2141 annos
633 2107 723 2151 483,
757 2117 845 2151 quos
875 2105 980 2140 etiam
1002 2103 1142 2139 Danieli
1172 2104 1350 2140 oraculum
1371 2103 1551 2150 exprimit.
1596 2100 1683 2137 “co-

208 2164 359 2198 gnosces
383 2156 420 2188 et
441 2153 617 2199 intelliges
641 2153 686 2187 ab
709 2151 806 2187 exitu
826 2151 1017 2196 sermonis,
1053 2151 1149 2197 quod
1171 2151 1349 2186 decretum
1369 2151 1434 2185 fiet
1457 2156 1494 2186 et
1515 2149 1683 2185 aedifica-

209 2199 308 2235 bitur
329 2199 531 2244 Ierusalem,
555 2210 668 2245 usque
693 2199 738 2234 ad
755 2198 933 2233 Christum
955 2199 1088 2243 ducem,
1112 2197 1329 2243 septimanae
1352 2202 1488 2243 septem
1513 2202 1550 2232 et
1569 2195 1683 2242 septi-

211 2253 334 2281 manae
360 2245 546 2291 sexaginta
568 2245 672 2280 duae.
682 2241 705 2256 '⁹
750 2245 816 2280 hae
842 2244 1056 2290 septimanae
1080 2244 1263 2290 sexaginta
1289 2255 1414 2278 novem
1440 2255 1549 2279 annos
1573 2241 1684 2278 confi-

212 2291 311 2327 ciunt
332 2291 425 2336 4833
448 2292 666 2338 totidemque
688 2303 798 2326 annos
820 2290 1002 2336 imperium
1021 2290 1200 2325 Iudaicum
1218 2302 1327 2336 penes
1346 2294 1471 2325 unctos
1488 2289 1571 2324 fuit.
1596 2300 1685 2334 quo-

212 2349 290 2373 rum
313 2342 509 2385 postremus
524 2339 713 2383 Hyrcanus
732 2349 808 2373 cum
831 2342 927 2372 esset
950 2349 971 2371 a
994 2337 1135 2372 Parthis
1159 2341 1296 2383 captus,
1321 2336 1483 2372 Herodes
1506 2333 1686 2381 Antipatri

212 2383 306 2419 filius
323 2395 467 2429 regnum
483 2385 519 2420 in
534 2385 697 2429 Iudaeos,
723 2383 809 2419 nihil
824 2384 869 2418 ad
885 2395 924 2418 se
943 2384 1137 2430 pertinens,
1164 2385 1207 2418 ab
1226 2383 1384 2428 Augusto
1410 2388 1446 2418 et
1468 2387 1595 2417 senatu
1611 2382 1687 2415 Ro-

213 2441 316 2465 mano
340 2431 497 2478 accepit3
527 2431 636 2477 idque
667 2431 704 2466 in
729 2430 804 2465 eius
827 2430 992 2475 deinceps
1019 2429 1131 2476 stirpe
1154 2440 1266 2474 usque
1290 2430 1335 2464 ad
1360 2428 1532 2463 excidium
1556 2427 1688 2462 Hiero-

214 2476 425 2521 solymorum
450 2477 653 2524 permansit.
699 2476 731 2512 is
755 2488 839 2521 ergo
864 2477 1026 2511 Herodes
1051 2475 1230 2522 Antipatri
1247 2475 1470 2510 Ascalonitae
1492 2474 1585 2509 filius
1609 2473 1689 2517 fuit,

215 2527 326 2557 matre
359 2523 520 2569 Cypride
553 2523 718 2558 Arabica.
777 2534 846 2568 quo
880 2527 1037 2569 tempore
1067 2522 1242 2557 natalibus
1274 2521 1409 2557 Christi
1440 2519 1690 2567 appetentibus

217 2567 426 2622 Iudaeorum
447 2569 486 2605 in
507 2570 741 2607 sacerdotium
765 2575 801 2605 et
822 2580 968 2615 regnum
995 2569 1172 2604 successio
1195 2567 1366 2614 cessavit,
1402 2567 1546 2614 impleto
1569 2565 1691 2601 Iacobi

216 2614 402 2650 vaticinio.
850 2636 854 2639 κ

309 2660 477 2696 Danielus
499 2672 606 2706 porro
637 2661 688 2697 ita
710 2661 885 2708 praedicit
912 2658 1023 2708 “post
1045 2661 1091 2697 62
1113 2659 1327 2707 septimanas
1350 2658 1550 2694 abolebitur
1572 2657 1691 2693 unctio

219 2716 335 2750 neque
360 2708 429 2742 erit
450 2707 638 2751 iudicium
672 2709 907 2754 templumque
937 2715 973 2743 et
1001 2707 1191 2743 sacrarium
1214 2711 1482 2752 corrumpentur
1505 2717 1525 2740 a
1547 2704 1690 2753 populo,

220 2762 297 2785 cum
327 2751 397 2787 dux
423 2754 627 2797 advenerit3
661 2756 923 2801 caedenturque
955 2754 1183 2789 inundatione
1205 2748 1328 2788 belli.''
1375 2752 1428 2787 his
1452 2752 1550 2787 addit
1572 2748 1631 2786 “et
1653 2750 1691 2785 in

218 2796 383 2851 templum
403 2800 634 2836 abominabile
655 2802 833 2836 vastitatis
854 2801 1006 2846 signum.
1056 2806 1092 2835 et
1114 2801 1194 2835 dum
1214 2804 1351 2845 tempus
1374 2797 1578 2845 implebitur
1591 2825 1602 2842 ,
1628 2808 1694 2831 va-

222 2843 337 2878 stitati
367 2847 617 2883 consummatio
652 2845 834 2885 dabitur.'’
878 2848 973 2894 quod
1003 2846 1203 2883 unctionem
1235 2844 1404 2883 abolitum
1433 2845 1479 2881 iri
1510 2855 1625 2890 neque
1656 2842 1694 2876 in
