1742 3184
225 178 324 226 558
699 181 941 228 GEORGII
975 183 1220 230 CEDRENI

222 294 391 353 νόμενος
419 294 591 353 μέτοχός
621 317 663 343 τε
692 300 759 342 καὶ
791 296 1037 353 σύμβουλος.
1108 298 1202 343 ἀλλ’
1234 297 1314 357 ἐγώ
1340 302 1407 344 καὶ
1428 297 1551 343 πάλιν
1572 300 1698 344 αὐτὸν

224 365 394 410 κωλύσω
425 372 507 410 τῶν
535 369 652 426 ἱερῶν
681 370 867 424 ἐπιβῆναι
890 367 1161 427 προθύρων.”
1231 374 1362 413 ταῦτα
1385 368 1697 421 ἀκούσας-Ῥου-

223 443 340 494 φΐνος
370 435 545 492 ἐδήλωσε
578 442 635 496 τῷ
666 442 833 492 βασιλεῖ’
858 439 1024 493 ταχέως.
1094 436 1116 482 ὅ
1150 439 1195 482 δὲ
1220 439 1415 493 βασιλεὺς
1439 439 1544 483 κατὰ
1567 441 1697 496 μέσην

485 505 496 521 Ι
544 505 598 522 ‘G'

217 511 337 549 τοῦτο
367 510 520 561 μαθων
576 507 774 550 απέλθω”
809 509 914 566 φησί
930 505 1028 550 “nai
1060 507 1135 559 τὰς
1165 511 1327 560 δικαίας
1354 510 1521 564 δέξομαι
1548 526 1696 567 παροι-

220 575 354 626 νίας.”
427 574 513 618 εἶτα
540 575 866 633 παραγενόμενος
893 579 948 628 εἷς
973 577 1049 633 τὴν
1074 580 1287 634 ἐκκλησίαν
1306 577 1505 622 ἐδυσώπει
1526 578 1596 621 τὸν
1619 579 1729 636 δερ-5

217 645 357 702 χιερέα
385 649 564 701 λυθῆναι
586 651 659 689 τοῦ
683 648 848 701 δεσμοῦ.
917 649 985 690 καὶ
1010 645 1032 690 ὃ
1053 648 1128 703 μὲν
1150 648 1390 705 τυραννικὴν
1410 647 1599 691 ἀπεκάλει
1622 648 1697 703 τὴν

220 715 469 772 παρουσίαν,
506 717 574 757 καὶ
602 716 707 759 κατὰ
725 720 828 759 θεοῦ
847 717 1086 772 μεμηνέναι·
1122 716 1143 760 ὃ
1165 719 1208 761 δὲ
1226 718 1331 772 μετὰ
1349 716 1698 775 σκυθρωπότητος

221 786 290 827 καὶ
308 788 463 839 πολλῆς
479 784 734 836 κατανύξεως
752 784 831 829 κοὐ
853 785 1190 843 θρασυνόμενος”
1220 788 1299 845 ἔφη
1317 784 1453 829 “nato“
1473 792 1555 830 τῶν
1573 785 1697 842 ἁγίων

220 851 423 906 κανόνων,
460 853 565 896 ἀλλὰ
595 857 721 898 λῦσαί
736 874 789 910 με
809 860 890 899 τῶν
912 858 1071 911 δεσμῶν
1092 856 1278 908 ἀξιώσων
1299 855 1531 911 ἐλήλυθα.”
1597 854 1697 898 “nal

73 930 104 966 P
126 932 194 967 319
218 923 370 965 ποίαν”
407 925 512 982 φησί
536 922 785 979 ατμετάνοιαν
819 925 973 977 ἔδειξας
998 925 1102 981 μετὰ
1126 927 1384 984 παρανομίαν
1406 922 1633 980 τοσαύτην;
1668 924 1695 980 ἢ
1710 932 1742 968 1(

218 994 350 1043 ποίοις
382 991 619 1051 φαρμάκοις
653 994 774 1046 ἀξίως
805 994 1085 1052 ἐθεράπευσας
1119 996 1172 1039 τὰ
1205 997 1380 1040 δυσίατα
1403 994 1694 1051 ’τραύματα;”

219 1065 287 1105 καὶ
323 1060 343 1105 ὅ
378 1064 573 1117 βασιλεὺς
597 1062 702 1108 “obv
735 1064 851 1121 ἔργον
884 1066 966 1108 ἐστὶ
997 1065 1043 1108 τὸ
1076 1068 1208 1117 δεῖξαι
1236 1066 1311 1119 μὲν
1345 1065 1413 1107 καὶ
1445 1061 1615 1118 κεράσαι
1646 1062 1696 1106 τὰ

220 1130 423 1190 φάρμακα
436 1165 448 1184 ,
485 1133 583 1187 ἐμὸν
602 1135 645 1176 δὲ
666 1134 711 1176 τὸ
735 1135 978 1185 ὸ“ε”ξασθαι.”
1050 1133 1140 1178 τότε
1159 1134 1300 1177 λοιπὸν
1314 1130 1577 1189 Ἀμβρόσιος
1596 1132 1699 1188 λέγει

213 1199 381 1256 “ἐπειδὴ
405 1206 462 1260 τῷ
485 1206 613 1260 θυμῷ
635 1203 681 1246 τὸ
702 1202 875 1254 δικάζειν
899 1201 1143 1260 ἐπιτρέπεις,
1178 1199 1342 1258 γράψον
1364 1200 1490 1255 νόμον
1513 1205 1588 1243 τοῦ
1616 1205 1698 1244 3·v-

217 1275 301 1326 μοῦ
324 1270 399 1321 τὰς
421 1269 595 1327 ψήφους
619 1271 748 1327 ἀργὰς
770 1276 990 1323 ποιοῦντα,
1026 1273 1092 1313 καὶ
1127 1269 1285 1329 ἡμέρας
1314 1268 1351 1312 λ’
1382 1271 1426 1313 αἱ
1458 1271 1626 1328 φονικαί
1652 1287 1696 1313 τε
1710 1280 1742 1315 1Ε

212 1342 288 1383 ’καὶ
318 1341 554 1395 δημευτικαὶ
583 1341 813 1395 μενέτωσαν
841 1339 1008 1397 γνώσεις
1032 1341 1074 1383 ἐν
1097 1339 1310 1397 γράμμασι
1320 1372 1333 1393 ,
1368 1340 1443 1395 τὴν
1465 1344 1540 1382 τοῖ’
1564 1339 1699 1396 ὀρθοῦ

217 1413 416 1467 λογισμοῦ
443 1407 701 1464 ἐκδεχόμεναι
731 1411 905 1467 κρι’σιν.”
980 1409 1025 1453 ὃν
1060 1410 1188 1460 εὐθὺς
1220 1414 1294 1453 τοῦ
1325 1410 1529 1465 βασιλέως
1561 1406 1699 1452 κελεύ-

219 1497 367 1530 σαντος
399 1484 608 1536 γραφῆναι
640 1482 707 1522 καὶ
741 1480 809 1522 διὰ
833 1485 906 1536 τῆς
929 1481 1077 1530 οἰκείας
1095 1479 1233 1537 χειρὸς
1251 1477 1581 1534 βεβαιώσαντος,
1616 1478 1699 1520 διέ-

165 1555 196 1590 Β
222 1552 316 1593 λυσε
350 1547 421 1592 τὸν
453 1549 602 1604 δεσμὸν
626 1549 892 1606 Ἀμβρόσιος
918 1551 985 1592 καὶ
1015 1552 1211 1593 εἰσελθεῖν
1233 1549 1357 1592 αὐτὸν
1377 1549 1419 1591 ἐν
1438 1553 1486 1605 τῇ
1506 1549 1698 1607 ἐκκλησίᾳ

217 1619 449 1676 ἐπέτρεψεν.
518 1617 540 1660 ὃ
579 1619 624 1660 δὲ
660 1618 879 1671 εἰσελθών,
916 1620 1071 1675 πρηνὴς
1097 1619 1163 1661 ἐπ’
1199 1617 1380 1676 ἐδάφους
1402 1616 1559 1670 πεσών,
1595 1616 1697 1670 ἐβόα
1707 1621 1742 1658 2(

214 1689 319 1744 μετὰ
349 1691 529 1744 κραυγῆς
552 1685 787 1744 αἐκολλήθη
809 1692 868 1747 τῷ
888 1687 1074 1745 ἐδάφειῆ
1096 1687 1214 1743 ψυχή
1232 1702 1336 1742 μου·
1373 1686 1494 1743 ζῆσόν
1515 1704 1568 1741 με
1592 1687 1699 1729 κατὰ

215 1758 286 1800 τὸν
309 1755 430 1812 λόγον
453 1773 553 1808 σου,
588 1756 748 1813 κύριε.”
821 1760 889 1799 καὶ
913 1765 1003 1808 ταῖς
1019 1759 1136 1814 χερσὶ
1160 1757 1234 1807 τὰς
1258 1758 1400 1813 τρίχας
1423 1760 1498 1811 τῆς
1518 1760 1700 1813 κεφαλῆς

217 1825 367 1878 ἴτιλλε,
402 1825 478 1876 τὰς
500 1824 617 1881 ὄψεις
637 1826 779 1869 ἔτυπτε
789 1858 803 1879 ,
839 1828 907 1869 καὶ
929 1826 1003 1882 τὴν
1022 1831 1097 1883 γῆν
1115 1833 1200 1877 τοῖς
1218 1825 1418 1884 δάκρυσιν
1437 1824 1576 1883 ἴβρεχε
1587 1858 1601 1878 ,
1631 1827 1700 1868 καὶ

217 1962 295 1994 stae
324 1957 443 1993 caedis
474 1957 592 1993 socius
616 1970 657 1993 ac
683 1969 807 1993 suasor
829 1957 943 1993 fuisti.
993 1961 1029 1992 et
1058 1958 1198 2003 quidem
1226 1970 1293 2004 ego
1318 1958 1433 1993 denuo
1454 1956 1701 2004 imperatorem

216 2005 354 2040 foribus
389 2005 513 2051 templi
545 2001 779 2050 prohibebo.’'
840 2005 928 2039 haec
963 2004 1083 2039 audita
1117 2005 1280 2040 celeriter
1312 2005 1460 2039 Rufinus
1494 2004 1701 2062 imperatori

216 2051 407 2088 nuntiavit.
455 2052 648 2097 imperator
670 2051 785 2086 media
807 2051 876 2086 iam
899 2051 959 2086 via
976 2052 1140 2086 confecta
1157 2052 1314 2086 nuntium
1333 2051 1524 2097 accipiens,
1559 2047 1701 2086 ‘adibo”

215 2098 352 2144 inquit,
388 2094 624 2144 “meritasque
656 2099 829 2145 perferam
860 2095 1127 2133 contumelias.''
1172 2104 1211 2133 ut
1242 2100 1278 2133 in
1308 2098 1474 2143 templum
1496 2097 1616 2141 venit,
1654 2098 1699 2132 ab

218 2145 388 2192 episcopo
420 2144 587 2179 maiorem
612 2145 648 2179 in
673 2146 808 2180 modum
833 2145 1011 2190 flagitavit
1033 2151 1072 2179 ut
1094 2157 1133 2179 se
1159 2145 1309 2180 vinculis
1339 2145 1516 2190 solveret,
1548 2144 1700 2179 Ambro-

218 2193 293 2226 sius
326 2203 412 2226 vero
445 2191 668 2237 tyrannicum
692 2204 771 2227 esse
795 2192 886 2226 hunc
909 2192 1096 2226 adventum
1123 2197 1160 2226 et
1180 2191 1428 2237 imperatorem
1449 2196 1574 2225 contra
1597 2191 1701 2225 deum

217 2238 337 2273 furere
365 2237 468 2272 dixit.
518 2239 582 2273 sed
603 2238 828 2274 Theodosius
852 2239 954 2285 gravi
978 2237 1157 2272 moestitia
1181 2251 1222 2273 ac
1245 2238 1366 2273 dolore
1390 2238 1507 2272 cordis
1530 2247 1699 2283 compun-

215 2290 314 2330 ctus,
338 2285 556 2330 respondere
580 2296 650 2319 non
672 2298 712 2321 se
735 2285 846 2320 sacris
869 2285 1060 2320 canonibus
1086 2285 1254 2319 ferociter
1272 2283 1493 2331 repugnandi
1510 2295 1617 2318 causa
1635 2283 1700 2318 ad-

217 2343 313 2375 esse,
339 2331 402 2365 sed
425 2331 671 2366 liberationem
694 2331 911 2366 vinculorum
930 2332 1165 2376 efflagitandi.
1209 2331 1448 2375 interrogatus
1468 2331 1511 2364 ab
1532 2330 1700 2376 episcopo

215 2389 319 2423 quam
344 2383 426 2423 post
447 2382 581 2412 tantum
604 2378 741 2413 facinus
768 2378 1048 2424 resipiscentiam
1072 2380 1365 2422 demonstrasset,
1387 2376 1562 2422 quibusve
1585 2387 1700 2410 reme·

216 2424 285 2459 diis
309 2429 434 2459 sanatu
458 2423 620 2459 difficilia
641 2424 712 2459 ista
735 2425 880 2459 vulnera
901 2430 1146 2471 procurasset,
1182 2421 1302 2459 “tuum
1326 2421 1402 2458 est’'
1428 2422 1543 2469 inquit
1564 2418 1701 2457 “medi-

216 2476 378 2506 camenta
400 2470 531 2505 docere
555 2477 662 2516 atque
686 2477 906 2518 temperare,
942 2482 1052 2505 meum
1084 2471 1257 2517 imperata
1286 2465 1443 2505 facere.”
1490 2469 1542 2503 ibi
1565 2468 1702 2503 demum

215 2517 420 2552 Ambrosius
443 2517 493 2552 ait
514 2514 701 2563 “quoniam
725 2517 762 2551 in
786 2517 972 2552 iudicando
994 2518 1082 2552 iram
1108 2530 1145 2552 es
1168 2523 1328 2561 secutus,
1356 2516 1468 2562 legem
1493 2527 1585 2550 nunc
1610 2527 1702 2562 pone

216 2574 308 2608 quae
340 2563 418 2598 irae
448 2564 592 2599 decreta
620 2565 819 2608 rescindat,
852 2570 891 2599 ut
918 2564 1116 2599 sententiae
1139 2564 1308 2610 capitales
1332 2568 1370 2597 et
1392 2564 1437 2597 de
1461 2562 1703 2608 publicatione

214 2610 386 2644 bonorum
409 2611 628 2655 perscriptae
652 2611 911 2669 suspendantur
936 2623 999 2657 per
1021 2611 1170 2655 triginta
1193 2611 1288 2655 dies,
1323 2609 1403 2644 dum
1433 2614 1534 2643 recta
1563 2607 1703 2642 ratione

217 2656 437 2691 examinatae
461 2656 735 2692 diiudicentur.'
783 2669 858 2692 cum
889 2657 1001 2702 legem
1037 2669 1113 2692 eam
1142 2657 1261 2692 statim
1293 2655 1446 2691 dictaret
1476 2654 1701 2690 Theodosius

221 2706 258 2735 et
289 2714 351 2736 sua
382 2714 484 2738 manu
515 2703 747 2749 subscriptam
783 2704 1028 2749 confirmaret,
1073 2703 1276 2739 Ambrosius
1311 2702 1452 2737 vinculo
1487 2712 1565 2735 eum
1593 2700 1703 2735 solvit

218 2758 414 2793 passusque
437 2755 492 2784 est
513 2750 551 2784 in
575 2750 738 2796 templum
762 2750 911 2786 intrare.
959 2751 1184 2785 Theodosius
1215 2750 1396 2794 ingressus
1420 2758 1551 2794 pronus
1574 2747 1611 2781 in
1635 2758 1701 2792 pa-

218 2793 409 2829 vimentum
441 2797 649 2842 procubuit,
685 2797 826 2842 altaque
860 2809 950 2832 voce
982 2797 1146 2832 clamavit
1177 2796 1325 2841 (Psalm.
1352 2797 1436 2839 118)
1459 2791 1600 2828 “anima
1622 2805 1702 2828 mea

218 2838 293 2874 solo
318 2840 428 2875 affixa
452 2847 525 2877 est:
566 2843 713 2878 vivifica
736 2855 791 2879 me
813 2844 952 2879 domine
977 2843 1335 2879 secundum'verbum
1359 2837 1495 2876 tuum.''
1541 2839 1717 2881 manibus¹

217 2896 360 2932 quoque
380 2887 496 2923 crines
520 2889 646 2937 capitis
670 2889 806 2936 evellit,
841 2891 967 2927 faciem
988 2890 1107 2937 feriit,
1141 2895 1271 2926 terram
1294 2887 1451 2925 lacrimis
1474 2885 1702 2931 humectavit,
