1742 3184
385 166 784 214 HISTORIARUM
817 167 1212 213 COMPENDIUM.
1444 169 1542 216 505

66 291 189 343 τιμῆς
213 303 262 330 τε·
286 286 356 330 καὶ
384 286 541 344 δωρεᾶς
569 282 771 338 ἀξιώσας,
806 283 975 329 ἕκαστον
1006 281 1268 341 παρηγγύησε
1298 288 1543 340 καταλαβεῖν

65 357 140 412 τὴν
161 357 269 398 ἰδίαν
291 356 476 411 ποίμνην.
508 353 687 399 ἐτύπωσε
709 355 753 398 δὲ
772 356 840 398 καὶ
856 354 903 398 τὸ
923 353 1038 411 ἅγιον
1055 351 1195 409 πάσχα
1214 352 1416 411 ἑορτάζειν
1434 353 1544 411 ἡμᾶς

66 425 171 468 κατὰ
198 425 273 480 τὴν
301 429 374 468 νῦν
403 429 635 483 κρατοῦσαν
666 423 910 481 συνήθειαν·
952 424 1056 476 τινὲς
1074 422 1154 482 γὰρ
1174 427 1256 467 τῶν
1274 422 1416 484 πρῴην
1439 425 1542 468 κατὰ
1566 434 1597 470 C

64 495 139 550 τὴν
158 492 210 537 ιδ’
231 498 306 549 τῆς
327 493 498 550 σελήνης
517 492 733 551 ἑώρταζον.

31 569 53 605 5
201 563 330 607 Μετὰ
352 564 400 606 δέ
413 581 506 607 τινα
519 562 671 621 χρόνον
688 561 767 607 ὖπὸ
787 567 861 619 τῆς
876 561 1089 620 θυγατρὸς
1105 561 1232 607 αὖτοῦ
1250 564 1541 615 Κωνσταντιάς

62 634 344 690 παρακληθεὶς
372 632 494 688 ἀνῆκε
520 633 591 676 τὸν
614 632 770 690 ’Ἀρειον
798 633 879 685 ἀπὸ
910 637 984 687 τῆς
1003 633 1162 690 ἓξορίας
1183 631 1240 684 ὥς
1261 635 1390 689 δῆθεν
1412 651 1540 689 μετα-

60 701 279 758 νοήσαντα.
348 696 398 744 οὗ
419 704 764 759 παραγενομένου,
799 705 866 746 καὶ
897 703 1175 760 ἐρωτηθέντος
1203 701 1282 746 ὑπὸ
1313 708 1388 746 τοῦ
1415 708 1540 757 βασι-

60 772 162 823 λέως
187 773 222 815 εἶ
247 777 406 826 στοιχεῖ
425 778 510 823 τοῖς
539 771 651 830 ὅροις
677 774 745 814 καὶ
767 777 818 830 τῇ
835 773 994 815 ἐκθέσει
1015 776 1089 827 τῆς
1107 773 1148 814 ἓν
1169 773 1324 831 Νικαιά
1347 771 1536 825 συνόδου,

58 841 252 898 παρευθὺ
283 842 482 884 κατέθετο
505 840 706 885 πιστεύειν
729 840 870 892 οὕτως.
942 839 962 884 ὃ
986 842 1030 884 δὲ
1050 840 1278 896 θαυμάσας
1300 841 1420 899 ὅρκον
1439 841 1538 898 ἐπή-

2 920 49 956 10
59 928 169 967 νεγκε
188 911 248 966 μὴ
271 917 436 969 φρονεῖν
456 913 616 954 ἐναντία
638 916 689 968 τῇ
711 910 892 969 συνόδῳ·
921 912 987 953 καὶ
1007 916 1127 954 τοῦτο
1149 910 1322 966 ποιήσας
1342 912 1539 954 ἀπέλυσεν

57 980 182 1023 αὐτὸν
213 979 384 1038 εἰρηκὼς
413 980 525 1038 αὐτῷ
561 979 628 1023 “ei
654 982 727 1035 μέν
761 979 870 1038 ὀρθή
900 979 974 1023 σού
1005 982 1112 1023 ἔστιν
1141 979 1167 1036 ἦ
1201 982 1356 1033 πίστις,
1401 984 1538 1032 καλῶς

55 1049 247 1104 ὤμοσας·
294 1052 330 1093 εἰ
353 1050 398 1092 δὲ
428 1049 582 1104 ἀσεβὴς
603 1052 671 1093 καὶ
693 1051 1014 1107 διεστραμμένη,
1050 1051 1181 1107 κρίναι
1211 1049 1351 1107 κύριος
1383 1048 1404 1093 ὅ
1439 1050 1538 1100 θεὸς

53 1119 110 1162 τὰ
129 1117 235 1162 κατά
266 1136 313 1163 σε
343 1123 513 1162 θᾶττον.
523 1118 550 1135 '³
623 1117 753 1176 ταύτῃ
782 1136 846 1162 τοι
870 1121 938 1162 καὶ
961 1119 1032 1162 τὸν
1056 1120 1183 1176 μέγαν
1204 1118 1455 1163 Ἀθανάσιον
1479 1122 1536 1170 εἰς

53 1189 265 1231 κοινωνίαν
293 1188 417 1232 αὐτὸν
445 1189 650 1239 δέξασθαι
680 1188 1002 1246 παρεκελεύσατο
1032 1186 1088 1239 ὥς
1115 1187 1184 1232 ἅτε
1209 1187 1531 1245 μετανοήσαντα.
1554 1198 1588 1233 D

0 1265 40 1301 15
53 1261 127 1301 τοῦ
145 1259 190 1300 δὲ
207 1257 267 1313 μὴ
288 1258 613 1312 καταδεχομένου
622 1290 636 1309 ,
672 1257 939 1313 γινώσκοντος
958 1259 1140 1316 ἀκριβῶς
1158 1259 1231 1313 τὴν
1253 1258 1409 1314 Ἀρείου
1435 1260 1537 1301 δυσ-

50 1329 244 1384 τροπίαν,
297 1329 463 1385 ἐξορίζει
485 1331 559 1369 τοῦ
579 1325 737 1385 θρόνου
758 1327 829 1370 τὸν
850 1325 987 1383 ἅγιον,
1022 1326 1243 1378 πιστεύσας
1261 1330 1327 1370 καὶ
1350 1327 1426 1378 τὰς
1444 1328 1531 1370 κατ’

50 1397 178 1439 αὐτοῦ
207 1397 424 1452 γενομένας
450 1393 530 1438 ὑπὸ
562 1397 886 1453 τῶν·Ἀρειανῶν
914 1398 1134 1454 λοιδορίας.
1204 1399 1271 1439 καὶ
1296 1396 1343 1440 οὗ
1360 1396 1533 1451 θαῦμα·

48 1464 246 1516 πολλάκις
283 1465 365 1524 γὰρ
396 1467 465 1508 καὶ
500 1469 609 1508 θεῖοι
644 1464 788 1523 ἄνδρες
820 1465 926 1508 κατά
959 1484 1079 1508 τινων
1119 1466 1296 1520 εὐσεβῶν
1335 1466 1534 1520 διαβολὴν

48 1536 225 1592 ἀκρίτως
261 1532 602 1591 παραδεξάμενοι·
627 1533 948 1592 παρετράπησαν
983 1540 1057 1591 τῆς
1093 1536 1291 1591 ἀληθείας
1328 1538 1396 1578 καὶ
1436 1536 1533 1586 τοὺς

0 1605 226 1659 ἰΟεῦσεβεῖς
246 1602 524 1661 παρέβλαψάν
544 1606 677 1646 τεκαὶ
697 1604 1002 1661 παρελύπησαν,
1040 1604 1176 1662 ὥσπερ
1209 1601 1280 1648 οὖν
1309 1607 1376 1647 καὶ
1408 1603 1430 1646 ὃ
1455 1609 1533 1647 θε-

46 1675 212 1725 σπέσιος
229 1674 372 1728 Δαβὶδ
391 1674 665 1728 ἐξαπατηθεὶς
681 1672 760 1716 ὑπὸ
782 1678 855 1716 τοῦ
873 1675 1029 1717 οἰκέτου
1051 1673 1161 1728 Σιβά
1173 1706 1186 1725 ,
1222 1675 1328 1717 κατὰ
1354 1679 1429 1717 τοῦ
1463 1676 1532 1716 δε-

44 1741 198 1787 σπότου
225 1744 516 1802 Μεμφιβοσθὲ
548 1745 903 1800 ψευδηγοροῦντος
942 1742 999 1794 ὥς
1040 1743 1102 1786 ὅτι
1140 1743 1193 1786 τὰ
1225 1748 1299 1787 τοῦ
1329 1742 1528 1800 τυράννου

40 1812 299 1868 Ἀβεσαλώμ
322 1819 486 1871 φρονεῖ,
522 1817 666 1856 τοῦτον
688 1808 933 1871 παρέβλαψε
957 1814 1024 1855 καὶ
1052 1816 1134 1855 τῶν
1156 1815 1270 1855 ἰδίων
1299 1811 1529 1869 ἀποστερή-

43 1900 122 1934 σας
139 1887 197 1943 τῷ
222 1883 354 1941 οἰκέτῃ
378 1880 726 1941 προσεκλήρωσεν.
797 1882 898 1927 ὅθεν
909 1882 994 1941 χρὴ
1014 1882 1119 1938 μετὰ
1142 1887 1296 1938 πολλῆς
1317 1882 1527 1941 ἀκριβείας
1549 1891 1580 1926 P
1601 1892 1670 1928 289

40 2038 106 2072 bus
130 2049 172 2072 ac
196 2037 298 2072 donis
318 2040 528 2084 prosecutus
552 2037 597 2072 ad
619 2049 719 2073 suum
741 2036 897 2083 singulos
921 2048 1063 2083 gregem
1088 2036 1206 2072 redire
1224 2036 1341 2071 iussit.
1391 2036 1525 2072 consti-

41 2083 112 2118 tuit
135 2083 238 2118 etiam
262 2090 302 2119 ut
325 2096 460 2119 sacrum
487 2085 617 2129 pascha
642 2097 696 2129 eo,
721 2096 790 2129 quo
815 2097 908 2119 nunc
930 2090 1110 2130 receptum
1136 2090 1214 2128 est,
1238 2084 1339 2117 modo
1364 2083 1524 2118 celebra-

40 2137 156 2166 retur:
181 2136 263 2164 ante
288 2132 380 2165 enim
404 2131 543 2176 quidam
568 2131 612 2165 14
637 2131 719 2165 luna
743 2131 779 2166 id
799 2133 966 2176 agebant.

133 2176 325 2222 Aliquanto
350 2183 430 2224 post
454 2183 632 2222 tempore,
669 2188 774 2211 suasu
799 2177 1030 2212 Constantine
1064 2175 1159 2210 filiae
1194 2187 1301 2220 suae,
1335 2175 1455 2210 Arium
1482 2177 1528 2211 ab

40 2222 165 2258 exsilio
191 2224 328 2258 domum
354 2224 474 2258 redire
499 2235 622 2269 passus
647 2229 712 2267 est,
737 2224 931 2270 resipuisse
957 2234 1034 2262 eum
1057 2229 1198 2267 putans,
1232 2222 1337 2256 Arius
1362 2234 1527 2257 reversus

39 2271 84 2305 ab
110 2270 328 2315 imperatore
361 2276 415 2304 est
447 2270 686 2314 interrogatus
711 2282 803 2304 anne
826 2271 969 2305 decreto
995 2275 1032 2303 et
1056 2268 1270 2314 expositioni
1296 2268 1434 2302 concilii
1456 2269 1526 2303 Ni-

37 2316 137 2350 caeni
163 2322 288 2352 staret.
338 2317 529 2361 statimque
561 2317 627 2350 hoc
659 2315 719 2351 ille
750 2317 952 2351 affirmavit.
1001 2315 1095 2360 quod
1119 2315 1310 2349 admiratus
1332 2315 1526 2360 imperator

34 2363 233 2398 iuramento
257 2363 432 2406 adactum,
457 2375 526 2397 non
551 2362 739 2398 dissentire
763 2365 807 2398 ab
832 2376 874 2398 eo
899 2362 1061 2406 concilio,
1087 2362 1230 2405 dimisit,
1255 2361 1308 2395 ita
1330 2362 1425 2396 fatus
1448 2358 1526 2395 “si-

35 2409 178 2454 quidem
200 2416 299 2446 recta
325 2415 380 2444 est
403 2410 492 2444 fides
518 2415 592 2453 tua,
617 2410 709 2443 bene
731 2410 874 2444 iurasti:
903 2410 958 2443 sin
983 2408 1092 2453 impia
1117 2414 1154 2442 et
1178 2419 1370 2453 perversa,
1394 2408 1524 2442 celeri-

34 2461 91 2490 ter
114 2455 150 2489 in
175 2461 212 2490 te
233 2458 319 2491 deus
342 2452 513 2492 statuat.”
560 2456 709 2501 proinde
731 2457 985 2491 Constantinus
1008 2467 1028 2488 a
1051 2466 1175 2499 magno
1201 2454 1305 2488 etiam
1326 2454 1523 2489 Athanasio

34 2501 231 2548 postulavit
255 2509 294 2538 ut
317 2514 395 2537 eum
420 2501 530 2536 veluti
555 2502 616 2547 qui
639 2501 850 2548 resipuisset
874 2502 1075 2547 reciperet3
1113 2506 1150 2535 et
1174 2512 1250 2535 cum
1281 2501 1316 2535 id
1342 2504 1525 2536 recusaret

36 2548 170 2594 quippe
193 2549 270 2583 Arii
300 2549 571 2594 perversitatem
602 2549 841 2594 perspiciens,
877 2550 980 2583 fidem
1015 2547 1185 2582 adhibens
1217 2546 1425 2582 Arianorum
1460 2559 1522 2582 ca-

34 2595 188 2638 lumniis,
213 2595 340 2640 quibus
361 2595 592 2630 Athanasium
609 2595 838 2641 impetebant,
861 2596 1067 2640 episcopatu
1087 2593 1206 2628 eiecit.
1255 2604 1370 2638 neque
1393 2594 1431 2629 id
1454 2594 1521 2628 mi-

34 2653 111 2676 rum
134 2642 215 2675 fuitz
264 2653 374 2687 saepe
402 2642 492 2676 enim
525 2641 630 2675 etiam
656 2641 779 2676 «divini
803 2642 984 2684 homines,
1019 2639 1207 2674 calumnias
1230 2640 1299 2686 piis
1324 2640 1520 2685 intentatas

32 2699 74 2723 re
98 2697 169 2722 non
193 2687 378 2734 explorata
399 2688 647 2732 admittentes,
681 2692 719 2723 a·
734 2700 821 2723 vero
859 2689 1114 2722 aberraverunt
1141 2686 1290 2732 piosque
1312 2686 1451 2722 iniuriis
1476 2699 1518 2722 ac

33 2734 169 2769 damnis
194 2736 401 2769 affecerunt.
450 2735 622 2780 quomodo
648 2734 754 2769 etiam
777 2733 919 2769 divinus
943 2734 1046 2768 homo
1069 2733 1230 2767 Davidus
1253 2743 1276 2767 a
1298 2745 1403 2769 servo
1429 2732 1518 2768 Siba

32 2780 226 2827 deceptus,
260 2781 322 2826 qui
353 2781 443 2816 falso
468 2780 787 2826 Memphibosthum
814 2781 988 2814 dominum
1021 2790 1120 2814 suum
1152 2780 1336 2814 deferebat
1359 2779 1460 2825 quasi
1483 2780 1516 2815 is

30 2827 210 2861 Absalomi
232 2827 393 2874 partibus
416 2840 458 2863 se
478 2827 687 2871 addixisset,
710 2826 897 2862 facultates
919 2826 1060 2862 domino
1083 2825 1215 2861 iniuste
1241 2825 1373 2872 eripuit
1390 2838 1516 2862 servo-

31 2884 102 2919 que
124 2874 358 2921 mancipavit.
405 2886 517 2921 quare
547 2879 691 2921 oportet
717 2885 845 2920 magua
867 2884 944 2912 cum
968 2873 1166 2909 attentione
1191 2871 1299 2909 animi
1321 2877 1428 2920 atque
1450 2873 1514 2908 de-
