1742 3184
195 186 295 234 518
679 183 921 231 GEORG11
953 181 1203 228 GEDRENI

195 305 264 348 καὶ
294 301 366 346 τὸν
395 298 527 361 φόρον
551 298 680 346 {amas
698 297 803 357 μετά
823 316 868 357 γε
887 302 972 343 τῶν
992 294 1068 342 δύο
1088 293 1278 354 μεγάλων
1298 293 1508 352 ἐμβόλων,
1544 297 1612 340 καὶ
1637 295 1679 340 ἓν

196 373 308 431 αὐτῷ
338 377 396 431 τῷ
429 370 546 430 φόρῳ
577 373 692 414 κίονα
720 369 947 426 μονόλιθον
977 370 1046 411 καὶ
1077 365 1366 425 ὁλοπόρφυρον
1394 366 1587 422 ἴστησεν,
1634 367 1679 410 ἐκ

189 441 351 498 Ῥώμης
379 439 566 499 ἀγαγών,
599 437 777 495 ἐκδήσας
807 437 932 482 αὐτὸν
952 437 1022 480 διὰ
1037 441 1206 494 χαλκῶν
1225 438 1360 490 ζωνῶν
1375 435 1679 494 γεγραμμένων.

195 511 392 569 ἱδρύσατο
425 511 469 554 δὲ
499 507 632 552 ἐπάνω
661 509 790 552 αὐτοῦ’
822 505 1047 568 ἀνδριάντα
1076 507 1142 549 ἐπ’
1176 505 1347 562 ὀνόματι
1375 507 1526 558 αὐτοῦ,
1570 506 1613 548 ἐν
1644 499 1679 564 ᾧ

52 590 82 625 Ρ
103 591 173 627 296
194 582 416 640 γέγραπται
443 577 829 629 “vaawvrfuogss'
899 576 1085 633 ἔλαμψεν
1113 574 1229 631 ἡλίου
1260 578 1396 632 δίκην,
1433 574 1478 626 ὃς
1495 570 1546 630 ἦν
1563 574 1712 633 ἴργονό

195 652 270 707 μὲν
304 650 492 701 Φειδίου,
527 647 642 703 ἤχθη
674 649 718 691 δὲ
747 649 790 699 ἐξ
813 647 1014 702 Ἀθηνῶν.
1083 648 1150 689 καὶ
1174 646 1249 697 τὰς
1269 644 1371 688 ἔπτὰ
1390 646 1593 702 σπυρίδας
1612 646 1683 687 καὶ

195 720 293 772 τοὺς
315 718 370 774 ιβ’
391 719 595 777 κοφίνους,
623 719 665 760 ἓν
683 716 745 769 οἷς
764 716 950 775 Χριστὸς
971 714 992 760 ὃ
1013 715 1116 767 θεὸς
1136 714 1253 771 ἡμῶν
1273 712 1681 772 ἔθαυματούργησεν,

194 789 276 844 ὑπὸ
301 790 374 844 τὴν
395 786 519 843 βάσιν
542 791 615 830 τοῦ
637 788 770 839 κίονος
791 786 926 831 ἔθετο.
996 787 1065 828 καὶ
1092 785 1145 829 τὰ
1175 787 1353 841 λείψανα
1382 787 1426 828 δὲ
1452 789 1533 828 τῶν
1557 782 1682 841 ἁγίων

196 857 436 903 ἀποστόλων
453 858 609 901 Λουκᾶ
630 858 697 900 καὶ
721 856 937 914 Τιμοθέου
957 857 1024 898 καὶ
1034 855 1226 914 Ἀνδρέου
1252 855 1322 898 διὰ
1341 859 1414 898 τοῦ
1435 852 1551 911 ἇγίου
1570 851 1683 912 μάρ-

194 946 319 986 τυρος
339 928 551 985 Ἀρτεμιόυ
576 927 618 970 ἐν
638 931 689 984 τῇ
709 925 822 970 πόλει
844 924 1045 982 εῗσήγαγε.
1694 928 1740 965 10

337 1001 412 1055 Τῷ
443 994 504 1048 κς’
537 997 605 1038 καὶ
634 995 694 1049 κζ’
721 995 798 1039 ἔτει
831 996 958 1039 αὐτοῦ
984 995 1059 1050 τὴν
1081 992 1186 1036 κατὰ
1207 995 1290 1035 τῶν
1311 989 1490 1035 εῗδώλων
1512 993 1579 1035 καὶ
1602 996 1684 1035 τῶν

194 1071 305 1110 ναῶν
340 1066 475 1109 αὐτῶν
507 1064 730 1109 κατάλυσιν
760 1065 954 1117 ἐπέτεινε,
989 1064 1065 1114 τὰς
1084 1064 1128 1106 δὲ
1149 1061 1335 1113 εἰσόδους
1354 1062 1490 1105 αὐτῶν
1507 1069 1597 1112 ταῖς
1618 1063 1686 1104 ε’κ-

195 1138 381 1192 κλησίαις
410 1139 486 1179 τοῦ
513 1139 618 1178 θεοῦ
645 1134 838 1194 ἐκύρωσε.
903 1132 994 1179 τότε
1016 1135 1084 1176 καὶ
1104 1131 1131 1189 ἡ
1154 1133 1197 1175 ἐν
1216 1132 1474 1192 Νικομηδειά
1491 1130 1686 1188 βασιλικὴ

195 1208 294 1264 πυρὶ
317 1206 419 1263 θείῳ
441 1205 641 1262 ἓφλέχθη.

338 1279 413 1333 Τῷ
438 1272 501 1330 κη’
526 1274 605 1317 ἔτει
630 1271 758 1316 αὖτοῦ
779 1270 800 1316 ὃ
825 1269 1029 1327 δυσσεβὴς
1046 1268 1205 1327 Ἄρειος
1230 1265 1466 1327 ἐπιπλάστῳ
1491 1269 1686 1330 μετανοίᾳ
1699 1277 1742 1314 15

146 1351 178 1388 Β
201 1345 269 1387 καὶ
302 1342 439 1400 λόγοις
468 1343 695 1399 ἀπατηλοῖς
719 1342 822 1398 μετὰ
847 1341 922 1397 τὴν
949 1341 1192 1398 καθαίρεσιν
1213 1339 1340 1381 αὐτοῦ
1360 1338 1690 1395 καταγοητεύσας

199 1413 276 1465 τὰς
310 1413 439 1464 ἀκοὰς
470 1417 546 1457 τοῦ
578 1409 858 1469 γαληνοτάτου
892 1410 1096 1465 βασιλέως
1107 1441 1120 1462 ,
1155 1410 1223 1451 καὶ
1255 1407 1330 1452 δύο
1358 1410 1502 1463 βιβλία
1533 1409 1689 1464 λαβών,

197 1483 245 1527 τὸ
279 1483 355 1538 μὲν
383 1480 428 1525 (ἐν
456 1482 531 1538 τὴν
562 1480 712 1525 ἑαυτοῦ
743 1480 1068 1537 διεστραμμένην
1097 1478 1283 1536 περιέχον
1311 1476 1436 1530 δόξαν
1457 1485 1547 1530 ταῖς
1568 1481 1692 1530 ἲδιάις

197 1554 314 1609 χερσὶ
336 1550 504 1610 γράψας
523 1553 566 1595 ἒν
584 1556 722 1610 κρυφῇ
740 1557 898 1605 κατεῖχε
911 1582 924 1602 ,
957 1550 1003 1593 τὸ
1025 1550 1069 1592 δὲ
1087 1549 1221 1606 ἕτερον
1238 1547 1297 1591 δι’
1323 1548 1541 1606 ἀλλοτρίας
1553 1548 1693 1606 χειρὸς

202 1620 432 1679 ὁμοφώνως
459 1626 512 1678 τῇ
547 1623 588 1664 ἓν
617 1622 773 1680 Νικαι’ᾳ
802 1620 1013 1677 ἓκτεθείσῃ
1046 1620 1176 1662 πίστει
1205 1615 1442 1676 γεγραφώς,
1477 1620 1545 1660 καὶ
1569 1623 1689 1662 τοῦτο
1700 1623 1742 1660 20

201 1691 366 1742 ἐπιδοὺς
384 1695 442 1748 τῷ
460 1694 644 1744 βασιλεῖ,
674 1692 742 1733 καὶ
761 1687 1028 1744 διομνύμενος
1043 1684 1070 1744 ἧ
1088 1688 1172 1743 μὴν
1192 1686 1322 1738 οὕτως
1337 1685 1538 1730 πιστεύειν
1557 1687 1694 1746 ὥσπερ

203 1761 255 1815 δὴ
279 1762 349 1803 καὶ
369 1759 571 1816 ἔγραψεν,
603 1758 710 1802 οὕτω
730 1757 963 1815 συνήρπασε
985 1762 1036 1814 τῇ
1057 1757 1185 1800 αὐτοῦ
1204 1755 1410 1812 δολιότητι
1431 1757 1502 1799 τὸν
1519 1759 1696 1811 βασιλέα

203 1828 311 1875 ὥστε,
342 1832 529 1871 κελεῦσαι
559 1833 705 1871 τοῦτον
736 1827 1026 1885 ἀνυπερθέτως
1054 1824 1134 1868 ὑπὸ
1160 1823 1430 1883 Ἀλεξάνδρου
1457 1831 1530 1869 τοῦ
1555 1826 1695 1884 ἀρχιε-

207 1898 310 1956 ρὲως
335 1900 391 1949 εἷς
412 1899 625 1941 κοινωνίαν
646 1898 710 1940 ἐπὶ
737 1901 811 1953 τῆς
832 1897 1046 1952 ἐκκλησίας
1068 1896 1393 1953 προσδεχθῆναι.
1463 1895 1698 1953 ἀγωνιάσας

204 2017 274 2053 que
297 2006 335 2041 in
357 2006 437 2041 foro
461 2005 654 2041 columnam
676 2005 791 2039 Roma
814 2003 954 2040 allatam
978 2003 1118 2050 posuit,
1155 2015 1225 2038 uno
1248 2003 1362 2039 solido
1385 2003 1506 2051 lapide
1528 2010 1697 2042 constan-

204 2059 299 2098 tem,
323 2053 385 2098 qui
408 2058 506 2088 totus
531 2057 608 2088 erat
629 2062 846 2098 purpureus3
879 2057 987 2097 atque
1013 2063 1088 2085 eam
1113 2052 1228 2085 aereis
1252 2051 1403 2096 cingulis
1426 2052 1539 2087 cinxit
1564 2053 1696 2088 inscri-

231 2099 289 2134 tis.
338 2100 377 2133 in
405 2099 480 2134 eius
506 2105 621 2134 autem
644 2110 777 2133 summo
801 2103 951 2132 statuam
974 2098 1044 2132 sibi
1069 2097 1257 2132 collocavit
1278 2109 1354 2132 cum
1374 2099 1442 2133 hac
1462 2099 1698 2146 inscriptione

218 2142 523 2181 ‘Constantinus.'’
570 2144 748 2191 splenduit
770 2145 856 2179 solis
880 2145 1014 2189 instar,
1050 2156 1139 2191 opus
1162 2144 1232 2178 fuit
1253 2144 1424 2190 Phidiae,
1459 2146 1608 2182 Athenis
1633 2149 1698 2183 ad-

206 2193 360 2227 ductum.
411 2193 456 2227 ad
483 2192 585 2227 basin
609 2191 789 2226 columnae
819 2191 940 2236 posuit
971 2196 1108 2236 septem
1135 2192 1261 2225 corbes
1286 2203 1328 2226 ac
1351 2193 1534 2227 duodecim
1557 2200 1699 2238 sportas

207 2239 346 2274 Christi
367 2239 546 2273 miraculis
570 2239 742 2284 insignes.
790 2237 988 2272 ministerio
1013 2238 1118 2272 etiam
1142 2238 1257 2272 sancti
1279 2238 1446 2284 martyris
1469 2238 1619 2274 Artemii
1639 2253 1699 2276 re-

205 2285 336 2368 liquiflits
371 2286 573 2321 sanctorum
607 2284 849 2333 apostolorum
878 2283 1000 2319 Lucae
1033 2284 1216 2319 Timothei
1249 2290 1286 2320 et
1312 2285 1478 2320 Andreae
1506 2286 1543 2321 in
1577 2289 1700 2324 urbem

208 2339 286 2368 attu
331 2357 341 2367 .

303 2402 349 2436 26
373 2404 410 2436 et
433 2402 479 2438 27
502 2398 603 2435 annis
626 2398 822 2434 simulacris
847 2410 1038 2444 eorumque
1069 2398 1163 2434 fanis
1188 2399 1391 2434 evertendis
1420 2412 1563 2446 operam
1591 2402 1703 2449 dedit,

209 2447 345 2483 reditus
371 2460 491 2483 eorum
513 2447 674 2482 ecclesiis
694 2447 753 2482 dei
775 2446 1015 2493 transcripsit.
1064 2453 1149 2481 tunc
1173 2452 1210 2481 et
1233 2446 1381 2481 basilica
1403 2447 1635 2485 Nicomediae
1658 2451 1705 2486 de

213 2495 309 2530 caelo
330 2499 428 2530 tacta
449 2493 698 2539 conflagravit.

303 2561 406 2597 Anno
439 2564 485 2598 28
518 2562 647 2608 impius
679 2561 787 2597 Arius
819 2560 904 2595 ficta
935 2559 1185 2606 resipiscentia
1209 2572 1251 2595 ac
1273 2560 1457 2596 fallacibus
1481 2563 1706 2600 sermonibus

211 2612 296 2653 post
318 2620 415 2643 suam
440 2610 698 2644 damnationem
731 2620 835 2644 aures
868 2607 1098 2654 placidissimi
1129 2608 1354 2653 imperatoris
1384 2609 1568 2654 demulsit3
1607 2622 1705 2645 sum-

213 2655 357 2699 ptisque
391 2656 527 2691 duobus
564 2656 684 2700 libris,
722 2656 869 2690 alterum
903 2655 966 2699 qui
999 2665 1202 2700 perversam
1226 2654 1337 2699 ipsius
1363 2655 1563 2701 opinionem
1587 2658 1705 2692 conti-

214 2711 301 2734 nens
339 2701 451 2747 ipsius
481 2714 585 2737 manu
618 2703 773 2749 scriptus
805 2706 900 2745 erat,
939 2700 1074 2736 occulte
1097 2712 1215 2735 secum
1240 2701 1382 2746 habuit,
1417 2703 1563 2738 alterum
1587 2703 1705 2740 aliena

213 2757 318 2780 manu
345 2748 513 2794 scriptum
539 2749 584 2783 de
607 2749 785 2784 sententia
807 2747 937 2783 Nicaei
958 2746 1101 2782 concilii
1124 2747 1329 2793 imperatori
1352 2749 1520 2794 tradidit,
1551 2749 1703 2785 iuravit-

215 2804 285 2837 que
318 2804 357 2826 se
392 2794 443 2828 ita
477 2797 609 2830 sentire
644 2797 690 2830 de
724 2795 898 2840 religione
932 2793 1218 2839 quemadmodum
1250 2804 1315 2828 sua
1346 2806 1450 2830 manu
1480 2796 1701 2842 scripsisset.

214 2839 282 2873 hac
315 2839 441 2875 fraude
474 2841 724 2886 imperatorem
759 2842 810 2876 ita
843 2842 929 2876 dece
956 2841 1002 2885 it,
1041 2845 1081 2875 ut
1111 2839 1232 2875 Arium
1263 2840 1411 2876 iusserit
1435 2842 1513 2877 sine
1535 2854 1633 2877 mora
1657 2845 1701 2878 ab

214 2885 414 2921 Alexandro
449 2888 619 2932 pontifice
639 2900 784 2925 xsummo
807 2887 847 2923 in
872 2854 1056 2924 ecclesiam
1090 2886 1219 2933 recipi.
1265 2898 1388 2924 verum
1411 2889 1614 2925 Alexander
1634 2901 1701 2925 an—
