1742 3184
179 140 282 189 660
662 140 908 188 GEORGII
943 141 1190 189 CEDRENI

179 256 248 299 καὶ
274 256 513 312 δυσσεβοῦς.
583 255 722 312 ἀπέχει
753 258 801 300 δὲ
829 259 903 313 τῆς
933 254 970 300 δ’
998 255 1174 301 συνόδου
1205 254 1273 313 ἴτη
1307 255 1388 315 off.
1458 256 1564 302 ἀλλὰ
1597 262 1666 302 καὶ

179 325 284 368 κατὰ
317 331 392 368 τοῦ
423 323 693 384 παράφρονος
717 326 951 383 Ὠριγένους
977 328 1046 369 καὶ
1076 332 1159 370 τῶν
1188 326 1240 370 τὰ
1265 327 1415 371 ἐκείνου
1441 327 1574 384 ἀσεβῆ
1593 326 1666 371 δό-

126 405 157 441 C
182 411 320 452 γματα
345 395 664 450 διαδεξαμένων,
699 394 897 450 Διδύμου
919 400 994 439 τοῦ
1024 396 1104 439 ἀπὸ
1133 393 1330 451 ὀμμάτων
1350 398 1419 440 καὶ
1443 396 1665 454 Εὗαγρίου,

178 468 260 507 τῶν
281 461 409 506 πάλαι
431 461 718 518 ἀκμασάντων,
753 465 823 507 καὶ
851 469 933 508 τῶν
961 466 1208 509 ἐκτεθέντων
1239 466 1344 523 παρ’
1377 466 1516 517 αὐτοῖς
1536 484 1667 522 κεφα-

180 533 321 584 λαίων,
357 534 398 575 ἐν
421 531 484 583 οἷς
507 530 741 590 ε’ληρώδουν
765 531 1042 591 προϋπάρχειν
1070 534 1146 586 τὰς
1174 534 1315 590 ψυχὰς
1342 539 1424 578 τῶν
1450 534 1702 589 σωμάτων,5

181 603 225 653 ἐξ
252 600 498 657 Ἑλληνικῶν
528 599 760 658 ὁρμώμενοι
787 603 1005 660 δογμάτων
1030 603 1104 660 τὴν
1129 603 1447 660 μετεμψύχωσιν
1477 603 1669 656 δυξαζόν-

181 687 276 723 των,
313 672 429 720 τέλος
457 688 498 713 τε
526 675 600 726 τῆς
632 670 862 725 κολάσεως,
896 674 965 716 καὶ
993 674 1045 715 τὰ
1075 671 1250 728 σώματα
1280 671 1399 729 ἡμῶν
1419 673 1478 729 μὴ
1500 673 1671 717 ἀνίστα-

182 744 289 784 σθαι
311 740 364 782 τὰ
385 739 490 782 αὐτὰ
511 741 554 782 ἓν
573 745 625 798 τῇ
646 740 889 794 ἀναστάσει,
934 743 1003 784 καὶ
1022 742 1097 797 τὴν
1121 747 1203 785 τῶν
1225 741 1430 797 δαιμόνων
1451 745 1506 794 εἷς
1526 743 1573 786 τὸ
1593 743 1671 800 ἆρ-

180 815 301 864 χαῒον
321 807 668 862 ἀποκατάστασιν,
703 811 774 854 τὸν
797 812 841 854 δὲ
864 809 1114 869 παράδεισον
1138 811 1489 870 ἀλληγορούντων,
1522 813 1590 854 καὶ
1609 812 1670 867 μὴ

182 882 428 935 γεγενῆσθαι
455 877 559 933 μήτε
590 877 689 921 εἶναι
719 878 799 923 Ιὕπὸ
831 885 905 924 τοῦ
937 885 1041 924 θεοῦ
1070 879 1290 937 αἰσθητόν,
1340 879 1442 937 μήτε
1476 883 1518 924 ἐν
1548 881 1671 938 σαρκὶ
1686 887 1731 924 10

182 951 424 1003 πλασθῆναι
445 947 517 990 τὸν
534 947 679 1004 Ἀδάμ.
730 948 849 992 ἅτινα
873 947 1059 1006 δόγματα
1081 951 1157 1001 ἕως
1169 949 1325 1008 χρόνου
1344 950 1390 993 τὸ
1412 950 1532 993 πλέον
1551 949 1674 1007 ἐκρύ-

183 1033 320 1068 πτετο,
357 1018 414 1067 εἷς
440 1020 604 1072 πλῆθος
631 1019 678 1061 δὲ
704 1017 939 1062 ἐπιδιδόντα
970 1021 1040 1062 καὶ
1067 1019 1245 1070 πολλοὺς
1266 1023 1339 1075 τῆς
1358 1020 1576 1075 ἐκκλησίας
1599 1023 1675 1061 λυ-

131 1091 166 1128 D
188 1085 416 1141 μαινόμενα
456 1091 678 1141 τηνικαῦτα
718 1081 1037 1143 στηλιτευθέντα
1075 1089 1478 1145 ἇνεθεματίσθησαν.
1547 1088 1604 1131 ἔτι
1632 1089 1676 1130 δὲ

184 1156 254 1198 καὶ
286 1155 390 1197 κατὰ
425 1154 646 1212 Θεοδώρου
677 1162 752 1199 τοῦ
780 1156 947 1213 ΖΙΙόψου
979 1156 1137 1210 ἑστίας,
1184 1157 1436 1202 διδασκάλου
1467 1156 1678 1214 γεγονότος

186 1228 262 1266 τοῦ
284 1226 513 1282 Νεστορίου
542 1229 617 1268 τοῦ
639 1225 993 1284 Ἰουδαιόφρονος,
1025 1227 1328 1282 ἀνεθεμάτισαν
1345 1227 1450 1283 μετὰ
1469 1231 1541 1282 τῆς
1561 1231 1676 1283 λεγο-
1691 1233 1734 1270 15

186 1293 312 1357 μένης
331 1292 426 1347 ’Ίβα
454 1296 669 1350 ἐπιστολῆς
698 1297 771 1338 καί
796 1314 917 1339 τινων
938 1295 1273 1354 συγγραμμάτων
1302 1295 1574 1353 Θεοδωρήτου
1605 1300 1679 1338 τοῦ

188 1360 411 1405 ἐπισκόπου
441 1361 610 1421 Κύρου,
656 1366 971 1424 συγγραφέντων
998 1367 1105 1409 κατὰ
1134 1370 1215 1410 τῶν
1245 1365 1301 1421 ιβ’
1337 1367 1570 1426 κεφαλαίων
1605 1369 1682 1408 τοῦ

187 1433 394 1490 μακαρίου
421 1434 647 1490 Κυρίλλου.
1687 1442 1689 1445 ’

330 1500 392 1543 Τὸ
426 1502 471 1544 δὲ
497 1502 672 1560 γράμμα
698 1506 773 1546 τοῦ
803 1503 1007 1558 βασιλέως
1031 1503 1321 1548 ’Ῑουστινιανοῦ
1342 1503 1447 1562 πρὸς
1466 1503 1542 1559 τὴν
1564 1502 1681 1560 ἁγίαν

189 1567 363 1613 σῦνοδον
384 1571 557 1629 περιέχει
577 1571 709 1625 οὕτως
730 1570 853 1630 ι(περὶ
868 1573 943 1627 μὲν
965 1568 1036 1616 οὖν
1051 1573 1284 1631 Ὠριγὲνους
1306 1576 1373 1617 καὶ
1394 1578 1474 1617 τῶν
1488 1571 1679 1630 ὁμοφρό-
1690 1583 1739 1619 20

189 1656 270 1682 νων
299 1639 426 1682 αὐτοῦ
460 1642 618 1697 σπουδὴ
651 1642 810 1698 γέγονεν
830 1640 942 1697 ἡμῖν,
979 1644 1046 1684 καὶ
1082 1641 1190 1686 ἔστιν
1222 1642 1431 1701 ἀτάραχον
1459 1643 1533 1698 τὴν
1563 1641 1682 1699 ἁγίαν

190 1712 266 1751 τοῦ
283 1712 388 1751 θεοῦ
406 1711 476 1751 καὶ
493 1710 772 1766 ἀποστολικὴν
789 1712 1004 1766 ἐκκλησίαν
1024 1710 1382 1770 διαφυλάττεσθαι
1402 1714 1571 1764 δίκαιον,
1612 1714 1683 1754 καὶ

44 1785 76 1820 P
101 1784 170 1822 377
193 1777 245 1821 τοὶ
276 1774 765 1837 ὃπωσοῦν·ἄναφυόμενα
791 1784 843 1838 τῇ
870 1778 1087 1841 ὄρθοδόξῳ
1108 1782 1239 1826 πίστει
1259 1782 1420 1825 ἐναντία
1443 1779 1683 1836 κατακρίνε-

288 1909 336 1945 14
357 1907 481 1956 κατὰ]
506 1907 554 1945 τὰ
566 1909 585 1945 ‚⁷

195 2025 298 2062 annis
326 2025 406 2061 111.
456 2027 535 2061 acta
565 2025 670 2062 etiam
703 2038 763 2062 res
796 2030 853 2063 est
883 2031 1006 2064 contra
1030 2028 1238 2064 vaecordem
1265 2028 1457 2076 Origenem
1482 2033 1519 2066 et
1539 2041 1600 2066 eos
1625 2030 1688 2076 qui

195 2072 325 2117 impias
350 2072 426 2106 eius
451 2072 636 2118 opiniones
661 2076 910 2119 sectabantur;
935 2087 1083 2121 quorum
1106 2077 1175 2111 fuit
1193 2077 1366 2122 Didymus
1390 2089 1516 2112 caecus
1536 2083 1571 2112 et
1585 2078 1689 2112 Eva-

196 2119 317 2164 grius,
353 2119 414 2163 qui
437 2118 566 2154 dudum
589 2120 785 2156 floruerant
806 2133 848 2156 ac
872 2122 1026 2168 capitula
1049 2134 1113 2157 sua
1138 2123 1334 2159 ediderant.
1383 2124 1421 2158 in
1447 2124 1502 2159 his
1527 2125 1687 2159 Graeca-

195 2176 274 2200 rum
301 2165 505 2211 opinionum
531 2178 617 2201 ansa
641 2171 808 2213 arrepta,
846 2169 973 2214 quibus
1005 2169 1196 2204 animarum
1230 2169 1267 2204 in
1292 2170 1371 2218 alia,
1383 2176 1491 2216 atque
1514 2170 1584 2205 alia
1608 2182 1690 2204 cor-

194 2222 286 2258 pora
300 2211 472 2246 transitus
488 2212 645 2257 fingitur,
668 2215 894 2259 nugabantur
918 2215 1051 2250 animas
1075 2215 1284 2262 corporibus
1306 2222 1465 2263 tempore
1487 2229 1567 2252 esse
1589 2217 1688 2263 prio-

195 2269 268 2302 res,
295 2258 400 2292 finem
419 2258 603 2304 suppliciis
622 2260 713 2304 fore,
739 2272 810 2295 non
831 2261 958 2296 iisdem
983 2274 1047 2296 nos
1071 2267 1335 2297 resurrecturos
1359 2263 1581 2309 corporibus,
1603 2263 1690 2297 dae-

195 2315 318 2338 monas
342 2304 381 2339 in
402 2305 578 2350 integrum
601 2306 803 2341 restitutum
829 2308 894 2349 iri;
919 2308 1079 2353 paradisi
1102 2308 1273 2343 vocabulo
1299 2309 1394 2344 aliud
1418 2311 1546 2355 notari,
1572 2321 1691 2355 neque

197 2350 363 2385 sensilem
394 2351 597 2396 paradisum
631 2352 744 2388 fuisse
775 2366 797 2388 a
829 2355 896 2389 deo
932 2355 1134 2399 conditum,
1173 2366 1288 2400 neque
1320 2357 1489 2391 Adamum
1523 2367 1690 2391 carneum

196 2396 312 2431 fuisse
333 2397 500 2432 effictum.
548 2398 616 2432 hae
637 2398 824 2445 opiniones
856 2411 932 2435 cum
963 2401 1179 2447 aliquamdiu
1209 2402 1286 2436 fere
1309 2402 1516 2447 latuissent,
1546 2402 1689 2438 tandem

197 2442 237 2476 in
270 2443 527 2479 multitudinem
561 2451 755 2490 eruperunt
790 2446 987 2492 multosque
1021 2447 1281 2483 ecclesiasticos
1324 2449 1509 2484 vitiarunt.
1568 2448 1691 2493 itaque

198 2493 283 2523 tunc
315 2490 501 2526 damnatae
534 2496 571 2526 et
600 2491 824 2538 proscriptae
856 2499 952 2528 sunt.
1013 2493 1241 2529 Theodorum
1271 2505 1412 2540 quoque
1446 2495 1691 2541 Mopsuestiae

200 2534 429 2582 episcopumq
462 2544 730 2583 praeceptorem
754 2539 916 2574 Nestorii
948 2539 1024 2574 eius
1055 2541 1116 2586 qui
1139 2541 1293 2576 Iudaicis
1318 2542 1497 2577 erroribus
1521 2553 1691 2586 germana

201 2581 336 2626 sensit,
373 2587 410 2617 et
431 2583 516 2618 Ibae
548 2584 735 2630 epistolam
771 2586 1050 2631 damnaverunt,
1087 2592 1125 2621 et
1158 2587 1329 2632 quaedam
1361 2588 1575 2622 Theodoriti
1599 2587 1690 2632 Cyri

202 2627 363 2674 episcopi
385 2630 565 2677 opuscula,
589 2632 791 2678 conscripta
815 2631 988 2668 adversus
1011 2633 1196 2668 duodecim
1220 2634 1376 2679 capitula
1401 2635 1497 2670 beati
1521 2634 1662 2680 Cyrilli.

296 2695 495 2733 Literarum
525 2710 634 2745 porro
659 2700 849 2735 Iustiniani
880 2701 925 2736 ad
957 2701 1143 2736 concilium
1176 2702 1264 2739 haec
1296 2708 1352 2738 est
1382 2704 1574 2738 sententia.
1620 2699 1691 2738 “de

204 2741 362 2787 Origene
388 2750 424 2779 et
444 2745 491 2780 iis
514 2746 576 2791 qui
600 2747 645 2781 ab
669 2746 746 2782 eius
770 2752 854 2782 sunt
877 2753 976 2783 secta
1000 2760 1141 2793 operam
1166 2748 1337 2793 dedimus,
1374 2749 1504 2784 iustum
1528 2761 1607 2784 esse
1630 2749 1692 2783 in-

203 2786 402 2832 telligentes
436 2797 476 2827 ut
505 2798 663 2828 sanctam
694 2792 755 2828 dei
786 2793 1087 2840 apostolicamque
1118 2795 1299 2830 ecclesiam
1333 2807 1353 2830 a
1383 2795 1498 2831 turbis
1530 2807 1689 2831 securam

201 2839 439 2882 praestemus,
486 2843 595 2885 utque
637 2851 681 2875 ea
718 2850 811 2886 quae
851 2851 1072 2888 quocumque
1110 2842 1214 2878 modo
1252 2842 1405 2879 adversa
1442 2846 1565 2879 rectae
1602 2841 1688 2877 fidei
