1742 3184
387 190 785 238 HISTORIARUM
819 193 1210 239 COMPENDHJM.
1438 193 1540 242 367

70 325 212 354 σουσιν
240 307 340 352 αὐτὸ
363 306 434 365 ἴτη
454 305 507 351 v'.
575 308 623 352 τὸ
647 309 690 352 δὲ
712 307 834 361 ἵθνος
857 302 892 368 ᾧ
911 309 982 352 ἐὰν
1002 306 1272 361 ὃουλεῦσωσι,
1308 313 1431 366 κρινῶ
1451 306 1543 366 ε’γιῦ.

69 379 174 434 μετὰ
201 379 246 421 δὲ
271 383 401 422 ταῦτα
430 376 702 429 ἐξελεύσονται
730 373 810 422 ὧδε
834 379 938 434 μετὰ
966 379 1192 434 ἀποσκευῆς
1215 382 1388 433 πολλῆς·
1425 379 1475 422 σὺ
1499 380 1545 422 δὲ

71 446 263 505 ἓπελεύσῃ
295 447 398 505 πρὸς
427 447 523 498 τούς
545 449 724 505 πατέρας
745 465 846 500 σου,
879 448 973 502 μετ’
1000 447 1157 506 εἰρήνης
1177 450 1346 506 τραφεὶς
1369 449 1410 490 ἒν
1431 446 1545 505 γήρει

72 520 198 574 καλῷ.
267 515 438 573 τετάρτῃ
475 517 519 559 δὲ
549 521 663 576 γενεᾷ
684 515 1070 575 ἃποστραφήσονται
1093 511 1207 562 uide?
1277 518 1320 560 τί
1348 518 1417 571 δέ,·
1454 517 1546 571 οἷ’χὶ

37 588 262 640 5Μωϋσῆς
284 587 352 628 καὶ
373 585 413 627 οἱ
436 588 569 627 λοιποὶ
589 591 797 644 προφῆται
821 588 873 629 τὰ
895 585 1169 644 ἁμαρτήματα
1195 591 1269 629 τοῦ
1289 586 1454 643 Ἰσραὴλ
1479 588 1548 629 καὶ

70 654 144 710 τὴν
173 655 384 697 ἀπείθειαν
413 654 542 697 αὐτοῦ
567 654 670 711 πρὸς
693 655 762 698 τὸν
782 656 968 712 Χριστὸν
989 658 1056 698 καὶ
1078 656 1151 711 τὴν
1177 659 1232 707 εἷς
1254 655 1303 698 τὰ
1331 655 1430 711 ἴθτή
1455 657 1549 698 δια-

70 723 230 791 σπορὰν
257 724 382 767 αὐτοῦ
409 721 723 780 προεδήλωσανς
760 726 795 767 εἰ
818 726 861 768 δὲ
883 728 1074 781 Μωῦσῆς
1094 728 1160 767 καὶ
1186 726 1224 768 οἱ
1247 724 1362 767 ἄλλοι
1384 729 1548 783 προφῆ-

70 810 138 835 ται
167 794 210 835 ἓκ
240 796 314 847 τῆς
347 797 420 835 τοῦ
456 796 561 835 θεοῦ
583 792 755 850 χάριτος
788 795 840 837 τὰ
871 795 1071 848 μέλλοντα
1106 795 1423 853 προεγίνωσκον,
1459 799 1548 844 πῶς

72 862 196 913 αὐτὸς
214 859 236 904 ὃ
257 863 299 904 ἐν
318 862 456 912 αὐτοῖς
474 861 656 917 λαλήσας
674 864 774 913 θεὸς
793 863 840 906 οὗ
864 862 1126 920 προγινώσκει
1143 864 1194 906 τὰ
1212 862 1382 917 ἐσόμενα
1393 883 1408 918 ‚-
1445 862 1549 907 ὥστε

18 939 62 975 10
73 926 144 973 οὖν
186 933 447 986 οἰκονομικῶς
489 931 642 988 εἴρηται
674 932 720 974 τὸ
752 931 1013 987 ἐνεθυμήθη,
1061 935 1242 976 τουτέστι
1273 932 1543 988 μετεμελήθη,
1567 937 1601 973 C

40 1024 45 1031 ·
71 1002 140 1044 καὶ
171 1001 217 1043 τὸ
252 1000 438 1055 καταβὰς
463 999 636 1056 ὄψομαι.
706 1004 772 1044 καὶ
798 1003 871 1056 μέν
897 1019 939 1058 γε
966 1002 1011 1044 τὸ
1039 1003 1215 1059 ἓπείραζε
1243 1002 1315 1045 τὸν
1343 1000 1547 1059 Ἀβραάμ,

72 1071 141 1113 καὶ
171 1068 403 1128 ὠσφράνθη
437 1069 598 1126 κύριος,
643 1073 710 1113 καὶ
745 1069 820 1114 ὅσα
852 1075 1047 1123 τοιαῦτα,
1083 1076 1443 1128 συγκαταβατικιῦς
1479 1071 1549 1114 διὰ

71 1139 146 1195 τὴν
174 1138 373 1196 ἡμετέραν
402 1140 619 1182 ἀσθένειαν
640 1142 839 1192 λέλεκται,
876 1142 958 1183 ἐπεὶ
985 1140 1045 1183 ὅτι
1065 1158 1108 1197 γε
1130 1145 1291 1184 θυσιῶν
1312 1141 1386 1183 οὐκ
1411 1141 1549 1198 ὀρέγε-

72 1226 164 1260 ται,
211 1209 281 1251 διὰ
311 1212 384 1251 τοῦ
417 1207 629 1266 προφήτου
655 1210 793 1263 Δαβὶὸ
826 1208 1065 1268 ὗπεμφαίνει
1095 1212 1221 1266 λέγων
1250 1209 1324 1265 ζμὴ
1355 1209 1550 1267 φάγωμαο

21 1285 63 1322 15
75 1278 174 1335 κρέα
204 1277 394 1334 ταύρων,
428 1277 455 1331 ἢ
488 1276 589 1333 αἷμα
617 1278 776 1336 τράγων
806 1278 995 1333 πι’ωμαι.’
1066 1278 1164 1321 ὅθεν
1192 1278 1213 1321 ὅ
1245 1281 1286 1331 ἐξ
1316 1280 1442 1323 αὐτοῦ
1471 1272 1555 1337 πρὸ

74 1351 156 1390 τῶν
188 1345 346 1390 αἰώνων
375 1350 581 1403 γεννηθεὶς
613 1350 678 1390 καὶ
708 1349 774 1390 ἐπ’
800 1347 980 1403 ἐσχάτων
1001 1349 1044 1390 ἔκ
1064 1353 1138 1403 τῆς
1154 1350 1362 1405 παρθένου
1387 1349 1456 1391 διὰ
1477 1348 1553 1403 τὴν

74 1414 274 1474 ἡμετέραν
303 1417 505 1473 σωτηρίαν
534 1419 695 1470 τεχθεὶς
715 1422 844 1460 ταῦτα
867 1419 934 1460 καὶ
956 1417 1008 1459 τὰ
1028 1422 1197 1460 τοιαῦτα
1223 1415 1356 1474 ὥσπερ
1382 1420 1552 1474 διερμη-

74 1483 200 1528 νεύων
231 1492 316 1536 τοῖς
346 1485 579 1541 ἀγνοοῦσιν,
616 1486 677 1529 ὅτι
702 1485 723 1529 ὅ
747 1487 848 1537 θεὸς
871 1489 937 1529 καὶ
962 1487 1096 1543 πατὴρ
1121 1485 1254 1529 πάντα
1274 1485 1553 1543 προγινώσκει,

71 1553 206 1611 ἔλεγεν
234 1552 336 1597 ὀἶδε
371 1556 449 1612 γὰρ
481 1554 502 1597 ὃ
535 1556 669 1612 πατὴρ
701 1554 816 1610 ἡμῶν
849 1554 870 1598 ὃ
902 1555 1090 1613 οὐράνιος
1117 1555 1178 1599 ὅτι
1200 1554 1367 1613 χρῄζετε
1396 1554 1553 1599 τούτων

18 1621 288 1676 audacium,
324 1625 418 1680 πρὶν
448 1624 571 1667 αὐτὸν
605 1627 768 1679 αἰτῆσαι
797 1623 937 1679 ὖμᾶς.’
1011 1627 1077 1667 καὶ
1112 1631 1196 1675 τοῖς
1224 1627 1454 1680 νομίζουσιν
1486 1625 1548 1667 ὅτι
1570 1632 1607 1667 D

73 1693 132 1749 μὴ
154 1691 286 1736 πάντα
308 1693 446 1746 βλέπει
469 1693 621 1751 ἔφασκε
652 1692 944 1750 ζπροσεύχεσθε
969 1694 1011 1736 ἓν
1031 1698 1091 1752 τῷ
1109 1699 1295 1752 κρυπτῷ,
1330 1697 1399 1737 καὶ
1424 1692 1445 1738 ὅ
1470 1712 1552 1736 πα-

74 1762 150 1820 τὴρ
170 1761 287 1817 ιὑμῶν
304 1760 326 1804 ὅ
343 1763 505 1817 βλέπων
523 1765 565 1806 ἓν
583 1768 641 1822 τῷ
661 1768 828 1822 κρυπτῷ
848 1762 1052 1807 ἀποδώσει
1075 1765 1116 1806 ἓν
1135 1767 1194 1821 τῷ
1215 1763 1413 1822 φανερῷ.’
1485 1765 1556 1806 καὶ

74 1838 160 1883 τοῖς
189 1832 384 1888 οἰομένοις
416 1832 540 1875 αὐτὸν
567 1833 625 1889 μὴ
661 1833 823 1890 ἀγαθὸν
861 1831 960 1876 εἶναι
990 1833 1206 1889 ἐπέπληττε
1239 1834 1365 1889 λέγων
1398 1831 1452 1876 ςεἲ
1484 1827 1560 1875 οὖν

75 1963 237 1999 barbaris
268 1962 474 1998 servitutem
506 1975 615 1998 annos
646 1964 728 1999 400.
777 1976 842 2009 ego
868 1967 982 1999 autem
1003 1968 1165 2009 gentem,
1203 1975 1294 2009 quae
1321 1975 1382 1998 eos
1407 1963 1555 1999 servitio

76 2016 233 2056 premet,
257 2009 421 2044 ulciscar.
468 2015 575 2055 atque
595 2016 666 2044 tum
693 2010 760 2045 huc
783 2016 1007 2046 revertentur
1030 2010 1166 2056 magnis
1188 2022 1263 2044 cum
1284 2010 1410 2056 opibus
1429 2016 1558 2055 quarta.

103 2062 159 2091 ost
193 2060 324 2091 aetate.
373 2060 412 2090 tu
446 2061 560 2090 autem
595 2055 733 2102 placida
757 2062 869 2092 morte
901 2069 1010 2091 senex
1036 2057 1080 2091 ad
1105 2056 1254 2091 maiores
1278 2062 1357 2090 tuos
1382 2068 1556 2102 aggrega-

75 2068 210 2138 Eerisss’
257 2102 342 2148 quid
372 2103 514 2137 autem?
554 2114 669 2137 nonne
694 2108 730 2137 et
751 2103 871 2139 Moses
897 2109 933 2138 et
955 2103 1083 2147 reliqui
1111 2108 1211 2137 vates
1244 2107 1389 2148 peccata
1418 2103 1559 2146 Israeli,

78 2149 154 2184 eius
178 2147 477 2193 incredulitatem,
510 2149 606 2184 etin
631 2149 807 2184 Christum
843 2150 1114 2194 contumaciam,
1149 2154 1257 2194 utque
1290 2153 1410 2183 essent
1432 2149 1557 2184 Iudaei

104 2207 144 2230 er
165 2200 291 2240 gentes
309 2194 528 2241 dissipandi,
553 2195 830 2240 praedixerunt?
868 2195 996 2242 quodsi
1020 2196 1138 2230 Moses
1163 2201 1199 2230 et
1221 2194 1350 2240 reliqui
1369 2198 1470 2229 vates
1494 2194 1556 2230 dei

76 2207 169 2276 gono
195 2242 390 2276 futurorum
414 2241 616 2286 cognitione
639 2248 721 2277 sunt
744 2242 931 2286 instructi,
964 2253 1032 2289 quo
1057 2247 1161 2288 pacto
1186 2242 1293 2286 deus,
1318 2241 1379 2286 qui
1395 2252 1467 2298 ‚per
1492 2252 1554 2276 eos

75 2287 215 2323 locutus
238 2294 316 2331 est,
349 2288 470 2322 futura
492 2287 701 2332 ignoraret?
740 2301 847 2335 porro
877 2288 963 2323 illud
998 2285 1262 2322 “consideravit
1285 2283 1394 2332 deus‚'
1441 2287 1478 2322 id
1501 2291 1558 2322 est

76 2334 255 2381 paenituit
277 2345 374 2379 eum,
408 2339 446 2368 et
468 2330 700 2369 “descendam
725 2331 874 2380 visum,”
909 2335 1004 2369 dicta
1035 2339 1117 2369 sunt
1140 2334 1184 2368 ad
1208 2333 1392 2367 humanum
1416 2338 1557 2379 captum

77 2380 350 2416 accommodata.
398 2380 493 2425 quod
525 2381 629 2415 etiam
661 2382 854 2417 tentavisse
883 2381 1115 2416 Abrahamum
1149 2379 1279 2414 dicitur
1312 2385 1348 2414 et
1377 2379 1557 2425 odoratus,

79 2431 115 2462 et
137 2437 229 2471 quae
253 2426 375 2460 horum
398 2431 481 2460 sunt
504 2427 651 2471 similia,
687 2440 730 2462 ea
762 2428 856 2463 dicta
880 2434 962 2462 sunt
995 2433 1138 2461 nostrae
1162 2425 1409 2460 imbecillitatis
1437 2437 1558 2471 causa,

76 2473 200 2508 verbis
229 2472 274 2506 ad
306 2477 453 2506 naturae
485 2479 627 2507 nostrae
659 2485 786 2508 morem
812 2473 1028 2519 compositis.
1078 2484 1156 2506 nam
1181 2472 1355 2506 sacrificia
1378 2484 1400 2507 a
1426 2484 1465 2507 se
1488 2484 1560 2507 non

77 2518 198 2565 expeti
222 2519 309 2553 deus
327 2518 459 2553 Davidi
476 2520 597 2554 verbis
617 2519 667 2554 sic
687 2521 833 2574 exponit
854 2520 1001 2564 (Psalm.
1020 2519 1083 2560 49)
1109 2515 1245 2563 “egone
1269 2523 1308 2552 ut
1331 2530 1456 2553 carnes
1476 2523 1557 2554 tau-

77 2577 195 2601 rorum
226 2565 346 2609 edum,
382 2571 444 2600 aut
473 2566 674 2610 sanguinem
707 2567 883 2601 hircorum
913 2562 1090 2600 bibam?'’
1137 2565 1220 2599 huic
1242 2564 1334 2599 filius
1360 2565 1438 2610 dei,
1474 2570 1559 2600 ante

76 2611 220 2647 saecula
243 2623 288 2646 ex
310 2612 389 2657 ipso
418 2613 559 2657 genitus
594 2618 631 2647 et
659 2612 787 2647 ultimis
818 2612 1034 2658 temporibus
1066 2615 1209 2646 nostrae
1234 2610 1358 2645 salutis
1383 2623 1490 2646 causa
1512 2612 1559 2646 de

78 2657 220 2703 virgine
252 2662 376 2703 natus,
411 2658 501 2693 haec
525 2663 562 2693 et
593 2658 664 2693 alia
694 2659 732 2694 id
757 2671 867 2704 genus
891 2658 1036 2693 rudibus
1067 2658 1169 2703 quasi
1200 2658 1456 2703 interpretatus
1487 2663 1557 2693 est.

79 2705 175 2749 quod
206 2704 294 2739 deus
317 2709 355 2739 et
376 2711 480 2750 pater
506 2704 619 2739 omnia
642 2706 839 2751 praesciat,
869 2705 934 2740 sic.
983 2703 1131 2747 (Matth.
1153 2705 1193 2748 6)
1219 2700 1343 2739 “novit
1366 2710 1469 2750 pater
1491 2716 1558 2739 ve-

79 2756 155 2785 ster
181 2751 344 2786 caelestis
379 2763 444 2786 vos
480 2751 559 2786 istis
592 2752 750 2786 omnibus
781 2752 961 2796 indigere,
1004 2750 1111 2795 idque
1145 2756 1331 2796 antequam
1354 2750 1468 2796 ipsum
1495 2762 1559 2785 ro-

77 2793 209 2841 getis.”
256 2802 293 2831 et
315 2796 377 2853 qui
401 2809 477 2832 eum
502 2810 571 2832 non
598 2798 728 2842 ubique
760 2798 875 2832 omnia
908 2796 1032 2831 videre
1059 2800 1244 2842 putarent,
1280 2809 1322 2831 eo
1357 2799 1560 2832 refutantur

79 2842 226 2885 (Matth.
248 2844 288 2888 7)
317 2840 327 2854 ³
342 2844 534 2890 precamini
557 2845 593 2878 in
618 2844 759 2886 abdito;
783 2850 818 2878 et
841 2849 944 2889 pater
966 2846 1088 2878 vester
1106 2843 1167 2889 qui
1187 2842 1324 2878 occulta
1346 2844 1466 2889 videt,
1490 2855 1559 2877 vo—

79 2888 135 2924 bis
157 2889 282 2925 reddet
305 2889 342 2925 in
364 2888 526 2938 aperto.’'
573 2890 635 2936 qui
657 2901 733 2926 eum
754 2895 920 2937 putarent
942 2901 1012 2924 non
1036 2901 1116 2925 esse
1139 2891 1289 2936 bonum,
1315 2890 1367 2926 sic
1387 2889 1557 2926 refellun-
