1742 3184
187 167 289 229 668
670 173 913 219 Gaonen
947 175 1195 222 CEDRENI

188 284 329 344 ἑτέραν
347 287 422 343 μὲν
440 291 515 331 τοῦ
537 285 727 344 σώματος
747 288 888 348 ἔτι-’ραν
906 291 951 334 δὲ
971 295 1045 348 τῆς
1065 297 1220 350 ψυχῆς.
1240 297 1242 299 ’
1270 293 1356 337 ἀλλ’
1378 294 1435 348 εἷς
1453 297 1496 349 ἐξ
1514 296 1670 355 ἀμφοῖν

187 357 293 400 καθ’
315 358 456 401 ἕνωσιν
479 356 724 416 ἄνθρωπος,
753 361 828 408 ,καὶ
853 359 943 415 οὐχὶ
965 361 1010 404 τὸ
1031 363 1074 405 ἐκ
1097 361 1171 406 δύο
1193 362 1356 422 φύσεων
1378 371 1670 410 συντεθεῖσθαι

187 425 261 469 δύο
282 425 529 486 ἀνθρώπους
548 429 618 470 τὸν
640 429 710 471 ἕνα
731 434 918 472 νοεῖσθαι
937 431 1258 490 παρασκευάζει,
1295 434 1392 477 ἀλλ’
1420 437 1490 479 ἕνα
1508 435 1579 479 τὸν
1598 436 1670 479 ἄνὲ

184 500 357 554 θρωπον
386 498 491 540 κατὰ
525 496 733 550 σύνθεσιν,
778 497 835 550 ὡς
864 499 981 558 ἔφην,
1024 501 1098 558 τὴν
1127 503 1170 545 ἐκ
1197 508 1338 559 ψυχῆς
1366 507 1434 547 καὶ
1466 503 1670 560 σώματος.

184 566 256 617 ἐὰν
276 567 354 625 γὰρ
382 567 585 620 ἀνέλωμεν
615 567 660 610 τὸ
697 567 759 611 ὅτι
789 569 833 611 ἐκ
867 569 941 612 δύο
967 572 1034 613 καὶ
1057 570 1270 630 διαφόρων
1291 572 1454 630 φύσεων
1476 573 1497 617 ὃ
1523 573 1580 626 εἷς
1602 577 1702 620 καὶὸ

183 634 310 691 μόνος
340 638 423 680 ἐστὶ
448 634 654 693 Χριστός,
692 637 975 690 ἀδιάσπαστος
1006 639 1063 683 ὢν
1093 642 1198 696 μετὰ
1219 643 1293 697 τὴν
1315 643 1469 696 ἕνωσιν,
1509 645 1670 701 ἐροῦσιν

185 706 225 749 οἶ
249 707 297 747 δι’
323 707 505 755 ἐναντίας
526 703 581 748 ζεἷ
598 708 673 761 μιά
695 705 820 765 φύσις
836 709 882 751 τὸ
902 707 1011 762 ὅλον,
1041 715 1127 762 πῶς
1147 711 1474 770 ἕνηνθρώπησεν,
1500 712 1526 767 ’ἢ
1550 715 1671 756 ποιάν

133 781 164 817 Β
189 776 296 818 ἰδίαν
317 773 534 830 ἐποιήσατο
558 774 737 833 σάρκα;’
779 777 876 829 τοὺς
899 779 943 821 δὲ
967 780 1156 836 λέγοντας
1185 780 1246 824 ὅτι
1266 786 1410 839 κρᾶσις
1430 782 1457 839 ἢ
1479 782 1672 839 σύγχυσις

185 844 212 900 ἢ
235 844 398 902 φυρμὸς
419 845 569 901 ἐγένετο
597 851 671 888 τοῦ
692 851 797 889 θεοῦ
818 846 942 904 λόγου
961 849 1064 906 πρὸς
1086 849 1160 905 τὴν
1183 849 1343 909 σάρκα,
1379 851 1671 903 καταξιωσάτω

186 930 261 959 σου
286 912 312 969 ἦ
335 915 553 968 θεοσεβεια
575 915 794 973 προδήλως
815 918 1166 974 ε’πιστομιζειν.””
1239 921 1344 976 μετὰ
1365 922 1410 964 δὲ
1431 926 1561 964 ταῦτα
1580 924 1671 965 Κυ-
1684 929 1729 964 10

187 984 328 1041 ρίλλου
365 982 678 1039 τελευτήσαντος
708 984 921 1045 ἐπιφύεται
953 987 1134 1044 μοναχός
1164 1006 1228 1040 τις
1255 992 1324 1032 καὶ
1351 991 1672 1049 ἀρχιμανδρίτης

188 1052 376 1108 Εὗτυχὴς
410 1053 706 1110 ὀνομαζόμενος
715 1088 728 1108 ,
783 1058 851 1098 καὶ
880 1056 1050 1118 ἀποσπᾷ
1081 1057 1251 1102 κατόπιν
1282 1059 1407 1102 αὐτοῦ
1437 1061 1563 1117 μέρος
1598 1061 1672 1103 οὐκ

187 1123 322 1179 ὀλίγον
344 1127 418 1166 τοῦ
441 1127 567 1176 λαοῦ,
615 1130 752 1181 κυρῶν
771 1125 824 1168 τὰ
844 1129 1073 1185 Νεστοριόυ
1094 1129 1162 1171 καὶ
1183 1129 1230 1171 τὸ
1251 1129 1379 1172 αὐτοῦ
1399 1130 1576 1187 πονηρὸν
1598 1127 1673 1172 δό-

185 1209 295 1249 γμα,
339 1191 511 1251 φάσκων
538 1194 598 1249 μὴ
632 1193 732 1237 εἶναι
764 1195 839 1251 τὴν
869 1195 1004 1253 σάρκα
1035 1202 1108 1240 τοῦ
1140 1199 1284 1256 κυρίου
1313 1197 1411 1254 ἡμῖν
1441 1194 1673 1254 ὃμοσῦσιον.

186 1263 255 1305 καὶ
277 1261 327 1317 δὴ
345 1260 468 1304 πάλιν
487 1263 580 1317 μετ’
602 1263 736 1320 ὀλίγον
755 1267 996 1321 διαβολικῆς
1014 1266 1239 1323 ἴσχυσάσης
1255 1269 1394 1326 χειρὸς
1412 1267 1528 1325 ἑτέρα
1550 1268 1728 1312 σύνο-15

186 1333 259 1383 δος
287 1332 328 1374 ἓν
357 1332 518 1390 Ἐφέσῳ
548 1335 746 1391 λῃστρικὴ
777 1337 845 1376 καὶ
878 1335 954 1390 οὐχ
978 1334 1070 1379 ὁσία
1090 1338 1262 1393 γίνεται,
1298 1339 1674 1396 παραπεμφθέντος

185 1401 310 1445 ἒκεῖσε
333 1403 402 1444 καὶ
425 1404 668 1457 Φλαβιανοῦ
693 1405 1163 1457 Κωνσταντινουπόλεως
1174 1439 1186 1459 ,
1235 1408 1310 1463 τὴν
1330 1412 1468 1451 πᾶσαν
1488 1409 1682 1459 ἐξουσίαν·

129 1476 161 1510 C
185 1469 421 1530 Διοσκόρου
438 1468 742 1530 Ἀλεξανδρείας
761 1473 943 1529 ἔχοντος·
978 1477 1046 1518 καὶ
1068 1475 1279 1533 φονεύεται
1297 1478 1372 1531 μὲν
1395 1475 1672 1531 Φλαβιανὸς’ὅ

185 1545 322 1594 θεῖος,
366 1539 615 1598 ὑπερμαχῶν
634 1547 707 1598 τῆς
731 1543 963 1602 ὄρθοδόξου
986 1546 1180 1599 πίστεως,
1226 1546 1491 1604 ἀνατρέπεται
1517 1548 1560 1589 δὲ
1582 1546 1608 1603 ἡ
1633 1548 1675 1589 ἓν

183 1611 344 1669 Ἐφέσῳ
376 1610 517 1668 πρώτη
555 1611 747 1666 σύνοδος,
790 1611 1124 1672 ὖπογραψάντων
1159 1621 1306 1674 φονικῇ
1332 1619 1406 1676 βία
1435 1621 1556 1659 τινῶν
1585 1618 1732 1660 ἐπι-20

186 1678 363 1732 σκόπων,
413 1683 457 1731 ἐξ
479 1676 535 1724 ὧν
556 1680 712 1739 ὑπῆρχε
738 1685 956 1734 Βασίλειος
984 1683 1005 1726 ὃ
1030 1687 1280 1737 Σελευκείας.
1351 1686 1573 1728 κάντεῦθεν
1594 1690 1676 1728 τῶν

186 1754 262 1794 τοῦ
278 1750 508 1808 Νεστορίου
541 1753 610 1794 καὶ
627 1751 867 1810 Διοσκόρου
895 1754 963 1796 καὶ
983 1754 1195 1809 Εὗτυχοῦς
1225 1755 1579 1811 δημοσιευομένων
1597 1772 1675 1798 πο-

191 1962 353 1998 corpore.
393 1963 435 1987 ac
457 1952 620 1988 videmus
647 1953 734 1989 duas
757 1957 914 2000 naturas,
943 1954 1045 1991 aliam
1067 1956 1238 2003 corporis,
1263 1957 1365 1992 aliam
1389 1956 1537 2002 animae,
1562 1958 1678 1993 homi-

190 2011 270 2033 nem
302 2010 408 2043 vero,
444 2012 488 2034 ex
519 2000 703 2046 utriusque
736 2002 896 2037 unitione
929 2003 1044 2048 facta,
1080 2015 1198 2038 unum.
1258 2016 1374 2050 neque
1398 2005 1607 2051 compositio
1632 2017 1677 2040 ex

190 2046 326 2080 duabus
351 2046 486 2080 naturis
511 2046 625 2081 efficit
648 2053 687 2082 ut
711 2060 777 2093 pro
802 2060 869 2083 uno
894 2049 1032 2084 homine
1056 2051 1143 2085 duos
1168 2051 1382 2096 cogitemus=
1406 2052 1469 2086 sed
1493 2063 1596 2086 unum
1622 2052 1678 2095 (ut

191 2092 293 2136 dixi)
319 2092 545 2138 intelligimus
569 2093 763 2140 hominem,
799 2108 842 2129 ex
867 2095 981 2130 anima
1005 2102 1041 2131 et
1065 2108 1215 2143 corpore
1240 2098 1482 2143 compositum.
1532 2098 1562 2133 si
1586 2099 1678 2133 enim

191 2139 258 2173 hoc
282 2139 466 2184 tollamus,
501 2152 545 2174 ex
577 2141 711 2175 duabus
747 2146 785 2176 et
819 2141 1068 2178 differentibus
1102 2144 1239 2178 naturis
1270 2156 1374 2179 unum
1407 2149 1444 2179 et
1465 2145 1677 2179 indivulsum

192 2185 372 2220 Christum
396 2187 441 2220 ab
466 2186 625 2221 unitione
647 2187 849 2234 exstitisse,
883 2189 1003 2224 dicent
1026 2191 1241 2225 adversarii:
1273 2191 1305 2225 si
1329 2202 1398 2226 una
1419 2187 1546 2226 natura
1568 2192 1677 2226 totius

192 2232 331 2267 Christi
356 2239 430 2277 est,
458 2234 631 2278 quomodo
656 2235 772 2280 potuit
797 2235 980 2271 humanam
1005 2243 1161 2271 naturam
1187 2238 1353 2282 induere,
1388 2243 1448 2272 aut
1470 2250 1572 2283 quam
1598 2250 1677 2273 car-

192 2291 271 2313 nem
296 2279 367 2313 sibi
390 2280 569 2326 propriam
593 2281 822 2317 adsciscere?
860 2294 921 2317 eos
950 2288 1064 2318 autem
1089 2284 1150 2329 qui
1175 2284 1296 2319 dicunt
1320 2285 1678 2330 contemperationem

191 2326 434 2360 confusionem
458 2332 518 2361 aut
543 2327 744 2363 mixtionem
768 2334 969 2364 naturarum
994 2330 1095 2364 verbi
1119 2331 1178 2366 dei
1202 2342 1278 2365 cum
1303 2343 1409 2365 carne
1432 2332 1578 2377 factam,
1612 2343 1678 2377 pa-

190 2372 260 2406 lam
291 2372 338 2407 iis
369 2385 433 2408 ora
468 2375 636 2408 obturare
668 2381 730 2409 tua
764 2376 879 2422 pietas
913 2377 1092 2421 dignetur.
1140 2383 1223 2422 post
1256 2378 1343 2412 haec
1365 2378 1503 2421 Cyrillo
1529 2384 1678 2422 mortuo,

193 2418 332 2454 exstitit
358 2421 548 2454 monachus
580 2421 720 2466 quidam
754 2429 791 2457 et
820 2422 965 2457 claustri
997 2423 1175 2470 princeps,
1209 2424 1348 2458 nomine
1372 2425 1572 2470 Eutyches.
1622 2425 1681 2459 hic

191 2477 262 2499 non
296 2465 456 2511 exiguam
490 2468 612 2513 populi
644 2474 780 2514 partem
811 2469 882 2503 sibi
912 2469 1092 2514 adiunxit,
1126 2470 1291 2505 Nestorii
1314 2471 1499 2516 opiniones
1526 2473 1678 2517 probans

193 2512 387 2557 dicensque
411 2525 549 2548 carnem
575 2515 709 2549 Christi
730 2527 800 2549 non
823 2516 979 2550 eiusdem
1001 2529 1077 2551 cum
1102 2523 1224 2551 nostra
1247 2530 1326 2551 esse
1351 2523 1512 2552 naturae.
1539 2524 1575 2552 et
1601 2518 1680 2563 qui-

193 2559 272 2592 dem
302 2571 422 2594 rursus
455 2561 665 2595 non'multo
703 2567 783 2607 post
814 2563 990 2597 diabolica
1025 2575 1128 2598 manu
1161 2563 1390 2609 praevalente
1425 2564 1520 2599 aliud
1544 2564 1682 2610 Ephesi

194 2605 377 2640 concilium
403 2607 595 2653 latronum,
635 2620 855 2653 nequaquam
878 2615 1061 2654 sanctum,
1099 2610 1258 2655 cogitur,
1292 2611 1398 2644 misso
1428 2611 1472 2644 ad
1504 2611 1541 2645 id
1574 2611 1680 2645 etiam

194 2652 369 2687 Flaviano
390 2653 578 2699 Cpolitano
604 2655 783 2701 episcopo,
809 2667 886 2690 cum
909 2668 1019 2701 penes
1041 2656 1250 2691 Dioscorum
1271 2656 1515 2692 Alexandreae
1539 2657 1677 2703 episco—

195 2709 277 2742 pum
306 2710 438 2734 summa
469 2712 584 2736 rerum
609 2702 660 2736 ibi
684 2708 792 2736 esset.
841 2702 1034 2737 Flavianus
1058 2703 1244 2738 veritatem
1268 2708 1371 2738 tuens
1398 2703 1435 2738 in
1460 2716 1502 2738 eo
1528 2704 1678 2738 concilio

196 2744 381 2789 occiditur,
407 2751 444 2780 et
468 2747 580 2792 priori
604 2750 741 2793 synodo
767 2748 948 2794 Ephesiae
975 2749 1166 2784 auctoritas
1191 2751 1394 2795 abrogatur,
1411 2749 1678 2785 'subscribenti—

196 2791 263 2824 bus
288 2792 476 2837 posteriori
500 2794 580 2828 huic
604 2796 809 2840 quibusdam
834 2795 1012 2842 episcopis
1036 2797 1074 2830 vi
1096 2797 1268 2830 latronum
1292 2808 1334 2830 eo
1361 2796 1560 2842 compulsis,
1585 2796 1679 2831 inter

199 2847 288 2882 quos
319 2838 389 2872 suit
420 2839 523 2873 etiam
557 2842 710 2876 Basilius
734 2842 919 2876 Seleuciae
950 2843 1152 2888 episcopus.
1199 2842 1283 2877 inde
1306 2854 1382 2877 cum
1406 2843 1546 2889 publice
1569 2844 1675 2897 doce-

199 2889 321 2919 rentur
343 2885 503 2920 Nestorii
526 2887 690 2923 Dioscori
723 2894 759 2923 et
782 2888 960 2935 Eutychis
990 2889 1214 2936 perniciosae
1246 2889 1455 2936 opiniones,
1491 2890 1677 2935 magnique
