1742 3184
209 200 238 245 3
249 198 309 244 12
691 197 931 243 GEORGII
959 196 1207 241 CEDRENI

206 318 264 373 τῷ
287 313 346 369 μὴ
369 311 551 371 δρᾶσθαι
573 312 647 368 τὴν
664 311 951 370 φθονουμένην
970 311 1139 369 μορφὴν
1161 309 1315 367 ἀπέστη
1337 315 1410 367 τῆς
1429 309 1687 370 ἐγχειρήσεως

198 381 229 426 ’ὅ
253 381 468 438 δυσσεβής.
539 380 646 439 ἔρρει
676 383 810 424 τοίνυν
845 380 912 422 διὰ
944 380 1071 435 με’σου
1097 379 1247 438 χρόνος
1275 379 1426 433 πολύς,
1460 383 1621 436 καὶτῆς
1644 383 1687 433 ἐξ

206 451 441 510 ἀνθρώπων
465 448 630 506 μνήμης
662 447 844 508 ἀπερρύη
873 447 900 504 ἦ
923 453 996 505 τῆς
1019 449 1131 506 ἱερᾶς
1149 448 1301 505 ταύτης
1324 447 1477 501 εἰκόνος
1502 448 1686 507 ἀπόκρυ-

204 533 293 576 ψις.
361 518 382 563 ὅ
405 520 450 563 δὲ
467 524 547 562 τῶν
569 522 745 576 Περσῶν
772 518 968 573 βασιλεὺς
983 516 1181 576 Χοσρόης
1200 518 1274 570 τὰς
1295 525 1368 574 τῆς
1393 519 1532 570 Ἀσίας
1550 517 1686 570 πόλεις

204 594 377 648 πορθῶν
399 591 467 632 καὶ
488 586 869 645 καταστρεφόμενος
886 588 1083 642 κατέλαβε
1107 590 1174 630 καὶ
1199 586 1399 631 ’Ἐδεσσαν
1426 588 1488 630 ἐπὶ
1510 591 1582 642 τῆς
1602 592 1718 642 ,θα-5

150 669 184 704 D
208 660 360 710 σιλειάς
370 690 383 710 ,
419 660 486 710 καὶ
507 663 644 700 πᾶσαν
661 657 849 713 μηχανὴν
867 656 1038 713 κινήσας
1059 657 1139 714 πρὸ
1162 661 1243 700 τῶν
1264 656 1400 699 ἄλλων
1422 661 1495 712 τῆς
1516 655 1685 709 πόλεως,

201 725 290 771 οἷον
306 731 438 782 βελῶν
458 727 645 785 ἀφέσεις,
682 727 927 781 κατασείσης
947 731 1112 780 τειχῶν,
1149 724 1418 784 διαθραύσεις
1435 729 1594 778 πυλῶν,
1631 728 1687 777 εἷς

201 796 338 854 φόβον
365 798 434 839 καὶ
465 796 641 852 ἀγωνίαν
674 795 836 850 ἐνέβαλε
872 795 968 846 τοὺς
995 800 1068 851 τῆς
1097 793 1265 846 πόλεως.
1336 795 1383 837 οἳ
1407 796 1449 838 ἐν
1478 795 1687 854 ἀμηχανίᾳ

200 868 268 908 καὶ
288 863 513 922 ἀπογνώσει
535 863 808 916 καταστάντες
826 864 930 922 πρὸς
951 865 1022 907 τὸν
1041 864 1141 907 θεὸν
1160 860 1477 921 καταφεύγουσι,
1513 866 1580 907 καὶ
1597 864 1683 919 μετ’

200 933 350 990 ὀδύνης
366 935 539 991 καρδίας
557 936 623 976 καὶ
649 933 838 991 δακρύων
858 932 1025 989 ἐζήτουν
1043 931 1180 986 αὐτόν,
1218 933 1281 976 διὸ
1303 935 1371 975 καὶ
1396 927 1532 990 εὗρον·
1569 933 1686 989 ἔγγὺς
1697 938 1742 974 10

196 1003 276 1060 γὰρ
295 1002 435 1062 κύριος
457 1007 557 1047 πᾶσι
579 1010 665 1054 τοΐς
686 1003 1016 1057 ἐπικαλουμένοις
1041 1003 1167 1045 αὐτὸν
1187 1003 1229 1046 ἓν
1254 1003 1452 1063 ἀληθείᾳ,
1488 1002 1590 1045 κατὰ
1615 1002 1685 1045 τὸν

196 1077 313 1116 θεῖον
333 1073 490 1127 Δαβίδ.
560 1074 746 1130 φαίνεται
778 1073 856 1129 γὰρ
891 1070 990 1115 εἶναι
1025 1073 1094 1114 διὰ
1126 1076 1196 1127 τῆς
1226 1072 1373 1122 νυκτὸς
1401 1071 1592 1130 Εὐλαλίῳ
1626 1075 1684 1130 τῷ

197 1140 403 1200 ἓπισκόπῳ
421 1139 522 1198 γυνή
544 1159 605 1192 τις
625 1141 824 1196 εὐσταλὴς
841 1143 908 1183 καὶ
925 1143 1090 1196 κοσμία,
1125 1141 1315 1198 κρείττων
1336 1139 1363 1196 ἢ
1386 1141 1491 1183 κατὰ
1514 1139 1682 1198 ἅνθρω-

196 1228 298 1263 πον,
332 1209 609 1266 ὖποτιθεμένη
641 1210 753 1269 αὐτῷ
784 1212 852 1252 καὶ
886 1211 1060 1266 λέγουσα
1089 1208 1151 1253 ὅτι
1183 1209 1319 1252 ἐπάνω
1350 1214 1424 1265 τῆς
1453 1209 1584 1265 πύλης
1611 1213 1685 1265 τῆς

196 1278 373 1332 πόλεως,
409 1281 452 1323 ἐν
473 1282 575 1338 τῶδε
599 1283 659 1338 τῷ
677 1278 812 1337 τόπῳ,
847 1280 917 1322 διὰ
940 1278 1055 1322 τόνδε
1078 1279 1150 1322 τὸν
1171 1278 1346 1335 τρόπον,
1382 1277 1408 1334 ἦ
1430 1280 1545 1333 τιμία
1567 1278 1683 1321 εἰκὼν
1696 1283 1739 1319 15

194 1353 268 1392 τοῦ
297 1352 487 1407 Χριστοῦ
521 1348 847 1405 ἀποκέκρυπται,
905 1348 956 1403 ἣν
993 1346 1249 1404 ἀναζητήσας
1277 1350 1345 1390 καὶ
1376 1348 1517 1403 λαβὼν
1550 1346 1683 1391 πάντα

51 1423 78 1457 Ρ
105 1427 172 1463 178
197 1419 339 1469 αι’σίως
357 1415 536 1475 πράξεις.
607 1416 628 1461 ὅ
653 1419 696 1460 δ’
718 1418 936 1468 ἐπίσκοπος
956 1422 1093 1474 χαρᾶς
1115 1416 1279 1475 ἀφάτου
1304 1419 1503 1473 πλησθεὶς
1523 1418 1591 1460 καὶ
1612 1417 1684 1460 τὸν

192 1486 319 1530 τόπον
338 1486 585 1541 καταλαβὼν
613 1489 682 1529 καὶ
714 1491 859 1530 τοῦτον
883 1486 1129 1544 διαρρήξας,
1166 1485 1199 1529 ὦ
1220 1491 1296 1529 τοῦ
1313 1486 1533 1541 θαύματος
1542 1518 1555 1538 ,
1592 1480 1682 1544 εὗρε

192 1557 267 1612 τὴν
287 1557 406 1599 θείαν
429 1554 565 1598 εἰκόνα
589 1555 875 1611 ἀδιαλώβητον
898 1558 964 1598 καὶ
994 1555 1298 1612 κεχαραγμένην
1325 1557 1393 1598 καὶ
1419 1555 1493 1610 τὴν
1515 1559 1682 1612 θρυαλ-

191 1627 287 1668 λίδα
316 1625 358 1667 ἓν
386 1622 568 1682 τοσούτῳ
583 1623 724 1682 χρόνῳ
751 1624 811 1679 μὴ
833 1624 1177 1678 ἀποσβεσθεΐσαν,
1211 1624 1318 1667 ἀλλὰ
1342 1625 1410 1667 καὶ
1435 1625 1476 1666 ἓν
1499 1629 1557 1683 τῷ
1578 1624 1739 1683 πρὸς20

191 1693 381 1752 φυλακὴν
410 1693 635 1736 ἓπιτεθέντι
671 1692 751 1750 πρὸ
787 1697 862 1736 τοῦ
893 1691 1041 1748 λύχνου
1075 1698 1241 1753 κεραμῷ
1271 1694 1507 1736 ἕκτυπωθὲν
1546 1694 1682 1752 ἕτερον

191 1761 381 1818 ὁμοίωμα
401 1760 719 1820 ἀπαράλλακτον
737 1766 812 1806 τοῦ
831 1761 1116 1820 πρωτοτύπου.
1165 1767 1285 1806 τοῦτο
1306 1762 1447 1816 λαβὼν
1470 1760 1491 1805 ὃ
1518 1763 1681 1806 ἐπίσκο-

189 1848 266 1884 πος
280 1832 385 1888 μετὰ
405 1836 544 1890 χαρᾶς
566 1831 759 1889 ἀμέτρου,
794 1833 862 1874 καὶ
883 1829 1123 1883 λιτανεύσας
1141 1834 1210 1875 καὶ
1231 1830 1545 1891 εὐχαριστήσας,
1579 1849 1681 1875 κατ-

281 1952 306 1988 3
328 1948 354 1996 ἦ
379 1962 434 1987 om
459 1951 490 1986 P
631 1951 654 1987 6
676 1947 772 1996 πρὸς
795 1948 867 1996 τὴν
888 1946 1053 1986 ἅλωσινῖ

187 2065 266 2089 cum
289 2053 406 2090 invisa
429 2053 501 2100 ipsi
524 2053 640 2100 imago
666 2062 737 2089 non
761 2053 1040 2100 conspiceretur,
1065 2055 1109 2089 ab
1131 2053 1273 2101 incepto
1299 2052 1450 2090 destitit.
1490 2055 1555 2090 sed
1573 2054 1678 2101 longo

185 2101 356 2147 deinceps
381 2100 550 2146 temporis
574 2105 691 2136 tractu
713 2112 859 2147 prorsus
880 2112 924 2135 ex
945 2100 1121 2135 hominum
1139 2100 1306 2136 memoria
1324 2113 1448 2136 sacrae
1466 2100 1569 2136 istius
1590 2102 1679 2136 ima-

185 2147 279 2191 ginis
314 2147 505 2183 occultatio
542 2147 659 2182 deleta
694 2151 763 2182 est.
818 2151 920 2192 post,
953 2146 1150 2182 Iustiniano
1183 2147 1399 2194 imperatore
1430 2148 1679 2193 Romanorum,

184 2192 366 2229 Chosroes
397 2194 586 2228 Persarum
614 2205 680 2228 rex
712 2194 819 2228 urbes
851 2192 959 2228 Asiae
995 2205 1203 2239 oppugnans
1235 2202 1343 2239 atque
1382 2199 1529 2228 vastans
1572 2194 1680 2229 etiam

182 2239 359 2275 Edessam
380 2240 534 2275 obsedit.
583 2251 686 2286 quam
709 2251 785 2274 cum
810 2239 970 2274 omnibus
996 2240 1166 2275 machinis
1192 2252 1234 2275 ac
1257 2244 1386 2275 conatu
1409 2244 1575 2286 tentaret,
1601 2246 1679 2275 tor-

182 2287 333 2330 mentis,
369 2286 603 2321 concussione
634 2297 828 2331 murorum,
862 2291 1042 2331 portarum
1075 2286 1305 2333 perruptione
1330 2298 1480 2332 urgens,
1517 2298 1678 2332 magnum

183 2332 372 2378 oppidanis
402 2339 532 2368 metum
557 2332 720 2367 incussit.
767 2331 796 2365 ii
819 2343 896 2367 cum
921 2331 990 2366 iam
1014 2332 1059 2367 de
1083 2332 1198 2368 salute
1221 2334 1454 2379 desperarent
1478 2333 1588 2378 inque
1613 2345 1678 2368 ex-

182 2378 306 2413 tremis
330 2384 451 2414 essent
475 2379 661 2425 angustiis,
687 2379 732 2414 ad
755 2379 857 2413 deum
882 2379 1129 2424 confugerunt,
1155 2384 1263 2425 atque
1283 2390 1361 2414 eum
1383 2391 1491 2424 aegro
1515 2380 1622 2414 corde
1641 2385 1679 2414 et

182 2423 337 2459 lacrimis
360 2425 583 2471 requirentes
608 2426 842 2470 invenerunt,
870 2424 976 2470 quia,
1002 2431 1042 2460 ut
1065 2426 1207 2461 divinus
1231 2425 1363 2461 cecinit
1385 2425 1567 2469 Davidus,
1616 2437 1677 2459 ro-

181 2470 335 2516 pinquus
369 2478 425 2507 est
460 2472 619 2507 omnibus
655 2472 769 2518 ipsum
800 2482 887 2506 vere
918 2470 1181 2508 invocantibus.
1228 2472 1380 2518 proinde
1402 2476 1508 2506 noctu
1533 2472 1592 2506 Eu
1606 2471 1676 2506 alio

183 2516 352 2562 episcopo
377 2518 544 2563 apparuit
574 2517 698 2553 mulier
729 2517 898 2564 quaedam
930 2518 1044 2552 forma
1072 2523 1109 2553 et
1135 2524 1262 2553 ornatu
1290 2529 1392 2564 quam
1423 2517 1574 2552 humana
1604 2518 1677 2553 fert

181 2568 310 2597 natura
335 2564 552 2611 augustiore,
578 2564 782 2610 monuitque
806 2575 882 2598 eum
907 2575 1014 2610 supra
1038 2570 1177 2610 portam
1200 2564 1331 2608 (locum
1350 2575 1392 2605 ac
1413 2565 1551 2599 modum
1573 2564 1676 2599 simul

180 2607 380 2654 indicabat)
405 2610 519 2645 latere
542 2611 698 2646 abditam
721 2610 958 2645 venerandam
978 2610 1114 2645 Christi
1136 2610 1347 2656 imaginem,
1375 2621 1446 2656 qua
1469 2610 1616 2645 inventa
1638 2615 1676 2646 et

181 2659 329 2699 recepta
348 2656 463 2691 omnia
482 2658 607 2692 dextre
628 2660 724 2692 esset
745 2662 899 2691 acturus.
947 2657 1136 2702 episcopus
1160 2657 1329 2691 immensa
1347 2656 1503 2701 repletus
1524 2656 1675 2701 laetitia,

181 2698 259 2733 loco
283 2699 428 2736 invento
451 2708 488 2738 et
511 2708 649 2748 aperto,
668 2702 831 2749 repperit
856 2702 962 2747 (proh
986 2703 1207 2748 miraculum)
1229 2702 1383 2737 divinam
1406 2702 1594 2748 imaginem
1616 2703 1673 2737 in—

182 2745 351 2780 columem
374 2746 620 2795 lucernamque
642 2755 743 2785 tanto
768 2749 937 2794 temporis
963 2750 1113 2784 decursu
1136 2761 1207 2784 non
1228 2749 1448 2793 exstinctam,
1474 2755 1581 2794 atque
1607 2749 1672 2783 ad-

183 2803 226 2826 eo
251 2791 288 2825 in
312 2792 431 2836 tegula
453 2806 543 2840 quae
566 2797 685 2831 fuerat
707 2799 789 2830 ante
812 2795 990 2830 lucernam
1015 2796 1199 2831 custodiae
1223 2806 1331 2831 causa
1363 2795 1523 2840 obiecta,
1568 2794 1671 2829 aliam

184 2837 376 2883 exemplari
403 2851 469 2884 per
503 2841 619 2877 omnia
651 2842 840 2877 assimilem
869 2841 1076 2887 impressam
1099 2841 1300 2887 imaginem.
1348 2841 1415 2876 hac
1444 2841 1506 2877 ille
1534 2840 1672 2886 ingenti

185 2890 262 2920 cum
285 2883 416 2930 gaudio
441 2892 604 2934 arrepta,
639 2888 899 2935 supplicatione
932 2893 969 2924 et
1001 2887 1195 2935 gratiarum
1217 2888 1359 2924 actione
1382 2887 1557 2937 peractis,
1593 2898 1671 2922 eum
