1742 3184
203 187 271 245 42
541 218 546 224 =
602 188 605 194 ·
691 189 934 240 'ezzone-11
969 181 1229 252 (ἱειιῑιῑςῑκτιΔ

202 316 280 359 πὸν
308 309 591 371 προβάλλεται
608 309 689 355 ὕπὸ
711 311 894 370 Κηφέως
920 299 1117 365 βασιλευς
1142 309 1322 366 Περσῶν
1348 305 1509 362 ΖΙἸέρως
1538 302 1695 363 ὃΠερ-

202 387 306 437 σέως
326 387 393 428 καὶ
420 379 695 442 Ἀνδρομέδας
718 380 820 434 υἱός.
889 380 1068 439 Κηφεὺς·
1079 375 1129 422 ’δὲ
1148 379 1223 434 τὴν
1242 381 1317 435 τῆς
1334 373 1543 436 Γοργόνος
1556 391 1695 435 mgna-

203 455 287 513 λὴν
300 453 457 506 καύσας
479 451 734 511 ἀνεχώρησεν
754 454 811 504 εἰς
827 452 904 508 τὴν
919 449 1065 508 χώραν
1079 449 1228 493 αὐτοῦ.
1387 455 1389 457 ’

146 537 178 572 C
337 524 554 582 Ἀγήνορα
577 525 621 567 δὲ
639 523 713 567 τὸν
737 523 817 566 ἀπὸ
844 523 1038 578 Φοινίκης
1066 518 1088 563 ὃ
1111 518 1248 576 πατὴρ
1277 519 1334 568 εἷς
1354 513 1600 572 ἀναζήτησιν
1619 519 1695 571 τῆς

203 596 328 640 αὐτοῦ
343 594 557 652 θυγατρὸς
575 591 779 651 Εὐρώπης
797 592 1062 644 ἀποστείλας,
1098 584 1252 646 μαθῶν
1273 586 1294 632 ὃ
1317 579 1493 642 -Κᾶὁμος
1510 584 1567 637 ὡς
1588 586 1691 642 αὐτὴ
1704 592 1727 630 ⁵

201 667 278 711 σὺν
294 664 448 724 Ταύρῳ
468 669 528 724 τῷ
545 662 776 723 ἁρπάσαντι
795 661 949 719 ταύτην
969 667 1046 718 τῆς
1062 659 1232 719 Κρήτης
1251 655 1474 714 βασιλεύει,
1504 654 1695 713 ὥρμησεν

202 739 260 789 εἷς
278 737 482 781 Βοιωτίαν
502 737 569 779 καὶ
591 733 747 785 αὐτοὺς
769 734 1017 791 ἀγνοοῦντας
1044 732 1097 776 τὰ
1121 731 1325 774 Φοινίκων
1355 726 1583 786 γράμματα
1611 727 1696 770 ε’δί-

202 809 323 860 δαξε,
359 808 427 850 καὶ
455 806 716 860 ἐβασίλευσεν
743 804 809 847 ἐπ’
837 801 979 855 αὐτοῖς
997 803 1064 858 ἴτη
1090 799 1168 857 ’ξβ’.
1238 801 1306 843 καὶ
1326 805 1499 856 γυναῖκα
1520 795 1695 854 ἠγάγετο

202 878 278 934 τὴν
292 875 511 935 Ἁρμονίαν
533 875 808 931 καλουμένην,
851 873 941 930 ἥτις
965 873 1078 932 αὐτῷ
1093 871 1140 923 ’ἐξ
1158 872 1281 915 τίκτει
1299 869 1551 926 θυγατέρας,
1595 866 1695 910 Ἰνὼ

198 946 391 1004 Ἀγαῦην
424 946 607 1002 Σεμέλην
635 944 880 1003 Εὐρυνόμην
911 943 1120 987 Κλεανθὼ
1156 943 1225 986 καὶ
1256 941 1504 998 Εὐρυδίκην.
1573 932 1694 981 αὗται
1709 942 1742 981 1<

203 1019 385 1074 ἐλέγοντο
407 1018 633 1071 Καδμίδες.
699 1010 822 1067 ὀὗτος
843 1013 864 1058 ὅ
885 1013 1062 1070 Κάδμος
1089 1015 1155 1056 καὶ
1182 1011 1301 1055 πόλιν
1321 1010 1398 1067 τὴν
1417 1007 1600 1066 μεγάλην
1623 1008 1697 1064 τὴν

202 1089 421 1143 Καδμείαν
442 1089 527 1130 ἐκεῖ
539 1087 671 1139 κτίζει.
743 1083 789 1138 ὃς
807 1087 873 1128 καὶ
895 1085 967 1129 τὸν
990 1084 1205 1142 Τειρεσίαν
1232 1085 1424 1125 Βοιωτῶν
1447 1079 1545 1123 ὄντα
1574 1077 1697 1137 φιλό-

204 1176 349 1216 σοφον,
387 1157 459 1201 τὸν
487 1155 731 1212 αὐτομάτως
758 1156 962 1216 φέρεσθαι
993 1156 1045 1199 τὰ
1073 1152 1207 1197 πάντα
1225 1154 1292 1196 καὶ
1317 1148 1574 1208 ἀπρονόητον
1597 1148 1697 1192 εἶναι

204 1229 274 1272 τὸν
285 1227 438 1283 κόσμον
453 1228 756 1284 ὁογματίσαντα
773 1228 839 1269 καὶ
857 1229 913 1278 εἲς
926 1227 972 1270 τὸ
992 1230 1066 1269 τοῦ
1074 1225 1296 1282 Δαφναίου
1314 1219 1570 1272 ’Λπόλλωνος
1589 1219 1698 1276 ἱερὸν

149 1310 182 1345 D
209 1299 279 1342 διὰ
300 1303 431 1342 ταῦτα
452 1296 659 1355 ἐξόριστον
682 1296 907 1354 γενόμενον,
935 1296 1220 1339 ἀνεκαλέσατο.
1288 1297 1435 1336 τοῦτον
1456 1282 1528 1334 τὸν
1550 1294 1696 1347 Τειρε-
1711 1294 1742 1330 1Ξ

200 1371 294 1413 σίαν
311 1373 630 1425 μυθολογοῦσιν,
666 1365 722 1418 ὥς
743 1365 955 1424 ἑωρακότα
974 1363 1186 1408 Παλλάδα
1205 1364 1452 1418 λουομένην,
1483 1364 1539 1412 εἷς
1555 1378 1697 1418 γυναι-

199 1440 273 1491 κὸς
296 1440 442 1482 αὐτίκα
464 1442 781 1494 μεταβληθῆναι
805 1436 930 1494 φύσιν
939 1470 952 1490 ,
991 1438 1058 1479 καὶ
1089 1439 1446 1491 πολυπραγμονεῖν
1477 1432 1584 1489 αὐτῇ
1609 1435 1698 1482 πῶς

199 1510 300 1567 γυνὴ
322 1509 425 1565 μετὰ
444 1508 596 1566 ἀνδρὸς
618 1506 915 1563 συλλαμβάνει,
934 1509 1004 1550 ’καὶ
1026 1511 1114 1557 πῶς
1134 1504 1160 1561 ἦ
1181 1507 1257 1559 μία
1281 1503 1405 1562 φύσις
1427 1507 1500 1547 τοῦ
1522 1503 1698 1555 αἳματος

200 1584 256 1632 εἲς
278 1581 381 1623 ὀστᾶ
401 1581 469 1622 καὶ
492 1579 651 1636 φλέβας
671 1579 739 1621 καὶ
760 1576 918 1633 σάρκας
939 1579 1007 1620 καὶ
1028 1576 1080 1620 τὰ
1106 1576 1229 1618 λοιπὰ
1248 1576 1478 1629 μερίζεται,
1507 1576 1573 1615 καὶ
1596 1572 1697 1629 βρέ-

201 1665 280 1709 ςῑιος
309 1646 633 1708 ζῳογονούμενον
657 1649 852 1700 τίκτεται,
891 1649 959 1690 καὶ
985 1651 1060 1690 τοῦ
1092 1648 1346 1703 δημιουργοῦ
1367 1644 1442 1699 τὴν
1465 1644 1616 1701 σοφίαν
1637 1642 1742 1698 μὴὲ(

202 1720 434 1776 δυνηθέντα
472 1722 722 1774 καταλαβεῖν
764 1720 821 1769 εἷς
848 1715 1157 1773 αὐτοματισμὸν
1188 1718 1457 1769 ἐξολισθῆσαι
1472 1727 1484 1738 ·
1533 1713 1597 1755 διὸ
1630 1714 1698 1755 καὶ

201 1791 410 1843 παίζοντες
428 1788 552 1833 αὐτὸν
573 1791 628 1840 εἷς
643 1793 846 1846 γυναικῶν
862 1787 988 1846 φύσιν
1006 1788 1195 1846 ἔφρασαν
1213 1789 1542 1842 μεταβληθῆναι.
1578 1778 1700 1834 οὗτος

201 1859 223 1904 ὃ
246 1859 422 1915 Κάδμος
441 1857 463 1902 ὅ
483 1863 555 1916 τῆς
575 1860 780 1911 Βοιωτίας
801 1858 998 1915 βασιλεὺς
1024 1856 1203 1915 Ἀγαύην
1231 1857 1306 1913 τὴν
1331 1856 1460 1899 αὐτοῦ
1482 1855 1699 1912 θυγατέρα

204 2040 336 2087 templo
361 2042 570 2074 excaecatus
593 2039 716 2085 itaque
741 2039 955 2075 interfectus
979 2043 1047 2074 est.
1097 2050 1118 2073 a
1136 2037 1283 2084 Cepheo
1303 2036 1455 2083 proinde
1478 2047 1590 2081 regno
1608 2036 1701 2070 Per-

203 2099 320 2123 sarum
343 2086 478 2131 Meros,
503 2086 596 2122 filius
614 2087 739 2122 Persei
765 2092 803 2122 et
826 2087 1084 2131 Andromedae,
1107 2087 1313 2131 praefectus
1337 2090 1412 2128 est3
1445 2089 1483 2119 et
1509 2084 1590 2130 ipse
1619 2095 1700 2118 cre-

203 2141 297 2170 mato
322 2133 503 2179 Gorgonis
528 2133 645 2180 capite
669 2134 719 2168 in‘
731 2142 828 2169 suam
845 2133 1028 2180 regionem
1049 2133 1174 2168 rediit.

274 2181 474 2227 Agenorem
487 2187 603 2216 autem
617 2193 637 2216 a
648 2181 844 2216 Phoenicia
855 2186 959 2228 pater
971 2181 1016 2215 ad
1028 2179 1274 2226 inquirendam
1284 2178 1392 2214 filiam
1405 2189 1503 2213 suam
1514 2177 1700 2224 Europam

203 2241 280 2264 cum
290 2227 456 2273 misisset,
477 2229 630 2264 Cadmus
650 2241 727 2264 eum
744 2230 820 2264 ea‘m
838 2227 1072 2263 intellexisset
1084 2239 1159 2262 cum
1173 2227 1309 2272 Tauro,
1331 2238 1352 2261 a
1364 2237 1434 2273 quo
1451 2230 1557 2271 rapta
1568 2226 1700 2270 suerat,

204 2278 334 2311 Cretae
346 2287 510 2322 regnare,
525 2275 561 2310 in
575 2277 759 2311 Boeotiam
772 2276 873 2321 abiit,
896 2276 1124 2320 Boeotosque
1136 2275 1317 2309 literarum
1327 2274 1472 2320 ignaros
1484 2272 1701 2307 Phoenicius

200 2323 324 2358 literas
346 2322 479 2369 docuit,
503 2334 722 2369 regnumque
745 2323 838 2369 apud
859 2335 921 2358 eos
938 2324 1006 2369 per
1026 2323 1072 2357 62
1095 2333 1206 2356 annos
1230 2321 1398 2357 obtinuit.
1433 2331 1578 2355 uxorem
1598 2319 1703 2355 duxit

202 2370 449 2415 Harmoniam,
476 2382 567 2416 quae
593 2370 628 2405 ei
652 2380 716 2405 sex
740 2371 831 2406 filias
856 2370 1022 2418 peperit3
1055 2378 1202 2416 quarum
1226 2369 1369 2404 nomina
1391 2369 1456 2403 Ino
1482 2369 1606 2413 Agave
1629 2367 1701 2401 Se-

201 2417 292 2452 mele
313 2418 370 2452 Eu
418 2429 521 2452 nome
545 2417 719 2453 Cleantho
745 2424 782 2453 et
805 2417 1006 2463 Eurydice:
1031 2417 1099 2452 hae
1124 2417 1229 2451 e'tiam
1251 2416 1444 2452 Cadmides
1467 2414 1700 2450 nominaban-

202 2467 275 2499 tur.
322 2464 355 2498 is
414 2464 534 2500 admus
559 2465 665 2500 etiam
690 2466 881 2500 Cadmeam
906 2476 1066 2511 magnam
1088 2465 1212 2499 urbem
1235 2463 1287 2499 ibi
1309 2463 1489 2505 condidit3
1524 2467 1560 2497 et
1589 2461 1701 2496 Tire-

202 2511 291 2546 siam
313 2511 528 2547 Boeotorum
551 2512 820 2559 philosophum,
860 2512 922 2558 qui
954 2512 1050 2558 quod
1083 2511 1200 2546 omnia
1231 2511 1382 2547 fortuito
1414 2509 1503 2544 ferri
1534 2508 1701 2554 nullaque

202 2559 366 2592 mundum
389 2558 614 2604 providentia
634 2560 828 2605 gubernari
851 2559 1053 2605 docuisset,
1087 2558 1124 2594 in
1142 2558 1307 2604 Daphnei
1333 2556 1509 2606 Apollinis
1532 2556 1702 2602 templum

203 2604 381 2649 relegatus
404 2606 543 2651 fuerat,
585 2608 630 2642 ab
651 2607 777 2642 exsilio
798 2607 1000 2642 revocavit.
1046 2606 1254 2642 fabulantur
1273 2606 1367 2640 hunc
1385 2603 1587 2648 Tiresiam,
1622 2614 1700 2638 cum

203 2652 379 2686 lavantem
399 2652 598 2688 Minervam
621 2654 794 2699 vidisset,
830 2654 950 2689 subito
973 2653 1013 2688 in
1034 2653 1214 2689 mulierem
1237 2662 1447 2688 conversum
1473 2651 1605 2693 fuisse3
1640 2651 1699 2685 in-

201 2710 272 2745 que
303 2708 346 2733 ea
380 2703 507 2734 natura
541 2700 680 2736 curiose
705 2701 952 2749 exploravisse
980 2702 1154 2747 quomodo
1174 2700 1303 2736 mulier
1332 2711 1378 2735 ex
1403 2699 1487 2734 viro
1508 2697 1701 2744 concipiat,

201 2745 376 2791 quomodo
410 2746 515 2782 unica
546 2749 728 2793 sanguinis
752 2755 881 2785 natura
903 2749 942 2784 in
964 2760 1047 2784 ossa
1073 2759 1186 2783 venas
1214 2758 1340 2783 carnes
1368 2750 1406 2781 et
1432 2749 1553 2781 cetera
1575 2744 1700 2780 distri-

201 2794 376 2836 buantur,
405 2797 441 2827 et
465 2795 636 2838 quomodo
656 2797 775 2832 foetus
798 2795 905 2832 vivus
931 2796 1118 2842 gignatur3
1151 2801 1300 2840 cumque
1321 2793 1532 2840 sapientiam
1560 2791 1702 2839 opificis

203 2838 362 2895 assequi·
374 2838 562 2885 cogitando
586 2842 763 2889 nequiret,
786 2855 830 2880 eo
857 2843 1058 2890 prolapsum
1080 2848 1122 2878 ut
1145 2842 1261 2877 omnia
1282 2840 1431 2876 fortuito
1449 2840 1531 2875 fieri
1548 2839 1704 2874 diceret-

202 2892 327 2933 1taque
350 2897 430 2920 ioco
453 2886 584 2922 dictum
612 2894 667 2924 est
690 2901 769 2925 eum
791 2891 828 2926 in
853 2889 1009 2926 mulieris
1034 2895 1194 2925 naturam
1216 2888 1441 2924 transivisse.
1489 2887 1521 2922 is
1546 2887 1704 2923 Cadmus

203 2932 379 2969 Boeotiae
401 2944 466 2969 rex
489 2933 637 2980 Agaven
662 2937 770 2974 filiam
792 2949 892 2975 suam
917 2936 1073 2975 Eehioni
1095 2937 1132 2972 in
1156 2934 1415 2972 matrimonium
1438 2935 1563 2980 dedit,
1597 2945 1641 2970 ac
1664 2933 1702 2969 iu
