<?xml version="1.0" encoding="UTF-8"?>
<!DOCTYPE html PUBLIC "-//W3C//DTD XHTML 1.0 Transitional//EN"
    "http://www.w3.org/TR/xhtml1/DTD/xhtml1-transitional.dtd">
<html xmlns="http://www.w3.org/1999/xhtml" xml:lang="en" lang="en">
 <head>
  <title>
</title>
<meta http-equiv="Content-Type" content="text/html;charset=utf-8" />
  <meta name='ocr-system' content='tesseract 3.04.00' />
  <meta name='ocr-capabilities' content='ocr_page ocr_carea ocr_par ocr_line ocrx_word'/>
</head>
<body>
  <div class='ocr_page' id='page_1' title='image "./corpusscriptorum13niebuoft_0472.png"; bbox 0 0 1742 3184; ppageno 0'>
   <div class='ocr_carea' id='block_1_1' title="bbox 221 171 1227 221">
    <p class='ocr_par' dir='ltr' id='par_1_1' title="bbox 221 171 1227 221">
     <span class='ocr_line' id='line_1_1' title="bbox 221 171 1227 221; baseline 0 0"><span class='ocrx_word' id='word_1_1' title='bbox 221 171 321 221; x_wconf 87' lang='grc'><strong>448</strong></span> <span class='ocrx_word' id='word_1_2' title='bbox 704 174 946 221; x_wconf 88' lang='lat' dir='ltr'>GEORGII</span> <span class='ocrx_word' id='word_1_3' title='bbox 980 175 1227 221; x_wconf 87' lang='lat' dir='ltr'><strong>CEDRENI</strong></span> 
     </span>
    </p>
   </div>
   <div class='ocr_carea' id='block_1_2' title="bbox 163 284 1742 1875">
    <p class='ocr_par' dir='ltr' id='par_1_2' title="bbox 163 284 1742 1599">
     <span class='ocr_line' id='line_1_2' title="bbox 220 284 1704 349; baseline 0.001 -16"><span class='ocrx_word' id='word_1_4' title='bbox 220 289 361 334; x_wconf 79' lang='grc' dir='ltr'><em>πολλοὶ</em></span> <span class='ocrx_word' id='word_1_5' title='bbox 393 284 670 345; x_wconf 71' lang='grc' dir='ltr'><strong><em>πληθύνοντες</em></strong></span> <span class='ocrx_word' id='word_1_6' title='bbox 702 286 988 346; x_wconf 79' lang='grc' dir='ltr'><em>ματαιότητος.</em></span> <span class='ocrx_word' id='word_1_7' title='bbox 1057 291 1125 334; x_wconf 77' lang='grc' dir='ltr'><em>καὶ</em></span> <span class='ocrx_word' id='word_1_8' title='bbox 1157 291 1215 348; x_wconf 83' lang='grc' dir='ltr'><em>μὴ</em></span> <span class='ocrx_word' id='word_1_9' title='bbox 1250 291 1362 349; x_wconf 90' lang='grc' dir='ltr'><em>γίνου</em></span> <span class='ocrx_word' id='word_1_10' title='bbox 1393 287 1551 344; x_wconf 74' lang='grc' dir='ltr'><em>δίκαιος</em></span> <span class='ocrx_word' id='word_1_11' title='bbox 1569 285 1678 335; x_wconf 85' lang='grc' dir='ltr'><strong>Ιπολύ</strong></span> <span class='ocrx_word' id='word_1_12' title='bbox 1693 307 1704 318; x_wconf 92' lang='grc'><em>·</em></span> 
     </span>
     <span class='ocr_line' id='line_1_3' title="bbox 221 358 1706 419; baseline 0.001 -16"><span class='ocrx_word' id='word_1_13' title='bbox 221 358 305 404; x_wconf 70' lang='grc' dir='ltr'><em>ἴστι</em></span> <span class='ocrx_word' id='word_1_14' title='bbox 325 359 404 418; x_wconf 79' lang='grc' dir='ltr'><strong>γὰρ</strong></span> <span class='ocrx_word' id='word_1_15' title='bbox 427 360 582 410; x_wconf 80' lang='grc' dir='ltr'><em>δίκαιος</em></span> <span class='ocrx_word' id='word_1_16' title='bbox 605 358 883 415; x_wconf 70' lang='grc' dir='ltr'><em>ἀπολλύμενος</em></span> <span class='ocrx_word' id='word_1_17' title='bbox 905 361 946 403; x_wconf 80' lang='grc' dir='ltr'><em>ἕν</em></span> <span class='ocrx_word' id='word_1_18' title='bbox 967 359 1205 419; x_wconf 79' lang='grc' dir='ltr'><em>δικαιοσύνῃ</em></span> <span class='ocrx_word' id='word_1_19' title='bbox 1234 361 1373 405; x_wconf 78' lang='grc' dir='ltr'><em>αὗτοῢ.</em></span> <span class='ocrx_word' id='word_1_20' title='bbox 1443 364 1511 405; x_wconf 84' lang='grc' dir='ltr'><em>καὶ</em></span> <span class='ocrx_word' id='word_1_21' title='bbox 1543 362 1601 417; x_wconf 82' lang='grc' dir='ltr'><em>μὴ</em></span> <span class='ocrx_word' id='word_1_22' title='bbox 1632 374 1706 406; x_wconf 83' lang='grc' dir='ltr'><strong>σο-</strong></span> 
     </span>
     <span class='ocr_line' id='line_1_4' title="bbox 222 427 1707 489; baseline 0.001 -17"><span class='ocrx_word' id='word_1_23' title='bbox 222 431 339 488; x_wconf 83' lang='grc' dir='ltr'><em>φίζου</em></span> <span class='ocrx_word' id='word_1_24' title='bbox 363 427 558 487; x_wconf 87' lang='grc' dir='ltr'><em>περισσά,</em></span> <span class='ocrx_word' id='word_1_25' title='bbox 593 427 651 484; x_wconf 84' lang='grc' dir='ltr'><em>μή</em></span> <span class='ocrx_word' id='word_1_26' title='bbox 671 446 766 471; x_wconf 87' lang='grc' dir='ltr'><em>ποτε</em></span> <span class='ocrx_word' id='word_1_27' title='bbox 788 427 1039 487; x_wconf 76' lang='grc' dir='ltr'><em>ἄσεβῆσῃς.”</em></span> <span class='ocrx_word' id='word_1_28' title='bbox 1101 428 1254 481; x_wconf 78' lang='grc' dir='ltr'><em>ταύτας</em></span> <span class='ocrx_word' id='word_1_29' title='bbox 1271 431 1406 474; x_wconf 80' lang='grc' dir='ltr'><em>τοίνυν</em></span> <span class='ocrx_word' id='word_1_30' title='bbox 1425 429 1707 489; x_wconf 82' lang='grc' dir='ltr'><em>παραγραψά-</em></span> 
     </span>
     <span class='ocr_line' id='line_1_5' title="bbox 217 496 1706 556; baseline 0.001 -14"><span class='ocrx_word' id='word_1_31' title='bbox 217 516 339 555; x_wconf 79' lang='grc' dir='ltr'><em>μενος</em></span> <span class='ocrx_word' id='word_1_32' title='bbox 358 498 434 549; x_wconf 80' lang='grc' dir='ltr'><strong>τὰς</strong></span> <span class='ocrx_word' id='word_1_33' title='bbox 458 498 568 555; x_wconf 78' lang='grc' dir='ltr'><em>ἱερὰς</em></span> <span class='ocrx_word' id='word_1_34' title='bbox 584 498 838 554; x_wconf 73' lang='grc' dir='ltr'><em>παραινέσεις</em></span> <span class='ocrx_word' id='word_1_35' title='bbox 860 501 928 541; x_wconf 85' lang='grc' dir='ltr'><em>καὶ</em></span> <span class='ocrx_word' id='word_1_36' title='bbox 951 496 1384 556; x_wconf 79' lang='grc' dir='ltr'><em>παραγκωνισάμενος,</em></span> <span class='ocrx_word' id='word_1_37' title='bbox 1422 500 1517 543; x_wconf 75' lang='grc' dir='ltr'><strong>οὐδὲ</strong></span> <span class='ocrx_word' id='word_1_38' title='bbox 1534 504 1609 543; x_wconf 85' lang='grc' dir='ltr'><em>τοῦ</em></span> <span class='ocrx_word' id='word_1_39' title='bbox 1629 504 1706 543; x_wconf 73' lang='grc' dir='ltr'><strong>θε-</strong></span> 
     </span>
     <span class='ocr_line' id='line_1_6' title="bbox 218 567 1738 628; baseline 0.003 -17"><span class='ocrx_word' id='word_1_40' title='bbox 218 570 384 612; x_wconf 86' lang='grc' dir='ltr'><em>σπεσίου</em></span> <span class='ocrx_word' id='word_1_41' title='bbox 408 567 606 626; x_wconf 72' lang='grc' dir='ltr'><em>προσέσχε</em></span> <span class='ocrx_word' id='word_1_42' title='bbox 626 567 801 610; x_wconf 84' lang='grc' dir='ltr'><em>Παύλου</em></span> <span class='ocrx_word' id='word_1_43' title='bbox 831 572 882 625; x_wconf 82' lang='grc' dir='ltr'><strong>τῇ</strong></span> <span class='ocrx_word' id='word_1_44' title='bbox 910 570 1042 628; x_wconf 69' lang='grc' dir='ltr'><em>ἐννοίᾳ</em></span> <span class='ocrx_word' id='word_1_45' title='bbox 1072 587 1115 613; x_wconf 88' lang='grc' dir='ltr'><strong>τε</strong></span> <span class='ocrx_word' id='word_1_46' title='bbox 1149 571 1217 612; x_wconf 87' lang='grc' dir='ltr'><em>καὶ</em></span> <span class='ocrx_word' id='word_1_47' title='bbox 1243 570 1399 614; x_wconf 79' lang='grc' dir='ltr'><em>συνέσει</em></span> <span class='ocrx_word' id='word_1_48' title='bbox 1427 570 1469 612; x_wconf 76' lang='grc' dir='ltr'><em>ἓν</em></span> <span class='ocrx_word' id='word_1_49' title='bbox 1495 576 1580 620; x_wconf 91' lang='grc' dir='ltr'><em>τοῖς</em></span> <span class='ocrx_word' id='word_1_50' title='bbox 1607 586 1700 612; x_wconf 81' lang='grc' dir='ltr'><em>συν·-</em></span> <span class='ocrx_word' id='word_1_51' title='bbox 1717 582 1738 615; x_wconf 81' lang='lat' dir='ltr'><em>b</em></span> 
     </span>
     <span class='ocr_line' id='line_1_7' title="bbox 164 635 1706 697; baseline 0 -16"><span class='ocrx_word' id='word_1_52' title='bbox 164 651 194 686; x_wconf 87' lang='lat' dir='ltr'>c</span> <span class='ocrx_word' id='word_1_53' title='bbox 219 637 436 695; x_wconf 79' lang='grc' dir='ltr'><em>τάγμασιν.</em></span> <span class='ocrx_word' id='word_1_54' title='bbox 489 635 510 678; x_wconf 84' lang='grc' dir='ltr'><em>ὃ</em></span> <span class='ocrx_word' id='word_1_55' title='bbox 531 637 609 693; x_wconf 82' lang='grc' dir='ltr'><strong>γὰρ</strong></span> <span class='ocrx_word' id='word_1_56' title='bbox 631 636 927 694; x_wconf 81' lang='grc' dir='ltr'><em>τρισμακάριος</em></span> <span class='ocrx_word' id='word_1_57' title='bbox 944 640 1117 687; x_wconf 80' lang='grc' dir='ltr'><em>Παῦλος</em></span> <span class='ocrx_word' id='word_1_58' title='bbox 1137 639 1178 681; x_wconf 74' lang='grc' dir='ltr'><em>ἓν</em></span> <span class='ocrx_word' id='word_1_59' title='bbox 1199 643 1435 697; x_wconf 80' lang='grc' dir='ltr'><em>παρασκευῇ</em></span> <span class='ocrx_word' id='word_1_60' title='bbox 1453 638 1583 696; x_wconf 86' lang='grc' dir='ltr'><em>λόγων</em></span> <span class='ocrx_word' id='word_1_61' title='bbox 1601 657 1706 681; x_wconf 90' lang='grc' dir='ltr'><em>παν-</em></span> 
     </span>
     <span class='ocr_line' id='line_1_8' title="bbox 214 704 1706 767; baseline 0 -16"><span class='ocrx_word' id='word_1_62' title='bbox 214 709 406 751; x_wconf 79' lang='grc' dir='ltr'><em>τοδαπῶν</em></span> <span class='ocrx_word' id='word_1_63' title='bbox 432 704 699 763; x_wconf 81' lang='grc' dir='ltr'><em>βραχυτάτας</em></span> <span class='ocrx_word' id='word_1_64' title='bbox 730 708 945 758; x_wconf 71' lang='grc' dir='ltr'><em>ἐπιστολὰς</em></span> <span class='ocrx_word' id='word_1_65' title='bbox 975 712 1028 765; x_wconf 83' lang='grc' dir='ltr'><strong>τῇ</strong></span> <span class='ocrx_word' id='word_1_66' title='bbox 1057 713 1201 767; x_wconf 86' lang='grc' dir='ltr'><em>γραφῇ</em></span> <span class='ocrx_word' id='word_1_67' title='bbox 1236 709 1523 766; x_wconf 72' lang='grc' dir='ltr'><em>παραδέδωκε,</em></span> <span class='ocrx_word' id='word_1_68' title='bbox 1575 709 1706 751; x_wconf 90' lang='grc' dir='ltr'><em>καίτοι</em></span> 
     </span>
     <span class='ocr_line' id='line_1_9' title="bbox 213 774 1705 836; baseline 0.001 -17"><span class='ocrx_word' id='word_1_69' title='bbox 213 778 343 835; x_wconf 89' lang='grc' dir='ltr'><em>μυριά</em></span> <span class='ocrx_word' id='word_1_70' title='bbox 373 777 441 818; x_wconf 81' lang='grc' dir='ltr'><em>καὶ</em></span> <span class='ocrx_word' id='word_1_71' title='bbox 473 774 688 833; x_wconf 81' lang='grc' dir='ltr'><em>ἀπόρρητα</em></span> <span class='ocrx_word' id='word_1_72' title='bbox 717 776 842 833; x_wconf 77' lang='grc' dir='ltr'><em>λέγειν</em></span> <span class='ocrx_word' id='word_1_73' title='bbox 871 776 986 832; x_wconf 65' lang='grc' dir='ltr'><em>ἔχων,</em></span> <span class='ocrx_word' id='word_1_74' title='bbox 1027 776 1098 820; x_wconf 79' lang='grc' dir='ltr'><strong>ἅτε</strong></span> <span class='ocrx_word' id='word_1_75' title='bbox 1117 778 1170 820; x_wconf 84' lang='grc' dir='ltr'><strong>τὰ</strong></span> <span class='ocrx_word' id='word_1_76' title='bbox 1190 778 1334 835; x_wconf 75' lang='grc' dir='ltr'><em>μέχρις</em></span> <span class='ocrx_word' id='word_1_77' title='bbox 1362 778 1539 836; x_wconf 78' lang='grc' dir='ltr'><em>οὖρανοῦ</em></span> <span class='ocrx_word' id='word_1_78' title='bbox 1565 779 1705 835; x_wconf 82' lang='grc' dir='ltr'><em>τρίτου</em></span> 
     </span>
     <span class='ocr_line' id='line_1_10' title="bbox 214 844 1706 906; baseline -0.001 -16"><span class='ocrx_word' id='word_1_79' title='bbox 214 844 470 904; x_wconf 73' lang='grc' dir='ltr'><em>θεωρήματα</em></span> <span class='ocrx_word' id='word_1_80' title='bbox 495 844 757 902; x_wconf 73' lang='grc' dir='ltr'><em>ε’πιφθάσας,</em></span> <span class='ocrx_word' id='word_1_81' title='bbox 794 845 860 888; x_wconf 75' lang='grc' dir='ltr'><strong>ἐπ’</strong></span> <span class='ocrx_word' id='word_1_82' title='bbox 894 846 1020 889; x_wconf 74' lang='grc' dir='ltr'><em>αὐτὸν</em></span> <span class='ocrx_word' id='word_1_83' title='bbox 1050 847 1094 890; x_wconf 77' lang='grc' dir='ltr'><strong>δὲ</strong></span> <span class='ocrx_word' id='word_1_84' title='bbox 1123 847 1195 890; x_wconf 84' lang='grc' dir='ltr'><strong>τὸν</strong></span> <span class='ocrx_word' id='word_1_85' title='bbox 1222 850 1435 906; x_wconf 76' lang='grc' dir='ltr'><em>θεοπρεπῆ</em></span> <span class='ocrx_word' id='word_1_86' title='bbox 1457 846 1706 905; x_wconf 80' lang='grc' dir='ltr'><em>παράδεισον</em></span> 
     </span>
     <span class='ocr_line' id='line_1_11' title="bbox 216 914 1742 974; baseline 0 -15"><span class='ocrx_word' id='word_1_87' title='bbox 216 916 499 973; x_wconf 72' lang='grc' dir='ltr'><em>ἀναρπασθεὶς</em></span> <span class='ocrx_word' id='word_1_88' title='bbox 528 917 596 957; x_wconf 84' lang='grc' dir='ltr'><em>καὶ</em></span> <span class='ocrx_word' id='word_1_89' title='bbox 617 919 698 958; x_wconf 80' lang='grc' dir='ltr'><strong>τῶν</strong></span> <span class='ocrx_word' id='word_1_90' title='bbox 716 917 840 958; x_wconf 74' lang='grc' dir='ltr'><em>ἐκεῖσε</em></span> <span class='ocrx_word' id='word_1_91' title='bbox 862 915 1155 974; x_wconf 83' lang='grc' dir='ltr'><em>ἆνεκφράστων</em></span> <span class='ocrx_word' id='word_1_92' title='bbox 1176 914 1370 974; x_wconf 80' lang='grc' dir='ltr'><em>ῥημάτων</em></span> <span class='ocrx_word' id='word_1_93' title='bbox 1387 916 1560 959; x_wconf 74' lang='grc' dir='ltr'><em>ἀκοῦσαι</em></span> <span class='ocrx_word' id='word_1_94' title='bbox 1583 917 1742 967; x_wconf 55' lang='lat' dir='ltr'><strong>&amp;gem-11</strong></span> 
     </span>
     <span class='ocr_line' id='line_1_12' title="bbox 217 984 1707 1044; baseline 0 -16"><span class='ocrx_word' id='word_1_95' title='bbox 217 986 321 1036; x_wconf 78' lang='grc' dir='ltr'><em>θείς.</em></span> <span class='ocrx_word' id='word_1_96' title='bbox 391 986 460 1027; x_wconf 86' lang='grc' dir='ltr'><em>καὶ</em></span> <span class='ocrx_word' id='word_1_97' title='bbox 486 984 625 1039; x_wconf 76' lang='grc' dir='ltr'><em>μέντοι</em></span> <span class='ocrx_word' id='word_1_98' title='bbox 657 984 750 1028; x_wconf 74' lang='grc' dir='ltr'><strong>οὐδ’</strong></span> <span class='ocrx_word' id='word_1_99' title='bbox 775 985 814 1028; x_wconf 81' lang='grc' dir='ltr'><strong>οἱ</strong></span> <span class='ocrx_word' id='word_1_100' title='bbox 842 987 975 1028; x_wconf 81' lang='grc' dir='ltr'><em>λοιποὶ</em></span> <span class='ocrx_word' id='word_1_101' title='bbox 997 990 1071 1029; x_wconf 79' lang='grc' dir='ltr'><strong>τοῦ</strong></span> <span class='ocrx_word' id='word_1_102' title='bbox 1089 988 1279 1044; x_wconf 85' lang='grc' dir='ltr'><em>Χριστοῦ</em></span> <span class='ocrx_word' id='word_1_103' title='bbox 1301 985 1511 1043; x_wconf 79' lang='grc' dir='ltr'><em>φοιτηταί,</em></span> <span class='ocrx_word' id='word_1_104' title='bbox 1548 984 1707 1029; x_wconf 79' lang='grc' dir='ltr'><em>δώδεκα</em></span> 
     </span>
     <span class='ocr_line' id='line_1_13' title="bbox 215 1052 1706 1113; baseline 0.001 -16"><span class='ocrx_word' id='word_1_105' title='bbox 215 1055 291 1111; x_wconf 73' lang='grc' dir='ltr'><strong>μὲν</strong></span> <span class='ocrx_word' id='word_1_106' title='bbox 312 1052 532 1097; x_wconf 77' lang='grc' dir='ltr'><em>ἀπόστολοι</em></span> <span class='ocrx_word' id='word_1_107' title='bbox 543 1086 556 1106; x_wconf 97' lang='grc'><em>,</em></span> <span class='ocrx_word' id='word_1_108' title='bbox 586 1054 624 1096; x_wconf 81' lang='grc' dir='ltr'><strong>οἳ</strong></span> <span class='ocrx_word' id='word_1_109' title='bbox 646 1055 691 1096; x_wconf 78' lang='grc' dir='ltr'><strong>δὲ</strong></span> <span class='ocrx_word' id='word_1_110' title='bbox 712 1057 904 1110; x_wconf 73' lang='grc' dir='ltr'><em>μαθηταὶ</em></span> <span class='ocrx_word' id='word_1_111' title='bbox 927 1057 994 1098; x_wconf 82' lang='grc' dir='ltr'><em>καὶ</em></span> <span class='ocrx_word' id='word_1_112' title='bbox 1016 1055 1132 1098; x_wconf 77' lang='grc' dir='ltr'><em>ἄλλοι</em></span> <span class='ocrx_word' id='word_1_113' title='bbox 1155 1055 1260 1113; x_wconf 83' lang='grc' dir='ltr'><em>πρὸς</em></span> <span class='ocrx_word' id='word_1_114' title='bbox 1278 1054 1438 1106; x_wconf 83' lang='grc' dir='ltr'><em>τούτοις</em></span> <span class='ocrx_word' id='word_1_115' title='bbox 1453 1057 1607 1113; x_wconf 87' lang='grc' dir='ltr'><em>μυριόι,</em></span> <span class='ocrx_word' id='word_1_116' title='bbox 1633 1056 1706 1099; x_wconf 74' lang='grc' dir='ltr'><strong>οὐκ</strong></span> 
     </span>
     <span class='ocr_line' id='line_1_14' title="bbox 217 1120 1705 1181; baseline 0.001 -14"><span class='ocrx_word' id='word_1_117' title='bbox 217 1123 378 1181; x_wconf 75' lang='grc' dir='ltr'><em>ἄπειροι</em></span> <span class='ocrx_word' id='word_1_118' title='bbox 405 1121 537 1179; x_wconf 89' lang='grc' dir='ltr'><em>λόγων</em></span> <span class='ocrx_word' id='word_1_119' title='bbox 567 1121 807 1179; x_wconf 74' lang='grc' dir='ltr'><em>ἐτύγχανον·</em></span> <span class='ocrx_word' id='word_1_120' title='bbox 843 1126 911 1167; x_wconf 83' lang='grc' dir='ltr'><em>καὶ</em></span> <span class='ocrx_word' id='word_1_121' title='bbox 934 1124 1046 1179; x_wconf 82' lang='grc' dir='ltr'><em>ὅμως</em></span> <span class='ocrx_word' id='word_1_122' title='bbox 1066 1120 1137 1168; x_wconf 71' lang='grc' dir='ltr'><em>οὖν</em></span> <span class='ocrx_word' id='word_1_123' title='bbox 1158 1125 1205 1176; x_wconf 71' lang='grc' dir='ltr'><strong>ἐξ,</strong></span> <span class='ocrx_word' id='word_1_124' title='bbox 1220 1122 1410 1168; x_wconf 75' lang='grc' dir='ltr'><em>ἁπάντων</em></span> <span class='ocrx_word' id='word_1_125' title='bbox 1432 1129 1513 1167; x_wconf 79' lang='grc' dir='ltr'><strong>τῶν</strong></span> <span class='ocrx_word' id='word_1_126' title='bbox 1534 1129 1608 1167; x_wconf 74' lang='grc' dir='ltr'><strong>τοῦ</strong></span> <span class='ocrx_word' id='word_1_127' title='bbox 1631 1143 1705 1168; x_wconf 84' lang='grc' dir='ltr'><strong>κυ-</strong></span> 
     </span>
     <span class='ocr_line' id='line_1_15' title="bbox 216 1190 1707 1251; baseline 0.001 -15"><span class='ocrx_word' id='word_1_128' title='bbox 216 1196 305 1251; x_wconf 87' lang='grc' dir='ltr'><em>ρίου</em></span> <span class='ocrx_word' id='word_1_129' title='bbox 330 1195 554 1250; x_wconf 73' lang='grc' dir='ltr'><em>διατριβῶν</em></span> <span class='ocrx_word' id='word_1_130' title='bbox 579 1193 630 1235; x_wconf 83' lang='grc' dir='ltr'><strong>τὰ</strong></span> <span class='ocrx_word' id='word_1_131' title='bbox 655 1190 933 1248; x_wconf 69' lang='grc' dir='ltr'><em>ὑπομνήματα</em></span> <span class='ocrx_word' id='word_1_132' title='bbox 957 1196 1190 1244; x_wconf 75' lang='grc' dir='ltr'><em>Ματθαῖος</em></span> <span class='ocrx_word' id='word_1_133' title='bbox 1213 1191 1310 1249; x_wconf 74' lang='grc' dir='ltr'><em>ἧμῒν</em></span> <span class='ocrx_word' id='word_1_134' title='bbox 1333 1196 1401 1237; x_wconf 83' lang='grc' dir='ltr'><em>καὶ</em></span> <span class='ocrx_word' id='word_1_135' title='bbox 1419 1193 1609 1250; x_wconf 80' lang='grc' dir='ltr'><em>Ἰωάννης</em></span> <span class='ocrx_word' id='word_1_136' title='bbox 1629 1212 1707 1237; x_wconf 88' lang='grc' dir='ltr'><em>κα-</em></span> 
     </span>
     <span class='ocr_line' id='line_1_16' title="bbox 163 1261 1742 1321; baseline 0 -16"><span class='ocrx_word' id='word_1_137' title='bbox 163 1269 196 1305; x_wconf 93' lang='lat' dir='ltr'>D</span> <span class='ocrx_word' id='word_1_138' title='bbox 218 1263 517 1314; x_wconf 87' lang='grc' dir='ltr'><em>ταλελοίπασιν,</em></span> <span class='ocrx_word' id='word_1_139' title='bbox 561 1261 632 1313; x_wconf 64' lang='grc' dir='ltr'><strong>οὓς</strong></span> <span class='ocrx_word' id='word_1_140' title='bbox 659 1264 728 1304; x_wconf 86' lang='grc' dir='ltr'><em>καὶ</em></span> <span class='ocrx_word' id='word_1_141' title='bbox 757 1261 979 1319; x_wconf 74' lang='grc' dir='ltr'><em>ἐπάναγκες</em></span> <span class='ocrx_word' id='word_1_142' title='bbox 1008 1264 1072 1305; x_wconf 73' lang='grc' dir='ltr'><strong>ἐπὶ</strong></span> <span class='ocrx_word' id='word_1_143' title='bbox 1102 1263 1148 1306; x_wconf 86' lang='grc' dir='ltr'><strong>τὸ</strong></span> <span class='ocrx_word' id='word_1_144' title='bbox 1178 1262 1352 1321; x_wconf 78' lang='grc' dir='ltr'><em>γράφειν</em></span> <span class='ocrx_word' id='word_1_145' title='bbox 1381 1264 1517 1306; x_wconf 75' lang='grc' dir='ltr'><em>ἐλθεῖν</em></span> <span class='ocrx_word' id='word_1_146' title='bbox 1549 1264 1706 1319; x_wconf 73' lang='grc' dir='ltr'><em>κατέχει</em></span> <span class='ocrx_word' id='word_1_147' title='bbox 1719 1270 1742 1305; x_wconf 67' lang='lat'><strong>1:</strong></span> 
     </span>
     <span class='ocr_line' id='line_1_17' title="bbox 214 1330 1708 1390; baseline 0 -15"><span class='ocrx_word' id='word_1_148' title='bbox 214 1330 358 1389; x_wconf 82' lang='grc' dir='ltr'><em>λόγος,</em></span> <span class='ocrx_word' id='word_1_149' title='bbox 407 1330 543 1390; x_wconf 81' lang='grc' dir='ltr'><em>ὥσπερ</em></span> <span class='ocrx_word' id='word_1_150' title='bbox 568 1333 636 1374; x_wconf 84' lang='grc' dir='ltr'><em>καὶ</em></span> <span class='ocrx_word' id='word_1_151' title='bbox 658 1330 842 1389; x_wconf 88' lang='grc' dir='ltr'><em>Μάρκον</em></span> <span class='ocrx_word' id='word_1_152' title='bbox 871 1334 938 1375; x_wconf 81' lang='grc' dir='ltr'><em>καὶ</em></span> <span class='ocrx_word' id='word_1_153' title='bbox 958 1334 1135 1375; x_wconf 81' lang='grc' dir='ltr'><em>Λουκᾶν</em></span> <span class='ocrx_word' id='word_1_154' title='bbox 1157 1331 1340 1390; x_wconf 74' lang='grc' dir='ltr'><em>ὕστερον.</em></span> <span class='ocrx_word' id='word_1_155' title='bbox 1412 1332 1476 1375; x_wconf 74' lang='grc' dir='ltr'><strong>διὸ</strong></span> <span class='ocrx_word' id='word_1_156' title='bbox 1503 1331 1555 1388; x_wconf 75' lang='grc' dir='ltr'><strong>δή</strong></span> <span class='ocrx_word' id='word_1_157' title='bbox 1582 1350 1708 1390; x_wconf 79' lang='grc' dir='ltr'><em>φησιν</em></span> 
     </span>
     <span class='ocr_line' id='line_1_18' title="bbox 211 1399 1708 1460; baseline 0 -16"><span class='ocrx_word' id='word_1_158' title='bbox 211 1401 234 1445; x_wconf 79' lang='grc' dir='ltr'><em>ὅ</em></span> <span class='ocrx_word' id='word_1_159' title='bbox 266 1402 393 1458; x_wconf 76' lang='grc' dir='ltr'><em>μέγας</em></span> <span class='ocrx_word' id='word_1_160' title='bbox 417 1399 620 1456; x_wconf 81' lang='grc' dir='ltr'><em>Μάξιμος</em></span> <span class='ocrx_word' id='word_1_161' title='bbox 648 1399 701 1443; x_wconf 76' lang='grc' dir='ltr'><strong>“ὃ</strong></span> <span class='ocrx_word' id='word_1_162' title='bbox 734 1399 854 1457; x_wconf 86' lang='grc' dir='ltr'><em>λόγος</em></span> <span class='ocrx_word' id='word_1_163' title='bbox 885 1400 1221 1460; x_wconf 84' lang='grc' dir='ltr'><em>συγγραφόμενος</em></span> <span class='ocrx_word' id='word_1_164' title='bbox 1253 1400 1282 1457; x_wconf 78' lang='grc' dir='ltr'>ἢ</span> <span class='ocrx_word' id='word_1_165' title='bbox 1314 1401 1419 1460; x_wconf 83' lang='grc' dir='ltr'><em>πρὸς</em></span> <span class='ocrx_word' id='word_1_166' title='bbox 1451 1401 1525 1457; x_wconf 83' lang='grc' dir='ltr'><strong>τὴν</strong></span> <span class='ocrx_word' id='word_1_167' title='bbox 1559 1400 1708 1445; x_wconf 70' lang='grc' dir='ltr'><em>ἑαυτοῦ</em></span> 
     </span>
     <span class='ocr_line' id='line_1_19' title="bbox 211 1469 1706 1530; baseline -0.001 -15"><span class='ocrx_word' id='word_1_168' title='bbox 211 1469 442 1526; x_wconf 72' lang='grc' dir='ltr'><em>’ὖπόμνησιν</em></span> <span class='ocrx_word' id='word_1_169' title='bbox 463 1469 765 1528; x_wconf 80' lang='grc' dir='ltr'><em>συγγράφεται,</em></span> <span class='ocrx_word' id='word_1_170' title='bbox 800 1469 828 1526; x_wconf 77' lang='grc' dir='ltr'><strong><em>ἢ</em></strong></span> <span class='ocrx_word' id='word_1_171' title='bbox 858 1472 962 1530; x_wconf 86' lang='grc' dir='ltr'><em>πρὸς</em></span> <span class='ocrx_word' id='word_1_172' title='bbox 997 1471 1197 1530; x_wconf 78' lang='grc' dir='ltr'><em>ὠφέλειαν</em></span> <span class='ocrx_word' id='word_1_173' title='bbox 1223 1469 1385 1528; x_wconf 67' lang='grc' dir='ltr'><em>ἑτέρων,</em></span> <span class='ocrx_word' id='word_1_174' title='bbox 1426 1470 1455 1526; x_wconf 77' lang='grc' dir='ltr'><strong><em>ἢ</em></strong></span> <span class='ocrx_word' id='word_1_175' title='bbox 1473 1474 1540 1514; x_wconf 87' lang='grc' dir='ltr'><em>καὶ</em></span> <span class='ocrx_word' id='word_1_176' title='bbox 1563 1471 1706 1529; x_wconf 74' lang='grc' dir='ltr'><em>ἄμφω,</em></span> 
     </span>
     <span class='ocr_line' id='line_1_20' title="bbox 212 1538 1482 1599; baseline -0.002 -15"><span class='ocrx_word' id='word_1_177' title='bbox 212 1540 240 1597; x_wconf 79' lang='grc' dir='ltr'>ἢ</span> <span class='ocrx_word' id='word_1_178' title='bbox 263 1541 367 1599; x_wconf 86' lang='grc' dir='ltr'><em>πρὸς</em></span> <span class='ocrx_word' id='word_1_179' title='bbox 385 1538 549 1595; x_wconf 82' lang='grc' dir='ltr'><em>βλάβην</em></span> <span class='ocrx_word' id='word_1_180' title='bbox 569 1544 702 1592; x_wconf 83' lang='grc' dir='ltr'><em>τινῶν,</em></span> <span class='ocrx_word' id='word_1_181' title='bbox 735 1538 762 1595; x_wconf 81' lang='grc' dir='ltr'>ἢ</span> <span class='ocrx_word' id='word_1_182' title='bbox 783 1540 887 1598; x_wconf 84' lang='grc' dir='ltr'><em>πρὸς</em></span> <span class='ocrx_word' id='word_1_183' title='bbox 906 1538 1125 1593; x_wconf 79' lang='grc' dir='ltr'><em>ἀπόδειξιν,</em></span> <span class='ocrx_word' id='word_1_184' title='bbox 1156 1539 1184 1597; x_wconf 67' lang='grc' dir='ltr'><strong>’ἢ</strong></span> <span class='ocrx_word' id='word_1_185' title='bbox 1206 1542 1247 1592; x_wconf 78' lang='grc' dir='ltr'><strong>ἒξ</strong></span> <span class='ocrx_word' id='word_1_186' title='bbox 1269 1538 1482 1596; x_wconf 73' lang='grc' dir='ltr'><em>ἆτ’άγκης.”</em></span> 
     </span>
    </p>

    <p class='ocr_par' dir='ltr' id='par_1_3' title="bbox 210 1607 1742 1875">
     <span class='ocr_line' id='line_1_21' title="bbox 351 1607 1742 1667; baseline 0 -15"><span class='ocrx_word' id='word_1_187' title='bbox 351 1608 479 1653; x_wconf 62' lang='lat' dir='ltr'><strong>Effer&amp;</strong></span> <span class='ocrx_word' id='word_1_188' title='bbox 508 1610 552 1652; x_wconf 80' lang='grc' dir='ltr'><strong>δὲ</strong></span> <span class='ocrx_word' id='word_1_189' title='bbox 572 1612 758 1667; x_wconf 79' lang='grc' dir='ltr'><em>Σεβῆρον</em></span> <span class='ocrx_word' id='word_1_190' title='bbox 788 1610 1046 1664; x_wconf 69' lang='grc' dir='ltr'><em>ἐβασίλευσεν</em></span> <span class='ocrx_word' id='word_1_191' title='bbox 1063 1611 1298 1660; x_wconf 83' lang='grc' dir='ltr'><em>Ἀντωνῖνος</em></span> <span class='ocrx_word' id='word_1_192' title='bbox 1315 1609 1405 1659; x_wconf 77' lang='grc' dir='ltr'><em>υἱὸς</em></span> <span class='ocrx_word' id='word_1_193' title='bbox 1425 1607 1613 1666; x_wconf 78' lang='grc' dir='ltr'><em>Σεβήρου</em></span> <span class='ocrx_word' id='word_1_194' title='bbox 1636 1610 1742 1656; x_wconf 56' lang='lat' dir='ltr'><strong>nai&amp;</strong></span> 
     </span>
     <span class='ocr_line' id='line_1_22' title="bbox 212 1677 1706 1736; baseline 0.001 -16"><span class='ocrx_word' id='word_1_195' title='bbox 212 1678 345 1729; x_wconf 75' lang='grc' dir='ltr'><em>Γέτας</em></span> <span class='ocrx_word' id='word_1_196' title='bbox 370 1677 391 1721; x_wconf 83' lang='grc' dir='ltr'><strong><em>ὃ</em></strong></span> <span class='ocrx_word' id='word_1_197' title='bbox 412 1678 593 1735; x_wconf 75' lang='grc' dir='ltr'><em>ἀδελφὸς</em></span> <span class='ocrx_word' id='word_1_198' title='bbox 616 1678 742 1721; x_wconf 75' lang='grc' dir='ltr'><em>αὐτοῦ</em></span> <span class='ocrx_word' id='word_1_199' title='bbox 761 1683 896 1734; x_wconf 81' lang='grc' dir='ltr'><em>μῆνας</em></span> <span class='ocrx_word' id='word_1_200' title='bbox 919 1678 1007 1722; x_wconf 76' lang='grc' dir='ltr'><em>δύο.</em></span> <span class='ocrx_word' id='word_1_201' title='bbox 1079 1681 1147 1722; x_wconf 81' lang='grc' dir='ltr'><em>καὶ</em></span> <span class='ocrx_word' id='word_1_202' title='bbox 1175 1677 1339 1736; x_wconf 79' lang='grc' dir='ltr'><em>σφάξας</em></span> <span class='ocrx_word' id='word_1_203' title='bbox 1356 1677 1427 1721; x_wconf 82' lang='grc' dir='ltr'><strong>τὸν</strong></span> <span class='ocrx_word' id='word_1_204' title='bbox 1453 1678 1559 1721; x_wconf 69' lang='grc' dir='ltr'><em>ἴδιον</em></span> <span class='ocrx_word' id='word_1_205' title='bbox 1582 1677 1706 1721; x_wconf 75' lang='grc' dir='ltr'><em>ἀδελ-</em></span> 
     </span>
     <span class='ocr_line' id='line_1_23' title="bbox 212 1746 1708 1807; baseline 0.001 -17"><span class='ocrx_word' id='word_1_206' title='bbox 212 1748 294 1807; x_wconf 82' lang='grc' dir='ltr'><em>φὸν</em></span> <span class='ocrx_word' id='word_1_207' title='bbox 316 1748 358 1790; x_wconf 75' lang='grc' dir='ltr'><em>ἓν</em></span> <span class='ocrx_word' id='word_1_208' title='bbox 383 1751 443 1806; x_wconf 76' lang='grc' dir='ltr'><strong>τῷ</strong></span> <span class='ocrx_word' id='word_1_209' title='bbox 469 1746 607 1806; x_wconf 79' lang='grc' dir='ltr'><em>κόλπῳ</em></span> <span class='ocrx_word' id='word_1_210' title='bbox 641 1751 715 1802; x_wconf 82' lang='grc' dir='ltr'><strong>τῆς</strong></span> <span class='ocrx_word' id='word_1_211' title='bbox 743 1748 900 1806; x_wconf 80' lang='grc' dir='ltr'><em>μητρὸς</em></span> <span class='ocrx_word' id='word_1_212' title='bbox 921 1746 1195 1805; x_wconf 76' lang='grc' dir='ltr'><em>ἒμονάρχησεν</em></span> <span class='ocrx_word' id='word_1_213' title='bbox 1214 1747 1282 1803; x_wconf 60' lang='grc' dir='ltr'><em>ἔτη</em></span> <span class='ocrx_word' id='word_1_214' title='bbox 1307 1746 1355 1798; x_wconf 89' lang='grc' dir='ltr'><strong>ς’.</strong></span> <span class='ocrx_word' id='word_1_215' title='bbox 1427 1749 1641 1804; x_wconf 79' lang='grc' dir='ltr'><em>Σεραπίων</em></span> <span class='ocrx_word' id='word_1_216' title='bbox 1661 1747 1708 1791; x_wconf 75' lang='grc' dir='ltr'><strong>δέ</strong></span> 
     </span>
     <span class='ocr_line' id='line_1_24' title="bbox 210 1814 1707 1875; baseline -0.001 -14"><span class='ocrx_word' id='word_1_217' title='bbox 210 1836 273 1869; x_wconf 91' lang='grc' dir='ltr'><strong>τις</strong></span> <span class='ocrx_word' id='word_1_218' title='bbox 293 1816 590 1873; x_wconf 76' lang='grc' dir='ltr'><em>μαθηματικὸς</em></span> <span class='ocrx_word' id='word_1_219' title='bbox 619 1814 751 1873; x_wconf 67' lang='grc' dir='ltr'><em>ἔλεγεν</em></span> <span class='ocrx_word' id='word_1_220' title='bbox 781 1814 838 1868; x_wconf 80' lang='grc' dir='ltr'><strong>ὥς</strong></span> <span class='ocrx_word' id='word_1_221' title='bbox 866 1815 1103 1873; x_wconf 72' lang='grc' dir='ltr'><em>τεθνήξεται</em></span> <span class='ocrx_word' id='word_1_222' title='bbox 1125 1818 1199 1860; x_wconf 83' lang='grc' dir='ltr'><strong>οὐκ</strong></span> <span class='ocrx_word' id='word_1_223' title='bbox 1222 1820 1278 1868; x_wconf 75' lang='grc' dir='ltr'><strong>εἷς</strong></span> <span class='ocrx_word' id='word_1_224' title='bbox 1293 1817 1458 1875; x_wconf 81' lang='grc' dir='ltr'><em>μακρὰν</em></span> <span class='ocrx_word' id='word_1_225' title='bbox 1472 1817 1707 1869; x_wconf 76' lang='grc' dir='ltr'><em>Ἀντωνῖνος</em></span> 
     </span>
    </p>
   </div>
   <div class='ocr_carea' id='block_1_3' title="bbox 213 1994 1708 2928">
    <p class='ocr_par' dir='ltr' id='par_1_4' title="bbox 213 1994 1708 2928">
     <span class='ocr_line' id='line_1_25' title="bbox 216 1994 1703 2043; baseline 0.001 -12"><span class='ocrx_word' id='word_1_226' title='bbox 216 2007 332 2043; x_wconf 86' lang='lat' dir='ltr'><strong>neque</strong></span> <span class='ocrx_word' id='word_1_227' title='bbox 354 1994 404 2031; x_wconf 87' lang='lat' dir='ltr'><strong>sis</strong></span> <span class='ocrx_word' id='word_1_228' title='bbox 425 1995 568 2031; x_wconf 90' lang='lat' dir='ltr'><strong>nimium</strong></span> <span class='ocrx_word' id='word_1_229' title='bbox 590 1995 726 2031; x_wconf 86' lang='lat' dir='ltr'><strong>iustus=</strong></span> <span class='ocrx_word' id='word_1_230' title='bbox 748 1995 936 2042; x_wconf 84' lang='lat' dir='ltr'><strong>aliquando</strong></span> <span class='ocrx_word' id='word_1_231' title='bbox 962 1995 1053 2031; x_wconf 89' lang='lat' dir='ltr'><strong>enim</strong></span> <span class='ocrx_word' id='word_1_232' title='bbox 1078 1995 1206 2032; x_wconf 87' lang='lat' dir='ltr'><strong>iustum</strong></span> <span class='ocrx_word' id='word_1_233' title='bbox 1231 2008 1296 2032; x_wconf 85' lang='lat' dir='ltr'><strong>sua</strong></span> <span class='ocrx_word' id='word_1_234' title='bbox 1318 1995 1438 2042; x_wconf 78' lang='lat' dir='ltr'><strong>perdit</strong></span> <span class='ocrx_word' id='word_1_235' title='bbox 1459 1994 1612 2031; x_wconf 84' lang='lat' dir='ltr'><strong>iustitia.</strong></span> <span class='ocrx_word' id='word_1_236' title='bbox 1638 2009 1703 2032; x_wconf 90' lang='lat' dir='ltr'><strong>ne-</strong></span> 
     </span>
     <span class='ocr_line' id='line_1_26' title="bbox 242 2039 1707 2099; baseline 0.001 -21"><span class='ocrx_word' id='word_1_237' title='bbox 242 2056 286 2078; x_wconf 90' lang='lat' dir='ltr'><strong>ue</strong></span> <span class='ocrx_word' id='word_1_238' title='bbox 309 2043 450 2078; x_wconf 89' lang='lat' dir='ltr'><strong>nimium</strong></span> <span class='ocrx_word' id='word_1_239' title='bbox 474 2054 583 2090; x_wconf 83' lang='lat' dir='ltr'><strong>sape,</strong></span> <span class='ocrx_word' id='word_1_240' title='bbox 620 2055 666 2078; x_wconf 91' lang='lat' dir='ltr'><strong>ne</strong></span> <span class='ocrx_word' id='word_1_241' title='bbox 689 2043 827 2090; x_wconf 88' lang='lat' dir='ltr'><strong>quando</strong></span> <span class='ocrx_word' id='word_1_242' title='bbox 854 2043 898 2077; x_wconf 92' lang='lat' dir='ltr'><strong>ad</strong></span> <span class='ocrx_word' id='word_1_243' title='bbox 919 2042 1135 2089; x_wconf 82' lang='lat' dir='ltr'>impietatem</span> <span class='ocrx_word' id='word_1_244' title='bbox 1161 2039 1396 2099; x_wconf 86' lang='lat' dir='ltr'><strong>prolabaris.’&#39;</strong></span> <span class='ocrx_word' id='word_1_245' title='bbox 1442 2042 1622 2078; x_wconf 88' lang='lat' dir='ltr'><strong>enimvero</strong></span> <span class='ocrx_word' id='word_1_246' title='bbox 1642 2045 1707 2079; x_wconf 87' lang='lat' dir='ltr'><strong>has</strong></span> 
     </span>
     <span class='ocr_line' id='line_1_27' title="bbox 215 2056 1708 2136; baseline 0.001 -12"><span class='ocrx_word' id='word_1_247' title='bbox 215 2056 277 2125; x_wconf 56' lang='lat' dir='ltr'><strong>{ile</strong></span> <span class='ocrx_word' id='word_1_248' title='bbox 301 2101 422 2124; x_wconf 88' lang='lat' dir='ltr'><strong>sacras</strong></span> <span class='ocrx_word' id='word_1_249' title='bbox 445 2089 703 2125; x_wconf 79' lang='lat' dir='ltr'><strong>admonitiones</strong></span> <span class='ocrx_word' id='word_1_250' title='bbox 725 2095 955 2136; x_wconf 78' lang='lat' dir='ltr'><strong>aspernatuS,</strong></span> <span class='ocrx_word' id='word_1_251' title='bbox 991 2101 1107 2135; x_wconf 89' lang='lat' dir='ltr'><strong>neque</strong></span> <span class='ocrx_word' id='word_1_252' title='bbox 1141 2090 1255 2125; x_wconf 74' lang='lat' dir='ltr'><strong>divini</strong></span> <span class='ocrx_word' id='word_1_253' title='bbox 1288 2088 1391 2124; x_wconf 87' lang='lat' dir='ltr'><strong>Pauli</strong></span> <span class='ocrx_word' id='word_1_254' title='bbox 1425 2088 1708 2136; x_wconf 59' lang='lat' dir='ltr'><strong>sapientiamjn</strong></span> 
     </span>
     <span class='ocr_line' id='line_1_28' title="bbox 218 2135 1708 2181; baseline 0.001 -10"><span class='ocrx_word' id='word_1_255' title='bbox 218 2136 406 2171; x_wconf 90' lang='lat' dir='ltr'><strong>scribendo</strong></span> <span class='ocrx_word' id='word_1_256' title='bbox 441 2141 583 2171; x_wconf 88' lang='lat' dir='ltr'><strong>secutus</strong></span> <span class='ocrx_word' id='word_1_257' title='bbox 614 2144 682 2171; x_wconf 86' lang='lat' dir='ltr'><strong>est.</strong></span> <span class='ocrx_word' id='word_1_258' title='bbox 727 2135 858 2171; x_wconf 87' lang='lat' dir='ltr'><strong>Paulus</strong></span> <span class='ocrx_word' id='word_1_259' title='bbox 890 2136 982 2171; x_wconf 90' lang='lat' dir='ltr'><strong>enim</strong></span> <span class='ocrx_word' id='word_1_260' title='bbox 1013 2136 1050 2170; x_wconf 86' lang='lat' dir='ltr'><strong>in</strong></span> <span class='ocrx_word' id='word_1_261' title='bbox 1080 2141 1180 2171; x_wconf 87' lang='lat' dir='ltr'><strong>tanto</strong></span> <span class='ocrx_word' id='word_1_262' title='bbox 1206 2136 1318 2172; x_wconf 89' lang='lat' dir='ltr'><strong>omnis</strong></span> <span class='ocrx_word' id='word_1_263' title='bbox 1342 2135 1485 2181; x_wconf 84' lang='lat' dir='ltr'><strong>generis</strong></span> <span class='ocrx_word' id='word_1_264' title='bbox 1508 2147 1708 2173; x_wconf 82' lang='lat' dir='ltr'><strong>sermonum</strong></span> 
     </span>
     <span class='ocr_line' id='line_1_29' title="bbox 217 2182 1708 2237; baseline 0.001 -20"><span class='ocrx_word' id='word_1_265' title='bbox 217 2188 391 2229; x_wconf 82' lang='lat' dir='ltr'><strong>apparatu</strong></span> <span class='ocrx_word' id='word_1_266' title='bbox 414 2183 643 2218; x_wconf 80' lang='lat' dir='ltr'><strong>brevissimas</strong></span> <span class='ocrx_word' id='word_1_267' title='bbox 667 2182 836 2228; x_wconf 83' lang='lat' dir='ltr'><strong>epistolas</strong></span> <span class='ocrx_word' id='word_1_268' title='bbox 860 2183 1011 2237; x_wconf 85' lang='lat' dir='ltr'><strong>scriptas</strong></span> <span class='ocrx_word' id='word_1_269' title='bbox 1032 2182 1196 2228; x_wconf 83' lang='lat' dir='ltr'><strong>reliquit,</strong></span> <span class='ocrx_word' id='word_1_270' title='bbox 1235 2194 1311 2217; x_wconf 92' lang='lat' dir='ltr'><strong>cum</strong></span> <span class='ocrx_word' id='word_1_271' title='bbox 1342 2182 1484 2227; x_wconf 89' lang='lat' dir='ltr'><strong>quidem</strong></span> <span class='ocrx_word' id='word_1_272' title='bbox 1507 2182 1647 2218; x_wconf 83' lang='lat' dir='ltr'><strong>infinita</strong></span> <span class='ocrx_word' id='word_1_273' title='bbox 1671 2188 1708 2218; x_wconf 88' lang='lat' dir='ltr'><strong>et</strong></span> 
     </span>
     <span class='ocr_line' id='line_1_30' title="bbox 217 2228 1708 2276; baseline 0 -12"><span class='ocrx_word' id='word_1_274' title='bbox 217 2242 348 2265; x_wconf 83' lang='lat' dir='ltr'><strong>arcana</strong></span> <span class='ocrx_word' id='word_1_275' title='bbox 369 2234 493 2275; x_wconf 87' lang='lat' dir='ltr'><strong>posset</strong></span> <span class='ocrx_word' id='word_1_276' title='bbox 515 2230 628 2264; x_wconf 87' lang='lat' dir='ltr'><strong>literis</strong></span> <span class='ocrx_word' id='word_1_277' title='bbox 650 2230 804 2274; x_wconf 84' lang='lat' dir='ltr'><strong>tradere,</strong></span> <span class='ocrx_word' id='word_1_278' title='bbox 829 2234 869 2263; x_wconf 87' lang='lat' dir='ltr'><strong>ut</strong></span> <span class='ocrx_word' id='word_1_279' title='bbox 887 2241 949 2274; x_wconf 81' lang='lat' dir='ltr'><strong>qul</strong></span> <span class='ocrx_word' id='word_1_280' title='bbox 968 2240 1080 2276; x_wconf 86' lang='lat' dir='ltr'><strong>usque</strong></span> <span class='ocrx_word' id='word_1_281' title='bbox 1102 2230 1148 2264; x_wconf 83' lang='lat' dir='ltr'><strong>ad</strong></span> <span class='ocrx_word' id='word_1_282' title='bbox 1171 2229 1271 2264; x_wconf 83' lang='lat' dir='ltr'><strong>tertii</strong></span> <span class='ocrx_word' id='word_1_283' title='bbox 1295 2228 1385 2263; x_wconf 76' lang='lat' dir='ltr'><strong>caeli</strong></span> <span class='ocrx_word' id='word_1_284' title='bbox 1408 2229 1611 2273; x_wconf 68' lang='lat' dir='ltr'><strong>spectacula</strong></span> <span class='ocrx_word' id='word_1_285' title='bbox 1632 2229 1708 2264; x_wconf 88' lang='lat' dir='ltr'><strong>ela-</strong></span> 
     </span>
     <span class='ocr_line' id='line_1_31' title="bbox 216 2274 1708 2322; baseline 0.001 -11"><span class='ocrx_word' id='word_1_286' title='bbox 216 2282 273 2311; x_wconf 84' lang='lat' dir='ltr'><strong>tus</strong></span> <span class='ocrx_word' id='word_1_287' title='bbox 307 2276 415 2321; x_wconf 89' lang='lat' dir='ltr'><strong>inque</strong></span> <span class='ocrx_word' id='word_1_288' title='bbox 444 2276 559 2322; x_wconf 91' lang='lat' dir='ltr'><strong>ipsum</strong></span> <span class='ocrx_word' id='word_1_289' title='bbox 591 2275 747 2310; x_wconf 88' lang='lat' dir='ltr'><strong>divinum</strong></span> <span class='ocrx_word' id='word_1_290' title='bbox 779 2276 979 2321; x_wconf 85' lang='lat' dir='ltr'><strong>paradisum</strong></span> <span class='ocrx_word' id='word_1_291' title='bbox 1017 2277 1184 2322; x_wconf 88' lang='lat' dir='ltr'><strong>abreptus</strong></span> <span class='ocrx_word' id='word_1_292' title='bbox 1212 2275 1335 2321; x_wconf 87' lang='lat' dir='ltr'><strong>ibique</strong></span> <span class='ocrx_word' id='word_1_293' title='bbox 1369 2274 1566 2310; x_wconf 81' lang='lat' dir='ltr'><strong>ineffabilia</strong></span> <span class='ocrx_word' id='word_1_294' title='bbox 1592 2277 1708 2312; x_wconf 78' lang='lat' dir='ltr'><strong>verba</strong></span> 
     </span>
     <span class='ocr_line' id='line_1_32' title="bbox 213 2321 1705 2368; baseline -0.001 -10"><span class='ocrx_word' id='word_1_295' title='bbox 213 2323 336 2358; x_wconf 82' lang='lat' dir='ltr'><strong>audire</strong></span> <span class='ocrx_word' id='word_1_296' title='bbox 359 2323 524 2367; x_wconf 87' lang='lat' dir='ltr'><strong>dignatus</strong></span> <span class='ocrx_word' id='word_1_297' title='bbox 549 2327 657 2357; x_wconf 89' lang='lat' dir='ltr'><strong>esset.</strong></span> <span class='ocrx_word' id='word_1_298' title='bbox 706 2321 791 2367; x_wconf 94' lang='lat' dir='ltr'><strong>quin</strong></span> <span class='ocrx_word' id='word_1_299' title='bbox 819 2327 856 2356; x_wconf 84' lang='lat' dir='ltr'><strong>et</strong></span> <span class='ocrx_word' id='word_1_300' title='bbox 878 2322 1007 2368; x_wconf 88' lang='lat' dir='ltr'><strong>reliqui</strong></span> <span class='ocrx_word' id='word_1_301' title='bbox 1033 2322 1171 2357; x_wconf 83' lang='lat' dir='ltr'><strong>Christi</strong></span> <span class='ocrx_word' id='word_1_302' title='bbox 1194 2322 1395 2366; x_wconf 83' lang='lat' dir='ltr'><strong>auditores,</strong></span> <span class='ocrx_word' id='word_1_303' title='bbox 1428 2322 1613 2357; x_wconf 88' lang='lat' dir='ltr'><strong>duodecim</strong></span> <span class='ocrx_word' id='word_1_304' title='bbox 1637 2334 1705 2357; x_wconf 88' lang='lat' dir='ltr'><strong>nn-</strong></span> 
     </span>
     <span class='ocr_line' id='line_1_33' title="bbox 213 2367 1706 2415; baseline 0 -12"><span class='ocrx_word' id='word_1_305' title='bbox 213 2381 309 2404; x_wconf 88' lang='lat' dir='ltr'><strong>mero</strong></span> <span class='ocrx_word' id='word_1_306' title='bbox 341 2369 494 2414; x_wconf 82' lang='lat' dir='ltr'><strong>apostoli</strong></span> <span class='ocrx_word' id='word_1_307' title='bbox 524 2374 561 2404; x_wconf 87' lang='lat' dir='ltr'><strong>et</strong></span> <span class='ocrx_word' id='word_1_308' title='bbox 590 2368 818 2414; x_wconf 84' lang='lat' dir='ltr'><strong>septuaginta</strong></span> <span class='ocrx_word' id='word_1_309' title='bbox 850 2369 1036 2415; x_wconf 90' lang='lat' dir='ltr'><strong>discipuli,</strong></span> <span class='ocrx_word' id='word_1_310' title='bbox 1085 2381 1127 2404; x_wconf 86' lang='lat' dir='ltr'><strong>ac</strong></span> <span class='ocrx_word' id='word_1_311' title='bbox 1159 2374 1304 2415; x_wconf 83' lang='lat' dir='ltr'><strong>praeter</strong></span> <span class='ocrx_word' id='word_1_312' title='bbox 1331 2367 1395 2402; x_wconf 81' lang='lat' dir='ltr'><strong>hos</strong></span> <span class='ocrx_word' id='word_1_313' title='bbox 1427 2368 1601 2403; x_wconf 83' lang='lat' dir='ltr'><strong>innumeri</strong></span> <span class='ocrx_word' id='word_1_314' title='bbox 1631 2369 1706 2414; x_wconf 82' lang='lat' dir='ltr'><strong>alii,</strong></span> 
     </span>
     <span class='ocr_line' id='line_1_34' title="bbox 214 2414 1706 2461; baseline 0.001 -12"><span class='ocrx_word' id='word_1_315' title='bbox 214 2427 412 2461; x_wconf 83' lang='lat' dir='ltr'><strong>quanquam</strong></span> <span class='ocrx_word' id='word_1_316' title='bbox 432 2428 502 2450; x_wconf 92' lang='lat' dir='ltr'><strong>non</strong></span> <span class='ocrx_word' id='word_1_317' title='bbox 523 2415 687 2451; x_wconf 87' lang='lat' dir='ltr'><strong>indiserti</strong></span> <span class='ocrx_word' id='word_1_318' title='bbox 712 2419 850 2459; x_wconf 83' lang='lat' dir='ltr'><strong>essent,</strong></span> <span class='ocrx_word' id='word_1_319' title='bbox 874 2420 991 2450; x_wconf 84' lang='lat' dir='ltr'><strong>tamen</strong></span> <span class='ocrx_word' id='word_1_320' title='bbox 1016 2427 1059 2449; x_wconf 86' lang='lat' dir='ltr'><strong>ex</strong></span> <span class='ocrx_word' id='word_1_321' title='bbox 1082 2420 1184 2450; x_wconf 86' lang='lat' dir='ltr'><strong>tanta</strong></span> <span class='ocrx_word' id='word_1_322' title='bbox 1214 2416 1318 2449; x_wconf 84' lang='lat' dir='ltr'><strong>turba</strong></span> <span class='ocrx_word' id='word_1_323' title='bbox 1344 2414 1547 2449; x_wconf 81' lang='lat' dir='ltr'><strong>Matthaeus</strong></span> <span class='ocrx_word' id='word_1_324' title='bbox 1571 2420 1706 2450; x_wconf 86' lang='lat' dir='ltr'><strong>tantum</strong></span> 
     </span>
     <span class='ocr_line' id='line_1_35' title="bbox 214 2460 1706 2507; baseline 0 -10"><span class='ocrx_word' id='word_1_325' title='bbox 214 2468 252 2497; x_wconf 85' lang='lat' dir='ltr'><strong>et</strong></span> <span class='ocrx_word' id='word_1_326' title='bbox 274 2463 427 2497; x_wconf 84' lang='lat' dir='ltr'><strong>Ioannes</strong></span> <span class='ocrx_word' id='word_1_327' title='bbox 451 2462 720 2497; x_wconf 87' lang='lat' dir='ltr'><strong>commentarios</strong></span> <span class='ocrx_word' id='word_1_328' title='bbox 744 2462 789 2496; x_wconf 91' lang='lat' dir='ltr'><strong>de</strong></span> <span class='ocrx_word' id='word_1_329' title='bbox 814 2461 890 2496; x_wconf 80' lang='lat' dir='ltr'><strong>vita</strong></span> <span class='ocrx_word' id='word_1_330' title='bbox 920 2467 958 2496; x_wconf 88' lang='lat' dir='ltr'><strong>et</strong></span> <span class='ocrx_word' id='word_1_331' title='bbox 987 2461 1094 2496; x_wconf 90' lang='lat' dir='ltr'><strong>dictis</strong></span> <span class='ocrx_word' id='word_1_332' title='bbox 1127 2466 1235 2507; x_wconf 85' lang='lat' dir='ltr'><strong>atque</strong></span> <span class='ocrx_word' id='word_1_333' title='bbox 1258 2460 1365 2495; x_wconf 84' lang='lat' dir='ltr'><strong>factis</strong></span> <span class='ocrx_word' id='word_1_334' title='bbox 1388 2460 1526 2495; x_wconf 87' lang='lat' dir='ltr'><strong>Christi</strong></span> <span class='ocrx_word' id='word_1_335' title='bbox 1548 2461 1706 2507; x_wconf 83' lang='lat' dir='ltr'><strong>scripse-</strong></span> 
     </span>
     <span class='ocr_line' id='line_1_36' title="bbox 213 2507 1705 2554; baseline 0 -11"><span class='ocrx_word' id='word_1_336' title='bbox 213 2515 319 2554; x_wconf 90' lang='lat' dir='ltr'><strong>runt,</strong></span> <span class='ocrx_word' id='word_1_337' title='bbox 352 2509 588 2554; x_wconf 83' lang='lat' dir='ltr'><strong>necessitate,</strong></span> <span class='ocrx_word' id='word_1_338' title='bbox 621 2514 661 2543; x_wconf 90' lang='lat' dir='ltr'><strong>ut</strong></span> <span class='ocrx_word' id='word_1_339' title='bbox 683 2509 817 2552; x_wconf 87' lang='lat' dir='ltr'><strong>fertur,</strong></span> <span class='ocrx_word' id='word_1_340' title='bbox 845 2509 889 2543; x_wconf 84' lang='lat' dir='ltr'><strong>ad</strong></span> <span class='ocrx_word' id='word_1_341' title='bbox 914 2508 1137 2543; x_wconf 87' lang='lat' dir='ltr'><strong>scribendum</strong></span> <span class='ocrx_word' id='word_1_342' title='bbox 1161 2507 1354 2554; x_wconf 90' lang='lat' dir='ltr'><strong>compulsi,</strong></span> <span class='ocrx_word' id='word_1_343' title='bbox 1390 2507 1496 2542; x_wconf 87' lang='lat' dir='ltr'><strong>sicuti</strong></span> <span class='ocrx_word' id='word_1_344' title='bbox 1521 2512 1558 2543; x_wconf 88' lang='lat' dir='ltr'><strong>et</strong></span> <span class='ocrx_word' id='word_1_345' title='bbox 1579 2514 1705 2553; x_wconf 84' lang='lat' dir='ltr'><strong>postea</strong></span> 
     </span>
     <span class='ocr_line' id='line_1_37' title="bbox 214 2551 1704 2601; baseline 0.001 -12"><span class='ocrx_word' id='word_1_346' title='bbox 214 2555 383 2600; x_wconf 86' lang='lat' dir='ltr'><strong>temporis</strong></span> <span class='ocrx_word' id='word_1_347' title='bbox 406 2556 549 2590; x_wconf 84' lang='lat' dir='ltr'><strong>Marcus</strong></span> <span class='ocrx_word' id='word_1_348' title='bbox 573 2559 681 2601; x_wconf 84' lang='lat' dir='ltr'><strong>atque</strong></span> <span class='ocrx_word' id='word_1_349' title='bbox 704 2554 834 2589; x_wconf 83' lang='lat' dir='ltr'><strong>Lucas.</strong></span> <span class='ocrx_word' id='word_1_350' title='bbox 882 2554 964 2589; x_wconf 88' lang='lat' dir='ltr'><strong>ideo</strong></span> <span class='ocrx_word' id='word_1_351' title='bbox 997 2566 1144 2600; x_wconf 85' lang='lat' dir='ltr'><strong>magnus</strong></span> <span class='ocrx_word' id='word_1_352' title='bbox 1167 2554 1227 2589; x_wconf 92' lang='lat' dir='ltr'><strong>ille</strong></span> <span class='ocrx_word' id='word_1_353' title='bbox 1250 2553 1423 2588; x_wconf 80' lang='lat' dir='ltr'><strong>Maximus</strong></span> <span class='ocrx_word' id='word_1_354' title='bbox 1449 2553 1502 2588; x_wconf 89' lang='lat' dir='ltr'><strong>sic</strong></span> <span class='ocrx_word' id='word_1_355' title='bbox 1536 2554 1588 2589; x_wconf 87' lang='lat' dir='ltr'><strong>ait</strong></span> <span class='ocrx_word' id='word_1_356' title='bbox 1618 2551 1704 2599; x_wconf 78' lang='lat' dir='ltr'><strong>“qui</strong></span> 
     </span>
     <span class='ocr_line' id='line_1_38' title="bbox 213 2600 1704 2647; baseline 0.001 -13"><span class='ocrx_word' id='word_1_357' title='bbox 213 2601 324 2636; x_wconf 87' lang='lat' dir='ltr'><strong>libros</strong></span> <span class='ocrx_word' id='word_1_358' title='bbox 348 2602 485 2647; x_wconf 87' lang='lat' dir='ltr'><strong>scribit,</strong></span> <span class='ocrx_word' id='word_1_359' title='bbox 508 2602 597 2636; x_wconf 82' lang='lat' dir='ltr'><strong>facit</strong></span> <span class='ocrx_word' id='word_1_360' title='bbox 619 2602 687 2636; x_wconf 92' lang='lat' dir='ltr'><strong>hoc</strong></span> <span class='ocrx_word' id='word_1_361' title='bbox 711 2607 774 2636; x_wconf 84' lang='lat' dir='ltr'><strong>aut</strong></span> <span class='ocrx_word' id='word_1_362' title='bbox 796 2600 866 2636; x_wconf 90' lang='lat' dir='ltr'><strong>sibi</strong></span> <span class='ocrx_word' id='word_1_363' title='bbox 887 2601 1172 2636; x_wconf 87' lang='lat' dir='ltr'><strong>commentarium</strong></span> <span class='ocrx_word' id='word_1_364' title='bbox 1196 2600 1346 2647; x_wconf 82' lang='lat' dir='ltr'><strong>parandi</strong></span> <span class='ocrx_word' id='word_1_365' title='bbox 1369 2611 1496 2644; x_wconf 89' lang='lat' dir='ltr'><strong>causa,</strong></span> <span class='ocrx_word' id='word_1_366' title='bbox 1521 2606 1582 2635; x_wconf 86' lang='lat' dir='ltr'><strong>aut</strong></span> <span class='ocrx_word' id='word_1_367' title='bbox 1605 2601 1704 2635; x_wconf 87' lang='lat' dir='ltr'><strong>utili-</strong></span> 
     </span>
     <span class='ocr_line' id='line_1_39' title="bbox 215 2646 1706 2694; baseline 0.002 -13"><span class='ocrx_word' id='word_1_368' title='bbox 215 2648 300 2681; x_wconf 86' lang='lat' dir='ltr'><strong>tatis</strong></span> <span class='ocrx_word' id='word_1_369' title='bbox 324 2647 470 2683; x_wconf 84' lang='lat' dir='ltr'><strong>aliorum</strong></span> <span class='ocrx_word' id='word_1_370' title='bbox 493 2648 629 2694; x_wconf 79' lang='lat' dir='ltr'><strong>gratia,</strong></span> <span class='ocrx_word' id='word_1_371' title='bbox 663 2652 724 2683; x_wconf 84' lang='lat' dir='ltr'><strong>aut</strong></span> <span class='ocrx_word' id='word_1_372' title='bbox 757 2647 942 2693; x_wconf 87' lang='lat' dir='ltr'><strong>utriusque</strong></span> <span class='ocrx_word' id='word_1_373' title='bbox 975 2660 1082 2694; x_wconf 86' lang='lat' dir='ltr'><strong>ergo,</strong></span> <span class='ocrx_word' id='word_1_374' title='bbox 1120 2652 1182 2682; x_wconf 85' lang='lat' dir='ltr'><strong>aut</strong></span> <span class='ocrx_word' id='word_1_375' title='bbox 1212 2647 1258 2682; x_wconf 89' lang='lat' dir='ltr'><strong>ad</strong></span> <span class='ocrx_word' id='word_1_376' title='bbox 1289 2647 1484 2683; x_wconf 83' lang='lat' dir='ltr'><strong>nocendum</strong></span> <span class='ocrx_word' id='word_1_377' title='bbox 1507 2646 1611 2693; x_wconf 87' lang='lat' dir='ltr'><strong>aliis,</strong></span> <span class='ocrx_word' id='word_1_378' title='bbox 1644 2652 1706 2684; x_wconf 84' lang='lat' dir='ltr'><strong>aut</strong></span> 
     </span>
     <span class='ocr_line' id='line_1_40' title="bbox 217 2690 1553 2740; baseline 0.006 -14"><span class='ocrx_word' id='word_1_379' title='bbox 217 2695 418 2729; x_wconf 85' lang='lat' dir='ltr'><strong>ostentandi</strong></span> <span class='ocrx_word' id='word_1_380' title='bbox 441 2694 571 2740; x_wconf 89' lang='lat' dir='ltr'><strong>studio,</strong></span> <span class='ocrx_word' id='word_1_381' title='bbox 596 2699 657 2729; x_wconf 82' lang='lat' dir='ltr'><strong>aut</strong></span> <span class='ocrx_word' id='word_1_382' title='bbox 678 2690 860 2730; x_wconf 82' lang='lat' dir='ltr'><strong>coactus.&#39;&#39;</strong></span> <span class='ocrx_word' id='word_1_383' title='bbox 1450 2731 1453 2737; x_wconf 83' lang='lat'><em>,</em></span> <span class='ocrx_word' id='word_1_384' title='bbox 1548 2690 1553 2697; x_wconf 29' lang='lat' dir='ltr'><strong>d</strong></span> 
     </span>
     <span class='ocr_line' id='line_1_41' title="bbox 309 2739 1702 2784; baseline 0.002 -12"><span class='ocrx_word' id='word_1_385' title='bbox 309 2739 397 2775; x_wconf 88' lang='lat' dir='ltr'><strong>Post</strong></span> <span class='ocrx_word' id='word_1_386' title='bbox 420 2742 593 2776; x_wconf 86' lang='lat' dir='ltr'><strong>Severum</strong></span> <span class='ocrx_word' id='word_1_387' title='bbox 623 2741 690 2775; x_wconf 82' lang='lat' dir='ltr'><strong>filii</strong></span> <span class='ocrx_word' id='word_1_388' title='bbox 717 2741 792 2775; x_wconf 89' lang='lat' dir='ltr'><strong>eius</strong></span> <span class='ocrx_word' id='word_1_389' title='bbox 814 2739 1012 2776; x_wconf 87' lang='lat' dir='ltr'><strong>Antoninus</strong></span> <span class='ocrx_word' id='word_1_390' title='bbox 1037 2743 1074 2775; x_wconf 86' lang='lat' dir='ltr'><strong>et</strong></span> <span class='ocrx_word' id='word_1_391' title='bbox 1097 2741 1192 2775; x_wconf 85' lang='lat' dir='ltr'><strong>Geta</strong></span> <span class='ocrx_word' id='word_1_392' title='bbox 1216 2739 1482 2784; x_wconf 86' lang='lat' dir='ltr'><strong>imperaverunt</strong></span> <span class='ocrx_word' id='word_1_393' title='bbox 1504 2751 1641 2775; x_wconf 86' lang='lat' dir='ltr'><strong>menses</strong></span> <span class='ocrx_word' id='word_1_394' title='bbox 1665 2741 1702 2776; x_wconf 71' lang='grc' dir='ltr'><strong>Ξ.</strong></span> 
     </span>
     <span class='ocr_line' id='line_1_42' title="bbox 218 2785 1703 2833; baseline 0.002 -15"><span class='ocrx_word' id='word_1_395' title='bbox 218 2785 375 2820; x_wconf 87' lang='lat' dir='ltr'><strong>Severus</strong></span> <span class='ocrx_word' id='word_1_396' title='bbox 399 2786 547 2833; x_wconf 88' lang='lat' dir='ltr'><strong>deinde,</strong></span> <span class='ocrx_word' id='word_1_397' title='bbox 580 2799 656 2821; x_wconf 91' lang='lat' dir='ltr'><strong>cum</strong></span> <span class='ocrx_word' id='word_1_398' title='bbox 687 2788 834 2822; x_wconf 81' lang='lat' dir='ltr'><strong>fratrem</strong></span> <span class='ocrx_word' id='word_1_399' title='bbox 863 2786 901 2820; x_wconf 90' lang='lat' dir='ltr'><strong>in</strong></span> <span class='ocrx_word' id='word_1_400' title='bbox 934 2788 1014 2822; x_wconf 89' lang='lat' dir='ltr'><strong>sinu</strong></span> <span class='ocrx_word' id='word_1_401' title='bbox 1037 2787 1161 2822; x_wconf 89' lang='lat' dir='ltr'><strong>matris</strong></span> <span class='ocrx_word' id='word_1_402' title='bbox 1185 2790 1367 2830; x_wconf 88' lang='lat' dir='ltr'><strong>necasset,</strong></span> <span class='ocrx_word' id='word_1_403' title='bbox 1402 2785 1498 2820; x_wconf 82' lang='lat' dir='ltr'><strong>solus</strong></span> <span class='ocrx_word' id='word_1_404' title='bbox 1520 2786 1703 2831; x_wconf 89' lang='lat' dir='ltr'><strong>imperium</strong></span> 
     </span>
     <span class='ocr_line' id='line_1_43' title="bbox 219 2830 1707 2879; baseline 0.003 -16"><span class='ocrx_word' id='word_1_405' title='bbox 219 2830 332 2876; x_wconf 85' lang='lat' dir='ltr'><strong>gessit</strong></span> <span class='ocrx_word' id='word_1_406' title='bbox 355 2843 463 2868; x_wconf 89' lang='lat' dir='ltr'><strong>annos</strong></span> <span class='ocrx_word' id='word_1_407' title='bbox 488 2835 523 2869; x_wconf 88' lang='lat'><strong>6.</strong></span> <span class='ocrx_word' id='word_1_408' title='bbox 571 2834 714 2879; x_wconf 88' lang='lat' dir='ltr'><strong>quidam</strong></span> <span class='ocrx_word' id='word_1_409' title='bbox 736 2845 823 2869; x_wconf 90' lang='lat' dir='ltr'><strong>vero</strong></span> <span class='ocrx_word' id='word_1_410' title='bbox 848 2833 1126 2877; x_wconf 79' lang='lat' dir='ltr'><strong>mathematicus,</strong></span> <span class='ocrx_word' id='word_1_411' title='bbox 1152 2832 1327 2878; x_wconf 86' lang='lat' dir='ltr'><strong>Serapion</strong></span> <span class='ocrx_word' id='word_1_412' title='bbox 1352 2831 1504 2878; x_wconf 90' lang='lat' dir='ltr'><strong>nomine,</strong></span> <span class='ocrx_word' id='word_1_413' title='bbox 1528 2833 1707 2878; x_wconf 81' lang='lat' dir='ltr'><strong>praedixit</strong></span> 
     </span>
     <span class='ocr_line' id='line_1_44' title="bbox 220 2876 1705 2928; baseline 0.001 -15"><span class='ocrx_word' id='word_1_414' title='bbox 220 2876 432 2914; x_wconf 86' lang='lat' dir='ltr'><strong>Antoninum</strong></span> <span class='ocrx_word' id='word_1_415' title='bbox 464 2891 535 2915; x_wconf 92' lang='lat' dir='ltr'><strong>non</strong></span> <span class='ocrx_word' id='word_1_416' title='bbox 569 2880 676 2916; x_wconf 89' lang='lat' dir='ltr'><strong>multo</strong></span> <span class='ocrx_word' id='word_1_417' title='bbox 710 2885 792 2927; x_wconf 86' lang='lat' dir='ltr'><strong>post</strong></span> <span class='ocrx_word' id='word_1_418' title='bbox 825 2879 1041 2928; x_wconf 82' lang='lat' dir='ltr'><strong>periturum,</strong></span> <span class='ocrx_word' id='word_1_419' title='bbox 1085 2879 1189 2926; x_wconf 87' lang='lat' dir='ltr'><strong>eique</strong></span> <span class='ocrx_word' id='word_1_420' title='bbox 1220 2878 1417 2914; x_wconf 86' lang='lat' dir='ltr'><strong>Macrinum</strong></span> <span class='ocrx_word' id='word_1_421' title='bbox 1449 2890 1705 2926; x_wconf 87' lang='lat' dir='ltr'><strong>successurum,</strong></span> 
     </span>
    </p>
   </div>
  </div>
 </body>
</html>
