<?xml version="1.0" encoding="UTF-8"?>
<!DOCTYPE html PUBLIC "-//W3C//DTD XHTML 1.0 Transitional//EN"
    "http://www.w3.org/TR/xhtml1/DTD/xhtml1-transitional.dtd">
<html xmlns="http://www.w3.org/1999/xhtml" xml:lang="en" lang="en">
 <head>
  <title>
</title>
<meta http-equiv="Content-Type" content="text/html;charset=utf-8" />
  <meta name='ocr-system' content='tesseract 3.04.00' />
  <meta name='ocr-capabilities' content='ocr_page ocr_carea ocr_par ocr_line ocrx_word'/>
</head>
<body>
  <div class='ocr_page' id='page_1' title='image "./corpusscriptorum13niebuoft_0278.png"; bbox 0 0 1742 3184; ppageno 0'>
   <div class='ocr_carea' id='block_1_1' title="bbox 215 209 1220 262">
    <p class='ocr_par' dir='ltr' id='par_1_1' title="bbox 215 209 1220 262">
     <span class='ocr_line' id='line_1_1' title="bbox 215 209 1220 262; baseline -0.002 -1"><span class='ocrx_word' id='word_1_1' title='bbox 215 209 318 262; x_wconf 78' lang='lat'><strong><em>254</em></strong></span> <span class='ocrx_word' id='word_1_2' title='bbox 699 212 943 260; x_wconf 90' lang='lat' dir='ltr'>GEORGII</span> <span class='ocrx_word' id='word_1_3' title='bbox 971 212 1220 259; x_wconf 85' lang='lat' dir='ltr'><strong>GEDRENI</strong></span> 
     </span>
    </p>
   </div>
   <div class='ocr_carea' id='block_1_2' title="bbox 63 322 1742 1922">
    <p class='ocr_par' dir='ltr' id='par_1_2' title="bbox 210 322 1728 737">
     <span class='ocr_line' id='line_1_2' title="bbox 214 322 1697 389; baseline -0.001 -15"><span class='ocrx_word' id='word_1_4' title='bbox 214 333 297 374; x_wconf 79' lang='grc' dir='ltr'><strong><em>τῶν</em></strong></span> <span class='ocrx_word' id='word_1_5' title='bbox 313 328 543 389; x_wconf 80' lang='grc' dir='ltr'><strong><em>προσοίκων</em></strong></span> <span class='ocrx_word' id='word_1_6' title='bbox 563 331 846 387; x_wconf 78' lang='grc' dir='ltr'><strong><em>Σαμαρειτῶν.</em></strong></span> <span class='ocrx_word' id='word_1_7' title='bbox 915 330 983 373; x_wconf 78' lang='grc' dir='ltr'><strong><em>καὶ</em></strong></span> <span class='ocrx_word' id='word_1_8' title='bbox 1003 322 1111 385; x_wconf 75' lang='grc' dir='ltr'><strong><em>ἦσαν</em></strong></span> <span class='ocrx_word' id='word_1_9' title='bbox 1129 328 1171 372; x_wconf 78' lang='grc' dir='ltr'><strong><em>ἓν</em></strong></span> <span class='ocrx_word' id='word_1_10' title='bbox 1187 332 1245 388; x_wconf 78' lang='grc' dir='ltr'><strong><em>τῷ</em></strong></span> <span class='ocrx_word' id='word_1_11' title='bbox 1265 327 1378 389; x_wconf 70' lang='grc' dir='ltr'><strong><em>αὐτῷ</em></strong></span> <span class='ocrx_word' id='word_1_12' title='bbox 1401 325 1581 386; x_wconf 80' lang='grc' dir='ltr'><strong><em>σχῆματι</em></strong></span> <span class='ocrx_word' id='word_1_13' title='bbox 1591 327 1697 387; x_wconf 83' lang='grc' dir='ltr'><strong><em>χρό-</em></strong></span> 
     </span>
     <span class='ocr_line' id='line_1_3' title="bbox 212 397 1698 461; baseline 0 -19"><span class='ocrx_word' id='word_1_14' title='bbox 212 416 310 461; x_wconf 68' lang='grc' dir='ltr'><strong><em>νους</em></strong></span> <span class='ocrx_word' id='word_1_15' title='bbox 327 398 400 456; x_wconf 83' lang='grc' dir='ltr'><strong><em>μα’</em></strong></span> <span class='ocrx_word' id='word_1_16' title='bbox 421 400 497 451; x_wconf 72' lang='grc' dir='ltr'><strong><em>ἕως</em></strong></span> <span class='ocrx_word' id='word_1_17' title='bbox 514 404 587 443; x_wconf 77' lang='grc' dir='ltr'><strong><em>τοῦ</em></strong></span> <span class='ocrx_word' id='word_1_18' title='bbox 607 401 797 458; x_wconf 79' lang='grc' dir='ltr'><strong><em>δευτέρου</em></strong></span> <span class='ocrx_word' id='word_1_19' title='bbox 817 398 932 451; x_wconf 72' lang='grc' dir='ltr'><strong><em>ἴτους</em></strong></span> <span class='ocrx_word' id='word_1_20' title='bbox 952 398 1148 457; x_wconf 85' lang='grc' dir='ltr'><strong><em>Δαρείου.</em></strong></span> <span class='ocrx_word' id='word_1_21' title='bbox 1201 397 1286 442; x_wconf 78' lang='grc' dir='ltr'><strong><em>εἶτα</em></strong></span> <span class='ocrx_word' id='word_1_22' title='bbox 1305 403 1533 457; x_wconf 79' lang='grc' dir='ltr'><strong><em>πληροῦται</em></strong></span> <span class='ocrx_word' id='word_1_23' title='bbox 1555 397 1577 442; x_wconf 84' lang='grc' dir='ltr'><strong>ὃ</strong></span> <span class='ocrx_word' id='word_1_24' title='bbox 1599 399 1698 450; x_wconf 83' lang='grc' dir='ltr'><strong><em>ναὸς</em></strong></span> 
     </span>
     <span class='ocr_line' id='line_1_4' title="bbox 213 467 1697 526; baseline 0.001 -15"><span class='ocrx_word' id='word_1_25' title='bbox 213 470 278 512; x_wconf 70' lang='grc' dir='ltr'><strong><em>ἐπὶ</em></strong></span> <span class='ocrx_word' id='word_1_26' title='bbox 300 467 346 521; x_wconf 55' lang='grc' dir='ltr'><strong><em>(ἐξ</em></strong></span> <span class='ocrx_word' id='word_1_27' title='bbox 361 467 525 526; x_wconf 79' lang='grc' dir='ltr'><strong><em>χρόνοις</em></strong></span> <span class='ocrx_word' id='word_1_28' title='bbox 548 470 604 512; x_wconf 75' lang='grc' dir='ltr'><strong><em>δι’</em></strong></span> <span class='ocrx_word' id='word_1_29' title='bbox 629 467 896 525; x_wconf 72' lang='grc' dir='ltr'><strong><em>ὑπομνήσεως</em></strong></span> <span class='ocrx_word' id='word_1_30' title='bbox 924 470 991 512; x_wconf 84' lang='grc' dir='ltr'><strong><em>καὶ</em></strong></span> <span class='ocrx_word' id='word_1_31' title='bbox 1017 473 1167 526; x_wconf 83' lang='grc' dir='ltr'><strong><em>χειρῶν</em></strong></span> <span class='ocrx_word' id='word_1_32' title='bbox 1186 467 1432 526; x_wconf 76' lang='grc' dir='ltr'><strong><em>Ζοροβάβελ</em></strong></span> <span class='ocrx_word' id='word_1_33' title='bbox 1458 471 1528 512; x_wconf 83' lang='grc' dir='ltr'><strong><em>καὶ</em></strong></span> <span class='ocrx_word' id='word_1_34' title='bbox 1550 468 1697 524; x_wconf 80' lang='grc' dir='ltr'><strong><em>Ἰησοῦ</em></strong></span> 
     </span>
     <span class='ocr_line' id='line_1_5' title="bbox 210 536 1696 597; baseline 0 -16"><span class='ocrx_word' id='word_1_35' title='bbox 210 542 287 582; x_wconf 83' lang='grc' dir='ltr'><strong><em>τοῦ</em></strong></span> <span class='ocrx_word' id='word_1_36' title='bbox 302 539 495 582; x_wconf 78' lang='grc' dir='ltr'><strong><em>Ἰωσεδέκ</em></strong></span> <span class='ocrx_word' id='word_1_37' title='bbox 505 572 518 592; x_wconf 85' lang='grc'>,</span> <span class='ocrx_word' id='word_1_38' title='bbox 554 538 678 596; x_wconf 69' lang='grc' dir='ltr'><strong><em>ἤγουν</em></strong></span> <span class='ocrx_word' id='word_1_39' title='bbox 698 540 739 582; x_wconf 76' lang='grc' dir='ltr'><strong><em>ἐν</em></strong></span> <span class='ocrx_word' id='word_1_40' title='bbox 758 537 824 594; x_wconf 78' lang='grc' dir='ltr'><strong><em>μζ</em></strong></span> <span class='ocrx_word' id='word_1_41' title='bbox 846 536 956 590; x_wconf 84' lang='grc' dir='ltr'><strong><em>ὅλοις</em></strong></span> <span class='ocrx_word' id='word_1_42' title='bbox 976 539 1174 589; x_wconf 73' lang='grc' dir='ltr'><strong><em>ἐνιαυτοῖς</em></strong></span> <span class='ocrx_word' id='word_1_43' title='bbox 1195 537 1274 582; x_wconf 78' lang='grc' dir='ltr'><strong><em>ἀπὸ</em></strong></span> <span class='ocrx_word' id='word_1_44' title='bbox 1302 536 1376 581; x_wconf 66' lang='grc' dir='ltr'><strong><em>τοῦ</em></strong></span> <span class='ocrx_word' id='word_1_45' title='bbox 1394 537 1560 597; x_wconf 85' lang='grc' dir='ltr'><strong><em>πρώτου</em></strong></span> <span class='ocrx_word' id='word_1_46' title='bbox 1581 537 1696 589; x_wconf 66' lang='grc' dir='ltr'><strong><em>ἔτους</em></strong></span> 
     </span>
     <span class='ocr_line' id='line_1_6' title="bbox 212 606 1728 667; baseline -0.001 -15"><span class='ocrx_word' id='word_1_47' title='bbox 212 607 372 667; x_wconf 79' lang='grc' dir='ltr'><strong><em>Κύρου.</em></strong></span> <span class='ocrx_word' id='word_1_48' title='bbox 442 609 504 652; x_wconf 86' lang='grc' dir='ltr'><strong><em>διὸ</em></strong></span> <span class='ocrx_word' id='word_1_49' title='bbox 526 611 594 651; x_wconf 82' lang='grc' dir='ltr'><strong><em>καὶ</em></strong></span> <span class='ocrx_word' id='word_1_50' title='bbox 616 608 770 666; x_wconf 71' lang='grc' dir='ltr'><strong><em>εἴρηται</em></strong></span> <span class='ocrx_word' id='word_1_51' title='bbox 789 608 903 665; x_wconf 82' lang='grc' dir='ltr'><strong><em>παρὰ</em></strong></span> <span class='ocrx_word' id='word_1_52' title='bbox 922 612 1003 652; x_wconf 83' lang='grc' dir='ltr'><strong><em>τῶν</em></strong></span> <span class='ocrx_word' id='word_1_53' title='bbox 1017 608 1236 651; x_wconf 78' lang='grc' dir='ltr'><strong><em>Ἰουδαίων</em></strong></span> <span class='ocrx_word' id='word_1_54' title='bbox 1254 608 1357 665; x_wconf 84' lang='grc' dir='ltr'><strong><em>πρὸς</em></strong></span> <span class='ocrx_word' id='word_1_55' title='bbox 1374 607 1445 651; x_wconf 80' lang='grc' dir='ltr'><strong><em>τὸν</em></strong></span> <span class='ocrx_word' id='word_1_56' title='bbox 1463 607 1603 666; x_wconf 82' lang='grc' dir='ltr'><strong><em>κύριον</em></strong></span> <span class='ocrx_word' id='word_1_57' title='bbox 1621 606 1728 652; x_wconf 74' lang='grc' dir='ltr'><strong><em>“ἓν5</em></strong></span> 
     </span>
     <span class='ocr_line' id='line_1_7' title="bbox 210 673 1696 737; baseline -0.001 -16"><span class='ocrx_word' id='word_1_58' title='bbox 210 677 279 733; x_wconf 80' lang='grc' dir='ltr'><strong><em>μς’</em></strong></span> <span class='ocrx_word' id='word_1_59' title='bbox 306 678 560 737; x_wconf 75' lang='grc' dir='ltr'><strong><em>ᾠκοδομήθη</em></strong></span> <span class='ocrx_word' id='word_1_60' title='bbox 583 676 604 721; x_wconf 84' lang='grc' dir='ltr'><strong>ὅ</strong></span> <span class='ocrx_word' id='word_1_61' title='bbox 624 678 723 729; x_wconf 81' lang='grc' dir='ltr'><strong><em>ναὸς</em></strong></span> <span class='ocrx_word' id='word_1_62' title='bbox 752 673 894 730; x_wconf 70' lang='grc' dir='ltr'><strong><em>οὗτος,</em></strong></span> <span class='ocrx_word' id='word_1_63' title='bbox 937 679 1005 721; x_wconf 83' lang='grc' dir='ltr'><strong><em>καὶ</em></strong></span> <span class='ocrx_word' id='word_1_64' title='bbox 1030 678 1082 722; x_wconf 83' lang='grc' dir='ltr'><strong><em>σὺ</em></strong></span> <span class='ocrx_word' id='word_1_65' title='bbox 1111 678 1152 720; x_wconf 80' lang='grc' dir='ltr'><strong><em>ἒν</em></strong></span> <span class='ocrx_word' id='word_1_66' title='bbox 1185 679 1315 734; x_wconf 86' lang='grc' dir='ltr'><strong><em>τρισὶν</em></strong></span> <span class='ocrx_word' id='word_1_67' title='bbox 1346 675 1519 735; x_wconf 74' lang='grc' dir='ltr'><strong><em>ἡμέραις</em></strong></span> <span class='ocrx_word' id='word_1_68' title='bbox 1548 679 1696 735; x_wconf 76' lang='grc' dir='ltr'><strong><em>ἐγερεῖς</em></strong></span> 
     </span>
    </p>

    <p class='ocr_par' dir='ltr' id='par_1_3' title="bbox 63 742 1697 942">
     <span class='ocr_line' id='line_1_8' title="bbox 63 742 1696 806; baseline -0.001 -16"><span class='ocrx_word' id='word_1_69' title='bbox 63 753 94 790; x_wconf 88' lang='lat' dir='ltr'>P</span> <span class='ocrx_word' id='word_1_70' title='bbox 120 752 187 791; x_wconf 84' lang='lat'><strong><em>145</em></strong></span> <span class='ocrx_word' id='word_1_71' title='bbox 211 747 335 792; x_wconf 76' lang='grc' dir='ltr'><strong><em>αὐτόν</em></strong></span> <span class='ocrx_word' id='word_1_72' title='bbox 343 748 391 804; x_wconf 82' lang='lat'><strong><em>,·²’</em></strong></span> <span class='ocrx_word' id='word_1_73' title='bbox 428 746 450 790; x_wconf 83' lang='grc' dir='ltr'><em>ὃ</em></span> <span class='ocrx_word' id='word_1_74' title='bbox 473 749 553 806; x_wconf 79' lang='grc' dir='ltr'><strong><em>γὰρ</em></strong></span> <span class='ocrx_word' id='word_1_75' title='bbox 578 751 777 804; x_wconf 79' lang='grc' dir='ltr'><strong><em>Σολομῶν</em></strong></span> <span class='ocrx_word' id='word_1_76' title='bbox 797 748 838 791; x_wconf 75' lang='grc' dir='ltr'><strong><em>ἓν</em></strong></span> <span class='ocrx_word' id='word_1_77' title='bbox 856 744 959 790; x_wconf 71' lang='grc' dir='ltr'><strong><em>ἔπτὰ</em></strong></span> <span class='ocrx_word' id='word_1_78' title='bbox 979 746 1082 791; x_wconf 65' lang='grc' dir='ltr'><strong><em>ἔτεσι</em></strong></span> <span class='ocrx_word' id='word_1_79' title='bbox 1106 745 1397 791; x_wconf 75' lang='grc' dir='ltr'><strong><em>κατεσκεύασεν</em></strong></span> <span class='ocrx_word' id='word_1_80' title='bbox 1418 745 1555 791; x_wconf 77' lang='grc' dir='ltr'><strong><em>αὐτόν.</em></strong></span> <span class='ocrx_word' id='word_1_81' title='bbox 1589 742 1696 803; x_wconf 77' lang='grc' dir='ltr'><strong><em>ἦσαν</em></strong></span> 
     </span>
     <span class='ocr_line' id='line_1_9' title="bbox 212 815 1697 876; baseline -0.002 -14"><span class='ocrx_word' id='word_1_82' title='bbox 212 819 258 862; x_wconf 79' lang='grc' dir='ltr'><strong><em>δὲ</em></strong></span> <span class='ocrx_word' id='word_1_83' title='bbox 291 818 329 861; x_wconf 79' lang='grc' dir='ltr'><strong><em>οἱ</em></strong></span> <span class='ocrx_word' id='word_1_84' title='bbox 355 816 690 876; x_wconf 71' lang='grc' dir='ltr'><strong><em>ὑποστρέψαντες</em></strong></span> <span class='ocrx_word' id='word_1_85' title='bbox 717 817 798 860; x_wconf 79' lang='grc' dir='ltr'><strong><em>ἀπὸ</em></strong></span> <span class='ocrx_word' id='word_1_86' title='bbox 830 821 905 873; x_wconf 87' lang='grc' dir='ltr'><strong><em>τῆς</em></strong></span> <span class='ocrx_word' id='word_1_87' title='bbox 938 818 1221 873; x_wconf 75' lang='grc' dir='ltr'><strong><em>αἰχμαλωσίας</em></strong></span> <span class='ocrx_word' id='word_1_88' title='bbox 1241 820 1495 873; x_wconf 80' lang='grc' dir='ltr'><strong><em>Βαβυλῶνος</em></strong></span> <span class='ocrx_word' id='word_1_89' title='bbox 1511 815 1697 872; x_wconf 78' lang='grc' dir='ltr'><strong><em>χιλιάδες</em></strong></span> 
     </span>
     <span class='ocr_line' id='line_1_10' title="bbox 210 885 1106 942; baseline -0.001 -11"><span class='ocrx_word' id='word_1_90' title='bbox 210 885 274 932; x_wconf 82' lang='grc' dir='ltr'><strong><em>κδ’</em></strong></span> <span class='ocrx_word' id='word_1_91' title='bbox 297 889 366 931; x_wconf 85' lang='grc' dir='ltr'><strong><em>καὶ</em></strong></span> <span class='ocrx_word' id='word_1_92' title='bbox 385 885 459 939; x_wconf 78' lang='grc' dir='ltr'><strong><em>τ’ξ’,</em></strong></span> <span class='ocrx_word' id='word_1_93' title='bbox 494 890 634 930; x_wconf 79' lang='grc' dir='ltr'><strong><em>δοῦλοι</em></strong></span> <span class='ocrx_word' id='word_1_94' title='bbox 655 888 699 930; x_wconf 78' lang='grc' dir='ltr'><strong><em>δὲ</em></strong></span> <span class='ocrx_word' id='word_1_95' title='bbox 722 886 1013 942; x_wconf 67' lang='grc' dir='ltr'><strong><em>ἑπτακισχίλιοι</em></strong></span> <span class='ocrx_word' id='word_1_96' title='bbox 1033 885 1106 940; x_wconf 84' lang='grc' dir='ltr'><strong><em>λζ’.</em></strong></span> 
     </span>
    </p>

    <p class='ocr_par' dir='ltr' id='par_1_4' title="bbox 207 950 1742 1508">
     <span class='ocr_line' id='line_1_11' title="bbox 343 950 1742 1015; baseline -0.001 -16"><span class='ocrx_word' id='word_1_97' title='bbox 343 956 407 999; x_wconf 84' lang='lat' dir='ltr'><strong><em>‘H</em></strong></span> <span class='ocrx_word' id='word_1_98' title='bbox 423 957 467 999; x_wconf 81' lang='grc' dir='ltr'><strong><em>δὲ</em></strong></span> <span class='ocrx_word' id='word_1_99' title='bbox 485 962 557 1000; x_wconf 79' lang='grc' dir='ltr'><strong><em>τοῦ</em></strong></span> <span class='ocrx_word' id='word_1_100' title='bbox 580 955 825 1015; x_wconf 77' lang='grc' dir='ltr'><strong><em>Ζοροβάβελ</em></strong></span> <span class='ocrx_word' id='word_1_101' title='bbox 846 955 1075 1013; x_wconf 72' lang='grc' dir='ltr'><strong><em>ὑπόμνησις</em></strong></span> <span class='ocrx_word' id='word_1_102' title='bbox 1096 952 1263 1011; x_wconf 77' lang='grc' dir='ltr'><strong><em>τοιαύτη</em></strong></span> <span class='ocrx_word' id='word_1_103' title='bbox 1282 950 1347 1012; x_wconf 73' lang='grc' dir='ltr'><strong><em>ἦν.</em></strong></span> <span class='ocrx_word' id='word_1_104' title='bbox 1413 962 1522 1014; x_wconf 87' lang='grc' dir='ltr'><strong><em>τρεῖς</em></strong></span> <span class='ocrx_word' id='word_1_105' title='bbox 1550 972 1695 1010; x_wconf 84' lang='grc' dir='ltr'><strong><em>σωμα-</em></strong></span> <span class='ocrx_word' id='word_1_106' title='bbox 1707 962 1742 998; x_wconf 77' lang='grc'><strong><em>1(</em></strong></span> 
     </span>
     <span class='ocr_line' id='line_1_12' title="bbox 209 1023 1695 1086; baseline -0.001 -16"><span class='ocrx_word' id='word_1_107' title='bbox 209 1025 440 1086; x_wconf 78' lang='grc' dir='ltr'><strong><em>τοφῦλακες</em></strong></span> <span class='ocrx_word' id='word_1_108' title='bbox 455 1030 529 1070; x_wconf 82' lang='grc' dir='ltr'><strong><em>τοῦ</em></strong></span> <span class='ocrx_word' id='word_1_109' title='bbox 549 1028 751 1082; x_wconf 75' lang='grc' dir='ltr'><strong><em>βασιλέως</em></strong></span> <span class='ocrx_word' id='word_1_110' title='bbox 769 1029 826 1078; x_wconf 77' lang='grc' dir='ltr'><strong><em>εἷς</em></strong></span> <span class='ocrx_word' id='word_1_111' title='bbox 846 1025 1017 1079; x_wconf 73' lang='grc' dir='ltr'><strong><em>ἑαυτοὺς</em></strong></span> <span class='ocrx_word' id='word_1_112' title='bbox 1040 1025 1321 1081; x_wconf 69' lang='grc' dir='ltr'><strong><em>διαλεχθέντες</em></strong></span> <span class='ocrx_word' id='word_1_113' title='bbox 1341 1023 1451 1069; x_wconf 78' lang='grc' dir='ltr'><strong><em>εἶπον</em></strong></span> <span class='ocrx_word' id='word_1_114' title='bbox 1473 1024 1695 1081; x_wconf 75' lang='grc' dir='ltr'><strong><em>“λαλήσω-</em></strong></span> 
     </span>
     <span class='ocr_line' id='line_1_13' title="bbox 210 1093 1696 1156; baseline -0.002 -16"><span class='ocrx_word' id='word_1_115' title='bbox 210 1114 286 1153; x_wconf 84' lang='grc' dir='ltr'><strong><em>μεν</em></strong></span> <span class='ocrx_word' id='word_1_116' title='bbox 304 1101 362 1156; x_wconf 78' lang='grc' dir='ltr'><strong><em>τῷ</em></strong></span> <span class='ocrx_word' id='word_1_117' title='bbox 381 1100 550 1151; x_wconf 88' lang='grc' dir='ltr'><strong><em>βασιλεῖ</em></strong></span> <span class='ocrx_word' id='word_1_118' title='bbox 567 1096 801 1153; x_wconf 77' lang='grc' dir='ltr'><strong><em>ζητήματα,</em></strong></span> <span class='ocrx_word' id='word_1_119' title='bbox 845 1097 1015 1148; x_wconf 68' lang='grc' dir='ltr'><strong><em>ἕκαστος</em></strong></span> <span class='ocrx_word' id='word_1_120' title='bbox 1037 1097 1128 1154; x_wconf 84' lang='grc' dir='ltr'><strong><em>περὶ</em></strong></span> <span class='ocrx_word' id='word_1_121' title='bbox 1149 1099 1223 1138; x_wconf 86' lang='grc' dir='ltr'><strong><em>τοῦ</em></strong></span> <span class='ocrx_word' id='word_1_122' title='bbox 1243 1097 1286 1138; x_wconf 88' lang='grc' dir='ltr'><strong><em>τί</em></strong></span> <span class='ocrx_word' id='word_1_123' title='bbox 1305 1096 1413 1138; x_wconf 76' lang='grc' dir='ltr'><strong><em>ἔστιν</em></strong></span> <span class='ocrx_word' id='word_1_124' title='bbox 1434 1093 1696 1152; x_wconf 75' lang='grc' dir='ltr'><strong><em>ἰσχυρότερον</em></strong></span> 
     </span>
     <span class='ocr_line' id='line_1_14' title="bbox 211 1163 1696 1227; baseline -0.003 -17"><span class='ocrx_word' id='word_1_125' title='bbox 211 1168 254 1210; x_wconf 75' lang='grc' dir='ltr'><strong><em>ἓν</em></strong></span> <span class='ocrx_word' id='word_1_126' title='bbox 274 1171 333 1225; x_wconf 74' lang='grc' dir='ltr'><strong><em>τῷ</em></strong></span> <span class='ocrx_word' id='word_1_127' title='bbox 354 1164 517 1225; x_wconf 79' lang='grc' dir='ltr'><strong><em>κόσμῳ,</em></strong></span> <span class='ocrx_word' id='word_1_128' title='bbox 553 1166 576 1209; x_wconf 80' lang='grc' dir='ltr'>ὃ</span> <span class='ocrx_word' id='word_1_129' title='bbox 598 1172 691 1227; x_wconf 79' lang='grc' dir='ltr'><strong><em>νικᾷ</em></strong></span> <span class='ocrx_word' id='word_1_130' title='bbox 710 1165 867 1213; x_wconf 75' lang='grc' dir='ltr'><strong><em>πάντα·</em></strong></span> <span class='ocrx_word' id='word_1_131' title='bbox 913 1168 981 1210; x_wconf 80' lang='grc' dir='ltr'><strong><em>καὶ</em></strong></span> <span class='ocrx_word' id='word_1_132' title='bbox 1001 1164 1157 1217; x_wconf 75' lang='grc' dir='ltr'><strong><em>οἷοςᾶν</em></strong></span> <span class='ocrx_word' id='word_1_133' title='bbox 1177 1163 1328 1223; x_wconf 71' lang='grc' dir='ltr'><strong><em>εὑρεθῇ</em></strong></span> <span class='ocrx_word' id='word_1_134' title='bbox 1347 1164 1537 1221; x_wconf 77' lang='grc' dir='ltr'><strong><em>νικήσας,</em></strong></span> <span class='ocrx_word' id='word_1_135' title='bbox 1572 1182 1696 1220; x_wconf 89' lang='grc' dir='ltr'><strong><em>τιμη-</em></strong></span> 
     </span>
     <span class='ocr_line' id='line_1_15' title="bbox 212 1231 1694 1294; baseline -0.002 -15"><span class='ocrx_word' id='word_1_136' title='bbox 212 1235 388 1291; x_wconf 80' lang='grc' dir='ltr'><strong><em>θήσεται</em></strong></span> <span class='ocrx_word' id='word_1_137' title='bbox 410 1236 524 1294; x_wconf 81' lang='grc' dir='ltr'><strong><em>παρὰ</em></strong></span> <span class='ocrx_word' id='word_1_138' title='bbox 549 1242 621 1280; x_wconf 85' lang='grc' dir='ltr'><strong><em>τοῦ</em></strong></span> <span class='ocrx_word' id='word_1_139' title='bbox 650 1237 896 1292; x_wconf 76' lang='grc' dir='ltr'><strong><em>βασιλέως.”</em></strong></span> <span class='ocrx_word' id='word_1_140' title='bbox 970 1233 992 1278; x_wconf 82' lang='grc' dir='ltr'><strong>ὅ</strong></span> <span class='ocrx_word' id='word_1_141' title='bbox 1021 1240 1184 1293; x_wconf 88' lang='grc' dir='ltr'><strong><em>πρῶτος</em></strong></span> <span class='ocrx_word' id='word_1_142' title='bbox 1214 1233 1320 1278; x_wconf 74' lang='grc' dir='ltr'><strong><em>εἶπεν</em></strong></span> <span class='ocrx_word' id='word_1_143' title='bbox 1349 1232 1642 1292; x_wconf 52' lang='grc' dir='ltr'><strong><em>ι(ἰσχυρότερος</em></strong></span> <span class='ocrx_word' id='word_1_144' title='bbox 1673 1231 1694 1276; x_wconf 83' lang='grc' dir='ltr'><em>ὃ</em></span> 
     </span>
     <span class='ocr_line' id='line_1_16' title="bbox 210 1302 1742 1367; baseline -0.003 -19"><span class='ocrx_word' id='word_1_145' title='bbox 210 1304 341 1358; x_wconf 80' lang='grc' dir='ltr'><strong><em>οἶνος,</em></strong></span> <span class='ocrx_word' id='word_1_146' title='bbox 377 1306 445 1348; x_wconf 81' lang='grc' dir='ltr'><strong><em>καὶ</em></strong></span> <span class='ocrx_word' id='word_1_147' title='bbox 469 1310 561 1367; x_wconf 81' lang='grc' dir='ltr'><strong><em>νικᾷ</em></strong></span> <span class='ocrx_word' id='word_1_148' title='bbox 582 1304 760 1351; x_wconf 75' lang='grc' dir='ltr'><strong><em>πάντα.”</em></strong></span> <span class='ocrx_word' id='word_1_149' title='bbox 834 1305 856 1349; x_wconf 83' lang='grc' dir='ltr'><strong>ὃ</strong></span> <span class='ocrx_word' id='word_1_150' title='bbox 878 1303 1066 1364; x_wconf 70' lang='grc' dir='ltr'><strong><em>δεύτερος</em></strong></span> <span class='ocrx_word' id='word_1_151' title='bbox 1086 1303 1168 1348; x_wconf 79' lang='grc' dir='ltr'><strong><em>εἷπε</em></strong></span> <span class='ocrx_word' id='word_1_152' title='bbox 1196 1302 1321 1365; x_wconf 38' lang='lat' dir='ltr'>“martii</span> <span class='ocrx_word' id='word_1_153' title='bbox 1347 1302 1368 1346; x_wconf 82' lang='grc' dir='ltr'><strong>ὅ</strong></span> <span class='ocrx_word' id='word_1_154' title='bbox 1394 1303 1610 1359; x_wconf 82' lang='grc' dir='ltr'><strong><em>βασιλεύς,</em></strong></span> <span class='ocrx_word' id='word_1_155' title='bbox 1645 1303 1692 1346; x_wconf 83' lang='grc' dir='ltr'><strong><em>τὸ</em></strong></span> <span class='ocrx_word' id='word_1_156' title='bbox 1707 1309 1742 1344; x_wconf 72' lang='grc' dir='ltr'><strong><em>ῙΕ</em></strong></span> 
     </span>
     <span class='ocr_line' id='line_1_17' title="bbox 207 1372 1696 1434; baseline -0.002 -16"><span class='ocrx_word' id='word_1_157' title='bbox 207 1374 437 1431; x_wconf 79' lang='grc' dir='ltr'><strong><em>βούλεσθαι</em></strong></span> <span class='ocrx_word' id='word_1_158' title='bbox 463 1374 566 1430; x_wconf 65' lang='grc' dir='ltr'><strong><em>ἔχων</em></strong></span> <span class='ocrx_word' id='word_1_159' title='bbox 588 1381 639 1434; x_wconf 86' lang='grc' dir='ltr'><strong><em>τῇ</em></strong></span> <span class='ocrx_word' id='word_1_160' title='bbox 670 1374 842 1434; x_wconf 70' lang='grc' dir='ltr'><strong><em>δυνάμει</em></strong></span> <span class='ocrx_word' id='word_1_161' title='bbox 873 1374 1150 1434; x_wconf 74' lang='grc' dir='ltr'><strong><em>σύνδρομον.”</em></strong></span> <span class='ocrx_word' id='word_1_162' title='bbox 1223 1372 1244 1417; x_wconf 83' lang='grc' dir='ltr'><strong>ὅ</strong></span> <span class='ocrx_word' id='word_1_163' title='bbox 1269 1375 1403 1432; x_wconf 79' lang='grc' dir='ltr'><strong><em>τρίτος</em></strong></span> <span class='ocrx_word' id='word_1_164' title='bbox 1426 1372 1447 1418; x_wconf 79' lang='grc' dir='ltr'><strong>ὃ</strong></span> <span class='ocrx_word' id='word_1_165' title='bbox 1471 1375 1538 1417; x_wconf 84' lang='grc' dir='ltr'><strong><em>καὶ</em></strong></span> <span class='ocrx_word' id='word_1_166' title='bbox 1557 1377 1696 1431; x_wconf 78' lang='grc' dir='ltr'><strong><em>Ζορο-</em></strong></span> 
     </span>
     <span class='ocr_line' id='line_1_18' title="bbox 207 1442 1697 1508; baseline -0.001 -20"><span class='ocrx_word' id='word_1_167' title='bbox 207 1444 341 1500; x_wconf 76' lang='grc' dir='ltr'><strong><em>βάβελ</em></strong></span> <span class='ocrx_word' id='word_1_168' title='bbox 363 1443 446 1488; x_wconf 78' lang='grc' dir='ltr'><strong><em>εἷπε</em></strong></span> <span class='ocrx_word' id='word_1_169' title='bbox 475 1443 598 1507; x_wconf 48' lang='grc' dir='ltr'><strong><em>ι(νικᾷ</em></strong></span> <span class='ocrx_word' id='word_1_170' title='bbox 621 1444 647 1508; x_wconf 74' lang='grc' dir='ltr'>ᾗ</span> <span class='ocrx_word' id='word_1_171' title='bbox 668 1446 782 1503; x_wconf 79' lang='grc' dir='ltr'><strong><em>γυνή,</em></strong></span> <span class='ocrx_word' id='word_1_172' title='bbox 810 1448 878 1489; x_wconf 83' lang='grc' dir='ltr'><strong><em>καὶ</em></strong></span> <span class='ocrx_word' id='word_1_173' title='bbox 897 1445 999 1503; x_wconf 70' lang='grc' dir='ltr'><strong><em>ὑπὲρ</em></strong></span> <span class='ocrx_word' id='word_1_174' title='bbox 1023 1443 1157 1487; x_wconf 82' lang='grc' dir='ltr'><strong><em>πάντα</em></strong></span> <span class='ocrx_word' id='word_1_175' title='bbox 1178 1442 1204 1500; x_wconf 80' lang='grc' dir='ltr'><em>ἥ</em></span> <span class='ocrx_word' id='word_1_176' title='bbox 1227 1443 1440 1499; x_wconf 74' lang='grc' dir='ltr'><strong><em>ἀλήθεια.”</em></strong></span> <span class='ocrx_word' id='word_1_177' title='bbox 1487 1444 1533 1495; x_wconf 83' lang='grc' dir='ltr'><strong><em>ὃς</em></strong></span> <span class='ocrx_word' id='word_1_178' title='bbox 1554 1443 1697 1501; x_wconf 77' lang='grc' dir='ltr'><strong><em>ε’πῃνὲ-</em></strong></span> 
     </span>
    </p>

    <p class='ocr_par' dir='ltr' id='par_1_5' title="bbox 156 1512 1742 1715">
     <span class='ocr_line' id='line_1_19' title="bbox 156 1512 1699 1575; baseline -0.002 -17"><span class='ocrx_word' id='word_1_179' title='bbox 156 1521 187 1558; x_wconf 89' lang='grc' dir='ltr'><strong>Β</strong></span> <span class='ocrx_word' id='word_1_180' title='bbox 212 1519 296 1571; x_wconf 86' lang='grc' dir='ltr'><strong><em>θη,</em></strong></span> <span class='ocrx_word' id='word_1_181' title='bbox 331 1517 399 1558; x_wconf 84' lang='grc' dir='ltr'><strong><em>καὶ</em></strong></span> <span class='ocrx_word' id='word_1_182' title='bbox 428 1514 559 1571; x_wconf 76' lang='grc' dir='ltr'><strong><em>ἐδόθη</em></strong></span> <span class='ocrx_word' id='word_1_183' title='bbox 588 1517 700 1575; x_wconf 76' lang='grc' dir='ltr'><strong><em>αὐτῷ</em></strong></span> <span class='ocrx_word' id='word_1_184' title='bbox 728 1517 900 1572; x_wconf 73' lang='grc' dir='ltr'><strong><em>αἴτησις.</em></strong></span> <span class='ocrx_word' id='word_1_185' title='bbox 971 1513 992 1558; x_wconf 83' lang='grc' dir='ltr'><strong>ὅ</strong></span> <span class='ocrx_word' id='word_1_186' title='bbox 1026 1516 1071 1558; x_wconf 79' lang='grc' dir='ltr'><strong><em>δὲ</em></strong></span> <span class='ocrx_word' id='word_1_187' title='bbox 1096 1512 1300 1570; x_wconf 67' lang='grc' dir='ltr'><strong><em>ὑπέμνησε</em></strong></span> <span class='ocrx_word' id='word_1_188' title='bbox 1328 1514 1399 1558; x_wconf 80' lang='grc' dir='ltr'><strong><em>τὸν</em></strong></span> <span class='ocrx_word' id='word_1_189' title='bbox 1425 1514 1602 1568; x_wconf 77' lang='grc' dir='ltr'><strong><em>βασιλέα</em></strong></span> <span class='ocrx_word' id='word_1_190' title='bbox 1624 1517 1699 1568; x_wconf 82' lang='grc' dir='ltr'><strong><em>τῆς</em></strong></span> 
     </span>
     <span class='ocr_line' id='line_1_20' title="bbox 210 1582 1698 1641; baseline -0.002 -13"><span class='ocrx_word' id='word_1_191' title='bbox 210 1587 352 1641; x_wconf 77' lang='grc' dir='ltr'><strong><em>εὐχῆς,</em></strong></span> <span class='ocrx_word' id='word_1_192' title='bbox 389 1586 457 1627; x_wconf 87' lang='grc' dir='ltr'><strong><em>καὶ</em></strong></span> <span class='ocrx_word' id='word_1_193' title='bbox 479 1585 657 1630; x_wconf 77' lang='grc' dir='ltr'><strong><em>ἀπέλυσε</em></strong></span> <span class='ocrx_word' id='word_1_194' title='bbox 678 1585 750 1630; x_wconf 84' lang='grc' dir='ltr'><strong><em>τὸν</em></strong></span> <span class='ocrx_word' id='word_1_195' title='bbox 774 1586 874 1630; x_wconf 86' lang='grc' dir='ltr'><strong><em>λαὸν</em></strong></span> <span class='ocrx_word' id='word_1_196' title='bbox 894 1583 1053 1637; x_wconf 79' lang='grc' dir='ltr'><strong><em>πάντα,</em></strong></span> <span class='ocrx_word' id='word_1_197' title='bbox 1089 1585 1157 1627; x_wconf 83' lang='grc' dir='ltr'><strong><em>καὶ</em></strong></span> <span class='ocrx_word' id='word_1_198' title='bbox 1175 1583 1249 1640; x_wconf 83' lang='grc' dir='ltr'><strong><em>τὴν</em></strong></span> <span class='ocrx_word' id='word_1_199' title='bbox 1272 1582 1391 1627; x_wconf 90' lang='grc' dir='ltr'><strong><em>πόλιν</em></strong></span> <span class='ocrx_word' id='word_1_200' title='bbox 1411 1585 1480 1627; x_wconf 84' lang='grc' dir='ltr'><strong><em>καὶ</em></strong></span> <span class='ocrx_word' id='word_1_201' title='bbox 1505 1582 1575 1627; x_wconf 79' lang='grc' dir='ltr'><strong><em>τὸν</em></strong></span> <span class='ocrx_word' id='word_1_202' title='bbox 1596 1582 1698 1626; x_wconf 86' lang='grc' dir='ltr'><strong><em>ναὸν</em></strong></span> 
     </span>
     <span class='ocr_line' id='line_1_21' title="bbox 203 1653 1742 1715; baseline -0.005 -17"><span class='ocrx_word' id='word_1_203' title='bbox 203 1653 481 1715; x_wconf 73' lang='grc' dir='ltr'><strong><em>ᾠκοδόμησεν.</em></strong></span> <span class='ocrx_word' id='word_1_204' title='bbox 551 1665 553 1667; x_wconf 84' lang='grc'><strong>’</strong></span> <span class='ocrx_word' id='word_1_205' title='bbox 1703 1654 1742 1691; x_wconf 77' lang='grc'><strong><em>2(</em></strong></span> 
     </span>
    </p>

    <p class='ocr_par' dir='ltr' id='par_1_6' title="bbox 203 1720 1695 1922">
     <span class='ocr_line' id='line_1_22' title="bbox 336 1720 1695 1783; baseline -0.001 -17"><span class='ocrx_word' id='word_1_206' title='bbox 336 1723 415 1766; x_wconf 86' lang='grc' dir='ltr'><strong><em>Ἔν</em></strong></span> <span class='ocrx_word' id='word_1_207' title='bbox 433 1727 485 1781; x_wconf 84' lang='grc' dir='ltr'><strong><em>τῇ</em></strong></span> <span class='ocrx_word' id='word_1_208' title='bbox 506 1723 677 1783; x_wconf 75' lang='grc' dir='ltr'><strong><em>δευτέρᾳ</em></strong></span> <span class='ocrx_word' id='word_1_209' title='bbox 699 1727 781 1767; x_wconf 82' lang='grc' dir='ltr'><strong><em>τῶν</em></strong></span> <span class='ocrx_word' id='word_1_210' title='bbox 802 1724 1122 1779; x_wconf 83' lang='grc' dir='ltr'><strong><em>Μακκαβαῖκῶν</em></strong></span> <span class='ocrx_word' id='word_1_211' title='bbox 1143 1722 1367 1766; x_wconf 73' lang='grc' dir='ltr'><strong><em>ἐπιστολῶν</em></strong></span> <span class='ocrx_word' id='word_1_212' title='bbox 1387 1727 1474 1773; x_wconf 90' lang='grc' dir='ltr'><strong><em>τοῖς</em></strong></span> <span class='ocrx_word' id='word_1_213' title='bbox 1491 1720 1585 1765; x_wconf 79' lang='grc' dir='ltr'><strong><em>κατ’</em></strong></span> <span class='ocrx_word' id='word_1_214' title='bbox 1608 1721 1695 1765; x_wconf 77' lang='grc' dir='ltr'><strong><em>Αἴ-</em></strong></span> 
     </span>
     <span class='ocr_line' id='line_1_23' title="bbox 203 1790 1692 1852; baseline -0.001 -16"><span class='ocrx_word' id='word_1_215' title='bbox 203 1809 358 1851; x_wconf 74' lang='grc' dir='ltr'><strong><em>γυπτον</em></strong></span> <span class='ocrx_word' id='word_1_216' title='bbox 373 1794 597 1845; x_wconf 80' lang='grc' dir='ltr'><strong><em>Ἰουδαίοις</em></strong></span> <span class='ocrx_word' id='word_1_217' title='bbox 619 1794 842 1850; x_wconf 79' lang='grc' dir='ltr'><strong><em>γέγραπται</em></strong></span> <span class='ocrx_word' id='word_1_218' title='bbox 864 1795 956 1852; x_wconf 83' lang='grc' dir='ltr'><strong><em>περὶ</em></strong></span> <span class='ocrx_word' id='word_1_219' title='bbox 978 1794 1182 1848; x_wconf 85' lang='grc' dir='ltr'><strong><em>Νεεμίου,</em></strong></span> <span class='ocrx_word' id='word_1_220' title='bbox 1218 1790 1279 1835; x_wconf 82' lang='grc' dir='ltr'><strong><em>ὅτι</em></strong></span> <span class='ocrx_word' id='word_1_221' title='bbox 1302 1790 1629 1847; x_wconf 78' lang='grc' dir='ltr'><strong><em>ἀνοικοδομήσας</em></strong></span> <span class='ocrx_word' id='word_1_222' title='bbox 1645 1791 1692 1835; x_wconf 83' lang='grc' dir='ltr'><strong><em>τὸ</em></strong></span> 
     </span>
     <span class='ocr_line' id='line_1_24' title="bbox 207 1861 1695 1922; baseline -0.001 -16"><span class='ocrx_word' id='word_1_223' title='bbox 207 1863 318 1922; x_wconf 77' lang='grc' dir='ltr'><strong><em>ἱερὸν</em></strong></span> <span class='ocrx_word' id='word_1_224' title='bbox 345 1864 415 1907; x_wconf 84' lang='grc' dir='ltr'><strong><em>καὶ</em></strong></span> <span class='ocrx_word' id='word_1_225' title='bbox 444 1862 491 1906; x_wconf 83' lang='grc' dir='ltr'><strong><em>τὸ</em></strong></span> <span class='ocrx_word' id='word_1_226' title='bbox 518 1861 819 1922; x_wconf 82' lang='grc' dir='ltr'><strong><em>θυσιαστήριον</em></strong></span> <span class='ocrx_word' id='word_1_227' title='bbox 847 1865 915 1907; x_wconf 84' lang='grc' dir='ltr'><strong><em>καὶ</em></strong></span> <span class='ocrx_word' id='word_1_228' title='bbox 939 1863 1098 1920; x_wconf 79' lang='grc' dir='ltr'><strong><em>μέλλων</em></strong></span> <span class='ocrx_word' id='word_1_229' title='bbox 1120 1863 1275 1906; x_wconf 85' lang='grc' dir='ltr'><strong><em>θυσίαν</em></strong></span> <span class='ocrx_word' id='word_1_230' title='bbox 1296 1861 1517 1920; x_wconf 78' lang='grc' dir='ltr'><strong><em>ἀναφέρειν</em></strong></span> <span class='ocrx_word' id='word_1_231' title='bbox 1536 1861 1695 1918; x_wconf 69' lang='grc' dir='ltr'><strong><em>ἔπεμψε</em></strong></span> 
     </span>
    </p>
   </div>
   <div class='ocr_carea' id='block_1_3' title="bbox 206 1992 1697 2977">
    <p class='ocr_par' dir='ltr' id='par_1_7' title="bbox 206 1992 1697 2368">
     <span class='ocr_line' id='line_1_25' title="bbox 208 1992 1694 2037; baseline 0 -8"><span class='ocrx_word' id='word_1_232' title='bbox 208 1994 464 2029; x_wconf 78' lang='lat' dir='ltr'><strong>Samaritarum</strong></span> <span class='ocrx_word' id='word_1_233' title='bbox 488 1992 663 2029; x_wconf 83' lang='lat' dir='ltr'>calumnia</span> <span class='ocrx_word' id='word_1_234' title='bbox 690 1994 855 2037; x_wconf 74' lang='lat' dir='ltr'>effectum</span> <span class='ocrx_word' id='word_1_235' title='bbox 877 1993 948 2028; x_wconf 77' lang='lat' dir='ltr'>fuit</span> <span class='ocrx_word' id='word_1_236' title='bbox 975 1997 1018 2028; x_wconf 84' lang='lat' dir='ltr'><strong><em>ut</em></strong></span> <span class='ocrx_word' id='word_1_237' title='bbox 1044 1992 1244 2029; x_wconf 83' lang='lat' dir='ltr'>aedificatio</span> <span class='ocrx_word' id='word_1_238' title='bbox 1267 1992 1489 2028; x_wconf 85' lang='lat' dir='ltr'>omitteretur</span> <span class='ocrx_word' id='word_1_239' title='bbox 1516 2005 1626 2028; x_wconf 82' lang='lat' dir='ltr'>annos</span> <span class='ocrx_word' id='word_1_240' title='bbox 1649 1992 1694 2029; x_wconf 86' lang='lat'><strong><em>41</em></strong></span> 
     </span>
     <span class='ocr_line' id='line_1_26' title="bbox 208 2039 1694 2087; baseline -0.002 -10"><span class='ocrx_word' id='word_1_241' title='bbox 208 2046 305 2077; x_wconf 81' lang='lat' dir='ltr'>totos</span> <span class='ocrx_word' id='word_1_242' title='bbox 329 2052 440 2087; x_wconf 83' lang='lat' dir='ltr'>usque</span> <span class='ocrx_word' id='word_1_243' title='bbox 463 2041 509 2076; x_wconf 81' lang='lat' dir='ltr'><strong><em>ad</em></strong></span> <span class='ocrx_word' id='word_1_244' title='bbox 531 2041 723 2076; x_wconf 87' lang='lat' dir='ltr'>secundum</span> <span class='ocrx_word' id='word_1_245' title='bbox 746 2053 874 2076; x_wconf 81' lang='lat' dir='ltr'>annum</span> <span class='ocrx_word' id='word_1_246' title='bbox 894 2040 1009 2075; x_wconf 83' lang='lat' dir='ltr'>Darii.</span> <span class='ocrx_word' id='word_1_247' title='bbox 1057 2040 1140 2074; x_wconf 88' lang='lat' dir='ltr'>inde</span> <span class='ocrx_word' id='word_1_248' title='bbox 1167 2040 1335 2074; x_wconf 80' lang='lat' dir='ltr'>sexennio</span> <span class='ocrx_word' id='word_1_249' title='bbox 1359 2039 1527 2087; x_wconf 88' lang='lat' dir='ltr'>templum</span> <span class='ocrx_word' id='word_1_250' title='bbox 1551 2044 1606 2075; x_wconf 86' lang='lat' dir='ltr'><strong><em>est</em></strong></span> <span class='ocrx_word' id='word_1_251' title='bbox 1628 2041 1694 2074; x_wconf 82' lang='lat' dir='ltr'><strong><em>ab-</em></strong></span> 
     </span>
     <span class='ocr_line' id='line_1_27' title="bbox 210 2086 1696 2132; baseline -0.001 -9"><span class='ocrx_word' id='word_1_252' title='bbox 210 2087 366 2123; x_wconf 77' lang='lat' dir='ltr'>solutum</span> <span class='ocrx_word' id='word_1_253' title='bbox 385 2087 601 2123; x_wconf 87' lang='lat' dir='ltr'>Zorobabeli</span> <span class='ocrx_word' id='word_1_254' title='bbox 626 2100 667 2122; x_wconf 84' lang='lat' dir='ltr'><strong><em>ac</em></strong></span> <span class='ocrx_word' id='word_1_255' title='bbox 690 2088 773 2123; x_wconf 86' lang='lat' dir='ltr'>Iesu</span> <span class='ocrx_word' id='word_1_256' title='bbox 790 2087 954 2123; x_wconf 87' lang='lat' dir='ltr'>Iosedeci</span> <span class='ocrx_word' id='word_1_257' title='bbox 976 2087 1041 2122; x_wconf 86' lang='lat' dir='ltr'>filii</span> <span class='ocrx_word' id='word_1_258' title='bbox 1060 2087 1298 2122; x_wconf 80' lang='lat' dir='ltr'>admonitione</span> <span class='ocrx_word' id='word_1_259' title='bbox 1322 2090 1429 2132; x_wconf 84' lang='lat' dir='ltr'>atque</span> <span class='ocrx_word' id='word_1_260' title='bbox 1448 2098 1569 2132; x_wconf 78' lang='lat' dir='ltr'>opera,</span> <span class='ocrx_word' id='word_1_261' title='bbox 1593 2086 1696 2122; x_wconf 76' lang='lat' dir='ltr'>annis</span> 
     </span>
     <span class='ocr_line' id='line_1_28' title="bbox 208 2133 1697 2181; baseline -0.001 -11"><span class='ocrx_word' id='word_1_262' title='bbox 208 2133 373 2170; x_wconf 82' lang='lat' dir='ltr'>nimirum</span> <span class='ocrx_word' id='word_1_263' title='bbox 397 2135 443 2171; x_wconf 84' lang='lat'><strong><em>47</em></strong></span> <span class='ocrx_word' id='word_1_264' title='bbox 474 2134 561 2169; x_wconf 83' lang='lat' dir='ltr'>totis</span> <span class='ocrx_word' id='word_1_265' title='bbox 592 2146 614 2169; x_wconf 81' lang='lat' dir='ltr'><strong>a</strong></span> <span class='ocrx_word' id='word_1_266' title='bbox 645 2134 759 2181; x_wconf 83' lang='lat' dir='ltr'>primo</span> <span class='ocrx_word' id='word_1_267' title='bbox 785 2135 875 2181; x_wconf 89' lang='lat' dir='ltr'>Cyri</span> <span class='ocrx_word' id='word_1_268' title='bbox 900 2146 1005 2168; x_wconf 87' lang='lat' dir='ltr'>anno.</span> <span class='ocrx_word' id='word_1_269' title='bbox 1052 2133 1135 2169; x_wconf 89' lang='lat' dir='ltr'>inde</span> <span class='ocrx_word' id='word_1_270' title='bbox 1162 2146 1183 2169; x_wconf 82' lang='lat' dir='ltr'><strong>a</strong></span> <span class='ocrx_word' id='word_1_271' title='bbox 1205 2133 1346 2169; x_wconf 85' lang='lat' dir='ltr'>Iudaeis</span> <span class='ocrx_word' id='word_1_272' title='bbox 1370 2133 1416 2168; x_wconf 83' lang='lat' dir='ltr'><strong><em>ad</em></strong></span> <span class='ocrx_word' id='word_1_273' title='bbox 1439 2133 1615 2168; x_wconf 82' lang='lat' dir='ltr'>dominum</span> <span class='ocrx_word' id='word_1_274' title='bbox 1640 2139 1697 2169; x_wconf 83' lang='lat' dir='ltr'><strong><em>est</em></strong></span> 
     </span>
     <span class='ocr_line' id='line_1_29' title="bbox 207 2177 1696 2236; baseline -0.001 -19"><span class='ocrx_word' id='word_1_275' title='bbox 207 2182 342 2217; x_wconf 81' lang='lat' dir='ltr'>dictum</span> <span class='ocrx_word' id='word_1_276' title='bbox 364 2177 554 2236; x_wconf 58' lang='lat' dir='ltr'>“templum</span> <span class='ocrx_word' id='word_1_277' title='bbox 578 2181 646 2216; x_wconf 81' lang='lat' dir='ltr'><strong><em>hoc</em></strong></span> <span class='ocrx_word' id='word_1_278' title='bbox 669 2181 772 2216; x_wconf 78' lang='lat' dir='ltr'>annis</span> <span class='ocrx_word' id='word_1_279' title='bbox 797 2182 844 2217; x_wconf 85' lang='lat'><strong><em>46</em></strong></span> <span class='ocrx_word' id='word_1_280' title='bbox 871 2181 1094 2216; x_wconf 82' lang='lat' dir='ltr'>aedificatum</span> <span class='ocrx_word' id='word_1_281' title='bbox 1127 2186 1201 2225; x_wconf 91' lang='lat' dir='ltr'>est,</span> <span class='ocrx_word' id='word_1_282' title='bbox 1236 2186 1274 2215; x_wconf 85' lang='lat' dir='ltr'><strong><em>et</em></strong></span> <span class='ocrx_word' id='word_1_283' title='bbox 1298 2185 1337 2215; x_wconf 86' lang='lat' dir='ltr'><strong><em>tu</em></strong></span> <span class='ocrx_word' id='word_1_284' title='bbox 1360 2179 1397 2215; x_wconf 89' lang='lat' dir='ltr'>id</span> <span class='ocrx_word' id='word_1_285' title='bbox 1420 2180 1539 2215; x_wconf 84' lang='lat' dir='ltr'>triduo</span> <span class='ocrx_word' id='word_1_286' title='bbox 1566 2186 1605 2215; x_wconf 86' lang='lat' dir='ltr'><strong><em>te</em></strong></span> <span class='ocrx_word' id='word_1_287' title='bbox 1630 2192 1696 2215; x_wconf 88' lang='lat' dir='ltr'><strong><em>ex-</em></strong></span> 
     </span>
     <span class='ocr_line' id='line_1_30' title="bbox 206 2225 1694 2274; baseline -0.001 -10"><span class='ocrx_word' id='word_1_288' title='bbox 206 2233 422 2270; x_wconf 68' lang='lat' dir='ltr'>structurum</span> <span class='ocrx_word' id='word_1_289' title='bbox 447 2225 558 2264; x_wconf 65' lang='lat' dir='ltr'>msT’</span> <span class='ocrx_word' id='word_1_290' title='bbox 605 2227 771 2263; x_wconf 87' lang='lat' dir='ltr'>Solomon</span> <span class='ocrx_word' id='word_1_291' title='bbox 800 2229 823 2264; x_wconf 91' lang='grc'><strong>7</strong></span> <span class='ocrx_word' id='word_1_292' title='bbox 850 2240 961 2262; x_wconf 82' lang='lat' dir='ltr'>annos</span> <span class='ocrx_word' id='word_1_293' title='bbox 1000 2227 1057 2262; x_wconf 79' lang='lat' dir='ltr'><strong><em>sui</em></strong></span> <span class='ocrx_word' id='word_1_294' title='bbox 1098 2227 1221 2274; x_wconf 82' lang='lat' dir='ltr'>templi</span> <span class='ocrx_word' id='word_1_295' title='bbox 1255 2226 1420 2262; x_wconf 77' lang='lat' dir='ltr'>aedificio</span> <span class='ocrx_word' id='word_1_296' title='bbox 1456 2226 1694 2273; x_wconf 78' lang='lat' dir='ltr'>impenderat.</span> 
     </span>
     <span class='ocr_line' id='line_1_31' title="bbox 208 2272 1696 2321; baseline 0 -11"><span class='ocrx_word' id='word_1_297' title='bbox 208 2286 374 2310; x_wconf 75' lang='lat' dir='ltr'>numerus</span> <span class='ocrx_word' id='word_1_298' title='bbox 399 2276 608 2310; x_wconf 81' lang='lat' dir='ltr'>Iudaeorum</span> <span class='ocrx_word' id='word_1_299' title='bbox 633 2276 677 2310; x_wconf 82' lang='lat' dir='ltr'><strong><em>ab</em></strong></span> <span class='ocrx_word' id='word_1_300' title='bbox 702 2275 826 2310; x_wconf 87' lang='lat' dir='ltr'>exsilio</span> <span class='ocrx_word' id='word_1_301' title='bbox 850 2275 1072 2321; x_wconf 82' lang='lat' dir='ltr'>Babylonico</span> <span class='ocrx_word' id='word_1_302' title='bbox 1095 2273 1353 2310; x_wconf 80' lang='lat' dir='ltr'>revertentium</span> <span class='ocrx_word' id='word_1_303' title='bbox 1371 2272 1441 2309; x_wconf 79' lang='lat' dir='ltr'>fuit</span> <span class='ocrx_word' id='word_1_304' title='bbox 1460 2275 1508 2310; x_wconf 82' lang='lat'><strong><em>24</em></strong></span> <span class='ocrx_word' id='word_1_305' title='bbox 1524 2273 1633 2320; x_wconf 77' lang='lat' dir='ltr'>milia,</span> <span class='ocrx_word' id='word_1_306' title='bbox 1657 2279 1696 2310; x_wconf 78' lang='lat' dir='ltr'><strong><em>et</em></strong></span> 
     </span>
     <span class='ocr_line' id='line_1_32' title="bbox 209 2321 764 2368; baseline -0.002 -11"><span class='ocrx_word' id='word_1_307' title='bbox 209 2321 329 2368; x_wconf 76' lang='lat' dir='ltr'>capita</span> <span class='ocrx_word' id='word_1_308' title='bbox 351 2322 433 2367; x_wconf 88' lang='lat'><strong>360,</strong></span> <span class='ocrx_word' id='word_1_309' title='bbox 457 2333 640 2357; x_wconf 79' lang='lat' dir='ltr'>servorum</span> <span class='ocrx_word' id='word_1_310' title='bbox 657 2322 764 2358; x_wconf 79' lang='lat'><strong>7037.</strong></span> 
     </span>
    </p>

    <p class='ocr_par' dir='ltr' id='par_1_8' title="bbox 206 2365 1695 2836">
     <span class='ocr_line' id='line_1_33' title="bbox 302 2365 1695 2415; baseline -0.001 -13"><span class='ocrx_word' id='word_1_311' title='bbox 302 2368 469 2404; x_wconf 79' lang='lat' dir='ltr'>Ceterum</span> <span class='ocrx_word' id='word_1_312' title='bbox 494 2370 588 2415; x_wconf 88' lang='lat' dir='ltr'>quod</span> <span class='ocrx_word' id='word_1_313' title='bbox 614 2369 658 2404; x_wconf 87' lang='lat' dir='ltr'><strong><em>de</em></strong></span> <span class='ocrx_word' id='word_1_314' title='bbox 681 2367 918 2403; x_wconf 75' lang='lat' dir='ltr'>admonitione</span> <span class='ocrx_word' id='word_1_315' title='bbox 942 2379 963 2403; x_wconf 81' lang='lat' dir='ltr'><strong>a</strong></span> <span class='ocrx_word' id='word_1_316' title='bbox 985 2367 1206 2403; x_wconf 82' lang='lat' dir='ltr'>Zorobabelo</span> <span class='ocrx_word' id='word_1_317' title='bbox 1230 2367 1326 2402; x_wconf 80' lang='lat' dir='ltr'>facta</span> <span class='ocrx_word' id='word_1_318' title='bbox 1348 2365 1541 2402; x_wconf 83' lang='lat' dir='ltr'>indicatum</span> <span class='ocrx_word' id='word_1_319' title='bbox 1566 2370 1634 2411; x_wconf 83' lang='lat' dir='ltr'>est,</span> <span class='ocrx_word' id='word_1_320' title='bbox 1655 2366 1695 2401; x_wconf 88' lang='lat' dir='ltr'><strong><em>id</em></strong></span> 
     </span>
     <span class='ocr_line' id='line_1_34' title="bbox 206 2413 1694 2462; baseline -0.002 -12"><span class='ocrx_word' id='word_1_321' title='bbox 206 2413 262 2450; x_wconf 77' lang='lat' dir='ltr'><strong><em>sio</em></strong></span> <span class='ocrx_word' id='word_1_322' title='bbox 285 2414 409 2451; x_wconf 84' lang='lat' dir='ltr'>habet.</span> <span class='ocrx_word' id='word_1_323' title='bbox 456 2422 530 2451; x_wconf 81' lang='lat' dir='ltr'>tres</span> <span class='ocrx_word' id='word_1_324' title='bbox 555 2416 682 2462; x_wconf 84' lang='lat' dir='ltr'>quibus</span> <span class='ocrx_word' id='word_1_325' title='bbox 705 2415 866 2450; x_wconf 81' lang='lat' dir='ltr'>custodia</span> <span class='ocrx_word' id='word_1_326' title='bbox 889 2415 1050 2461; x_wconf 81' lang='lat' dir='ltr'>corporis</span> <span class='ocrx_word' id='word_1_327' title='bbox 1073 2414 1167 2461; x_wconf 86' lang='lat' dir='ltr'>regii</span> <span class='ocrx_word' id='word_1_328' title='bbox 1194 2413 1377 2449; x_wconf 82' lang='lat' dir='ltr'>commissa</span> <span class='ocrx_word' id='word_1_329' title='bbox 1399 2418 1495 2457; x_wconf 78' lang='lat' dir='ltr'>erat,</span> <span class='ocrx_word' id='word_1_330' title='bbox 1533 2413 1629 2448; x_wconf 89' lang='lat' dir='ltr'>inter</span> <span class='ocrx_word' id='word_1_331' title='bbox 1652 2425 1694 2448; x_wconf 78' lang='lat' dir='ltr'><strong><em>se</em></strong></span> 
     </span>
     <span class='ocr_line' id='line_1_35' title="bbox 206 2459 1693 2508; baseline -0.002 -12"><span class='ocrx_word' id='word_1_332' title='bbox 206 2461 398 2506; x_wconf 78' lang='lat' dir='ltr'>collocuti,</span> <span class='ocrx_word' id='word_1_333' title='bbox 445 2467 647 2498; x_wconf 78' lang='lat' dir='ltr'>statuerunt</span> <span class='ocrx_word' id='word_1_334' title='bbox 678 2461 810 2508; x_wconf 82' lang='lat' dir='ltr'>singuli</span> <span class='ocrx_word' id='word_1_335' title='bbox 839 2462 1080 2508; x_wconf 77' lang='lat' dir='ltr'>quaestionem</span> <span class='ocrx_word' id='word_1_336' title='bbox 1113 2463 1158 2497; x_wconf 88' lang='lat' dir='ltr'><strong><em>de</em></strong></span> <span class='ocrx_word' id='word_1_337' title='bbox 1189 2473 1231 2496; x_wconf 87' lang='lat' dir='ltr'><strong><em>eo</em></strong></span> <span class='ocrx_word' id='word_1_338' title='bbox 1265 2460 1359 2506; x_wconf 90' lang='lat' dir='ltr'>quod</span> <span class='ocrx_word' id='word_1_339' title='bbox 1390 2459 1620 2495; x_wconf 82' lang='lat' dir='ltr'>fortissimum</span> <span class='ocrx_word' id='word_1_340' title='bbox 1654 2460 1693 2494; x_wconf 87' lang='lat' dir='ltr'><strong><em>in</em></strong></span> 
     </span>
     <span class='ocr_line' id='line_1_36' title="bbox 206 2507 1694 2556; baseline -0.001 -14"><span class='ocrx_word' id='word_1_341' title='bbox 206 2509 336 2543; x_wconf 88' lang='lat' dir='ltr'>mundo</span> <span class='ocrx_word' id='word_1_342' title='bbox 362 2508 411 2544; x_wconf 87' lang='lat' dir='ltr'><strong><em>sit</em></strong></span> <span class='ocrx_word' id='word_1_343' title='bbox 434 2514 541 2555; x_wconf 80' lang='lat' dir='ltr'>atque</span> <span class='ocrx_word' id='word_1_344' title='bbox 566 2508 683 2544; x_wconf 83' lang='lat' dir='ltr'>omnia</span> <span class='ocrx_word' id='word_1_345' title='bbox 705 2509 847 2554; x_wconf 85' lang='lat' dir='ltr'>vincat,</span> <span class='ocrx_word' id='word_1_346' title='bbox 886 2509 964 2554; x_wconf 86' lang='lat' dir='ltr'>regi</span> <span class='ocrx_word' id='word_1_347' title='bbox 1000 2520 1195 2556; x_wconf 84' lang='lat' dir='ltr'>exponere:</span> <span class='ocrx_word' id='word_1_348' title='bbox 1231 2507 1363 2543; x_wconf 83' lang='lat' dir='ltr'>victori</span> <span class='ocrx_word' id='word_1_349' title='bbox 1399 2517 1524 2552; x_wconf 87' lang='lat' dir='ltr'>nempe</span> <span class='ocrx_word' id='word_1_350' title='bbox 1554 2518 1576 2542; x_wconf 74' lang='lat' dir='ltr'><strong>a</strong></span> <span class='ocrx_word' id='word_1_351' title='bbox 1605 2517 1694 2552; x_wconf 85' lang='lat' dir='ltr'>rege</span> 
     </span>
     <span class='ocr_line' id='line_1_37' title="bbox 207 2553 1695 2603; baseline -0.001 -15"><span class='ocrx_word' id='word_1_352' title='bbox 207 2553 375 2589; x_wconf 88' lang='lat' dir='ltr'>honorem</span> <span class='ocrx_word' id='word_1_353' title='bbox 409 2555 567 2590; x_wconf 84' lang='lat' dir='ltr'>habitum</span> <span class='ocrx_word' id='word_1_354' title='bbox 600 2555 659 2591; x_wconf 86' lang='lat' dir='ltr'>iri.</span> <span class='ocrx_word' id='word_1_355' title='bbox 707 2555 840 2603; x_wconf 79' lang='lat' dir='ltr'>primus</span> <span class='ocrx_word' id='word_1_356' title='bbox 873 2555 965 2591; x_wconf 80' lang='lat' dir='ltr'>dixit</span> <span class='ocrx_word' id='word_1_357' title='bbox 987 2556 1107 2591; x_wconf 87' lang='lat' dir='ltr'>vinum</span> <span class='ocrx_word' id='word_1_358' title='bbox 1131 2567 1211 2590; x_wconf 85' lang='lat' dir='ltr'>esse</span> <span class='ocrx_word' id='word_1_359' title='bbox 1233 2553 1481 2598; x_wconf 84' lang='lat' dir='ltr'>fortissimum,</span> <span class='ocrx_word' id='word_1_360' title='bbox 1515 2558 1551 2588; x_wconf 86' lang='lat' dir='ltr'><strong><em>et</em></strong></span> <span class='ocrx_word' id='word_1_361' title='bbox 1576 2554 1695 2588; x_wconf 82' lang='lat' dir='ltr'>omnia.</span> 
     </span>
     <span class='ocr_line' id='line_1_38' title="bbox 208 2598 1693 2648; baseline 0 -14"><span class='ocrx_word' id='word_1_362' title='bbox 208 2599 367 2636; x_wconf 83' lang='lat' dir='ltr'>vincere.</span> <span class='ocrx_word' id='word_1_363' title='bbox 414 2604 589 2638; x_wconf 87' lang='lat' dir='ltr'>secundus</span> <span class='ocrx_word' id='word_1_364' title='bbox 613 2602 704 2637; x_wconf 84' lang='lat' dir='ltr'>dixit</span> <span class='ocrx_word' id='word_1_365' title='bbox 730 2598 868 2638; x_wconf 80' lang='lat' dir='ltr'>“vincit</span> <span class='ocrx_word' id='word_1_366' title='bbox 890 2614 973 2647; x_wconf 85' lang='lat' dir='ltr'>rex,</span> <span class='ocrx_word' id='word_1_367' title='bbox 1010 2603 1094 2648; x_wconf 83' lang='lat' dir='ltr'>quia</span> <span class='ocrx_word' id='word_1_368' title='bbox 1125 2600 1302 2636; x_wconf 82' lang='lat' dir='ltr'>voluntati</span> <span class='ocrx_word' id='word_1_369' title='bbox 1331 2599 1533 2635; x_wconf 79' lang='lat' dir='ltr'>facultatem</span> <span class='ocrx_word' id='word_1_370' title='bbox 1565 2600 1693 2635; x_wconf 84' lang='lat' dir='ltr'>adiun-</span> 
     </span>
     <span class='ocr_line' id='line_1_39' title="bbox 209 2646 1694 2696; baseline 0 -16"><span class='ocrx_word' id='word_1_371' title='bbox 209 2652 300 2681; x_wconf 78' lang='lat' dir='ltr'>ctam</span> <span class='ocrx_word' id='word_1_372' title='bbox 326 2646 465 2684; x_wconf 81' lang='lat' dir='ltr'>habet.&#39;’</span> <span class='ocrx_word' id='word_1_373' title='bbox 512 2649 640 2685; x_wconf 86' lang='lat' dir='ltr'>tertius</span> <span class='ocrx_word' id='word_1_374' title='bbox 660 2649 903 2684; x_wconf 80' lang='lat' dir='ltr'>Zorobabelus</span> <span class='ocrx_word' id='word_1_375' title='bbox 922 2649 1101 2685; x_wconf 87' lang='lat' dir='ltr'>mulierem</span> <span class='ocrx_word' id='word_1_376' title='bbox 1124 2647 1346 2696; x_wconf 81' lang='lat' dir='ltr'>praevalere,</span> <span class='ocrx_word' id='word_1_377' title='bbox 1370 2647 1434 2682; x_wconf 80' lang='lat' dir='ltr'>sed</span> <span class='ocrx_word' id='word_1_378' title='bbox 1453 2646 1613 2681; x_wconf 82' lang='lat' dir='ltr'>omnibus</span> <span class='ocrx_word' id='word_1_379' title='bbox 1632 2658 1694 2680; x_wconf 86' lang='lat' dir='ltr'><strong><em>re-</em></strong></span> 
     </span>
     <span class='ocr_line' id='line_1_40' title="bbox 207 2693 1693 2739; baseline 0.001 -13"><span class='ocrx_word' id='word_1_380' title='bbox 207 2693 276 2727; x_wconf 74' lang='lat' dir='ltr'><strong><em>bus</em></strong></span> <span class='ocrx_word' id='word_1_381' title='bbox 298 2695 533 2739; x_wconf 84' lang='lat' dir='ltr'>potentiorem</span> <span class='ocrx_word' id='word_1_382' title='bbox 558 2708 639 2731; x_wconf 86' lang='lat' dir='ltr'>esse</span> <span class='ocrx_word' id='word_1_383' title='bbox 661 2695 851 2731; x_wconf 81' lang='lat' dir='ltr'>veritatem</span> <span class='ocrx_word' id='word_1_384' title='bbox 883 2695 987 2731; x_wconf 83' lang='lat' dir='ltr'>dixit.</span> <span class='ocrx_word' id='word_1_385' title='bbox 1036 2697 1093 2731; x_wconf 86' lang='lat' dir='ltr'><strong><em>hic</em></strong></span> <span class='ocrx_word' id='word_1_386' title='bbox 1124 2694 1252 2730; x_wconf 80' lang='lat' dir='ltr'>meruit</span> <span class='ocrx_word' id='word_1_387' title='bbox 1283 2693 1445 2737; x_wconf 80' lang='lat' dir='ltr'>laudem,</span> <span class='ocrx_word' id='word_1_388' title='bbox 1483 2699 1520 2728; x_wconf 86' lang='lat' dir='ltr'><strong><em>et</em></strong></span> <span class='ocrx_word' id='word_1_389' title='bbox 1545 2693 1693 2728; x_wconf 81' lang='lat' dir='ltr'>liberam</span> 
     </span>
     <span class='ocr_line' id='line_1_41' title="bbox 209 2739 1692 2789; baseline 0.002 -17"><span class='ocrx_word' id='word_1_390' title='bbox 209 2739 387 2784; x_wconf 81' lang='lat' dir='ltr'>optionem</span> <span class='ocrx_word' id='word_1_391' title='bbox 412 2749 536 2777; x_wconf 76' lang='lat' dir='ltr'>nactus</span> <span class='ocrx_word' id='word_1_392' title='bbox 561 2755 680 2789; x_wconf 86' lang='lat' dir='ltr'>regem</span> <span class='ocrx_word' id='word_1_393' title='bbox 703 2743 781 2778; x_wconf 82' lang='lat' dir='ltr'>voti</span> <span class='ocrx_word' id='word_1_394' title='bbox 803 2742 1003 2786; x_wconf 78' lang='lat' dir='ltr'>admonuit3</span> <span class='ocrx_word' id='word_1_395' title='bbox 1028 2748 1063 2779; x_wconf 88' lang='lat' dir='ltr'><strong><em>et</em></strong></span> <span class='ocrx_word' id='word_1_396' title='bbox 1083 2754 1148 2778; x_wconf 85' lang='lat' dir='ltr'><strong><em>rex</em></strong></span> <span class='ocrx_word' id='word_1_397' title='bbox 1168 2740 1336 2789; x_wconf 86' lang='lat' dir='ltr'>populum</span> <span class='ocrx_word' id='word_1_398' title='bbox 1356 2739 1491 2775; x_wconf 88' lang='lat' dir='ltr'>dimisit</span> <span class='ocrx_word' id='word_1_399' title='bbox 1508 2751 1551 2775; x_wconf 84' lang='lat' dir='ltr'><strong><em>ao</em></strong></span> <span class='ocrx_word' id='word_1_400' title='bbox 1570 2741 1692 2775; x_wconf 85' lang='lat' dir='ltr'>urbem</span> 
     </span>
     <span class='ocr_line' id='line_1_42' title="bbox 210 2785 748 2836; baseline 0.011 -17"><span class='ocrx_word' id='word_1_401' title='bbox 210 2785 415 2821; x_wconf 78' lang='lat' dir='ltr'>aedificavit</span> <span class='ocrx_word' id='word_1_402' title='bbox 438 2793 543 2834; x_wconf 75' lang='lat' dir='ltr'>atque</span> <span class='ocrx_word' id='word_1_403' title='bbox 567 2789 748 2836; x_wconf 84' lang='lat' dir='ltr'>templum.</span> 
     </span>
    </p>

    <p class='ocr_par' dir='ltr' id='par_1_9' title="bbox 210 2832 1692 2977">
     <span class='ocr_line' id='line_1_43' title="bbox 302 2832 1692 2883; baseline 0 -17"><span class='ocrx_word' id='word_1_404' title='bbox 302 2832 345 2866; x_wconf 91' lang='lat' dir='ltr'><strong><em>In</em></strong></span> <span class='ocrx_word' id='word_1_405' title='bbox 377 2836 530 2870; x_wconf 79' lang='lat' dir='ltr'>secunda</span> <span class='ocrx_word' id='word_1_406' title='bbox 561 2837 712 2883; x_wconf 82' lang='lat' dir='ltr'>epistola</span> <span class='ocrx_word' id='word_1_407' title='bbox 738 2835 1035 2872; x_wconf 75' lang='lat' dir='ltr'>Machabaeorum</span> <span class='ocrx_word' id='word_1_408' title='bbox 1061 2834 1106 2870; x_wconf 83' lang='lat' dir='ltr'><strong><em>ad</em></strong></span> <span class='ocrx_word' id='word_1_409' title='bbox 1129 2835 1280 2869; x_wconf 82' lang='lat' dir='ltr'>Iudaeos</span> <span class='ocrx_word' id='word_1_410' title='bbox 1302 2833 1340 2868; x_wconf 86' lang='lat' dir='ltr'><strong><em>in</em></strong></span> <span class='ocrx_word' id='word_1_411' title='bbox 1361 2832 1528 2880; x_wconf 80' lang='lat' dir='ltr'>Aegypto</span> <span class='ocrx_word' id='word_1_412' title='bbox 1556 2832 1692 2878; x_wconf 86' lang='lat' dir='ltr'>degen-</span> 
     </span>
     <span class='ocr_line' id='line_1_44' title="bbox 210 2877 1691 2928; baseline -0.001 -14"><span class='ocrx_word' id='word_1_413' title='bbox 210 2881 268 2914; x_wconf 78' lang='lat' dir='ltr'>tes</span> <span class='ocrx_word' id='word_1_414' title='bbox 292 2877 460 2925; x_wconf 81' lang='lat' dir='ltr'>scriptum</span> <span class='ocrx_word' id='word_1_415' title='bbox 485 2888 550 2926; x_wconf 86' lang='lat' dir='ltr'>est,</span> <span class='ocrx_word' id='word_1_416' title='bbox 576 2884 671 2928; x_wconf 85' lang='lat' dir='ltr'>quod</span> <span class='ocrx_word' id='word_1_417' title='bbox 695 2883 866 2919; x_wconf 82' lang='lat' dir='ltr'>refecerit</span> <span class='ocrx_word' id='word_1_418' title='bbox 888 2881 1051 2928; x_wconf 76' lang='lat' dir='ltr'>templum</span> <span class='ocrx_word' id='word_1_419' title='bbox 1075 2887 1114 2917; x_wconf 90' lang='lat' dir='ltr'><strong><em>et</em></strong></span> <span class='ocrx_word' id='word_1_420' title='bbox 1136 2882 1247 2917; x_wconf 81' lang='lat' dir='ltr'>altare</span> <span class='ocrx_word' id='word_1_421' title='bbox 1269 2880 1459 2925; x_wconf 79' lang='lat' dir='ltr'>Neemias,</span> <span class='ocrx_word' id='word_1_422' title='bbox 1486 2891 1527 2914; x_wconf 85' lang='lat' dir='ltr'><strong><em>ac</em></strong></span> <span class='ocrx_word' id='word_1_423' title='bbox 1550 2879 1691 2914; x_wconf 82' lang='lat' dir='ltr'>sacrifi-</span> 
     </span>
     <span class='ocr_line' id='line_1_45' title="bbox 212 2925 1689 2977; baseline -0.001 -15"><span class='ocrx_word' id='word_1_424' title='bbox 212 2928 355 2962; x_wconf 69' lang='lat' dir='ltr'>caturae</span> <span class='ocrx_word' id='word_1_425' title='bbox 377 2927 598 2964; x_wconf 77' lang='lat' dir='ltr'>sacerdotum</span> <span class='ocrx_word' id='word_1_426' title='bbox 621 2935 785 2977; x_wconf 81' lang='lat' dir='ltr'>posteros</span> <span class='ocrx_word' id='word_1_427' title='bbox 810 2931 858 2968; x_wconf 81' lang='lat' dir='ltr'><strong><em>ad</em></strong></span> <span class='ocrx_word' id='word_1_428' title='bbox 881 2930 1022 2966; x_wconf 78' lang='lat' dir='ltr'>foveam</span> <span class='ocrx_word' id='word_1_429' title='bbox 1046 2929 1195 2977; x_wconf 55' lang='lat' dir='ltr'>miserit,</span> <span class='ocrx_word' id='word_1_430' title='bbox 1217 2928 1256 2965; x_wconf 83' lang='lat' dir='ltr'><strong><em>in</em></strong></span> <span class='ocrx_word' id='word_1_431' title='bbox 1279 2938 1384 2976; x_wconf 78' lang='lat' dir='ltr'>quam</span> <span class='ocrx_word' id='word_1_432' title='bbox 1407 2932 1567 2975; x_wconf 75' lang='lat' dir='ltr'>tempore</span> <span class='ocrx_word' id='word_1_433' title='bbox 1591 2925 1689 2962; x_wconf 85' lang='lat' dir='ltr'>exci-</span> 
     </span>
    </p>
   </div>
  </div>
 </body>
</html>
