1742 3184
212 221 305 287 148
688 233 929 281 GEORGH
956 231 1203 279 CEDRENI

208 352 340 413 ἇρχοῖς
367 371 409 399 τε
441 349 686 408 ἀσωμάτους
715 351 782 394 καὶ
806 349 1014 402 ἐξουσίας,
1047 345 1162 403 ηλιον
1183 347 1250 390 καὶ
1269 343 1439 402 σελήνην
1461 345 1528 388 καὶ
1550 343 1682 402 α’στρα

207 425 363 478 πάντα,
397 427 472 481 γῆν
494 424 563 467 καὶ
583 421 805 466 θάλασσαν
828 421 895 462 καὶ
920 418 972 462 τὰ
997 419 1039 461 ἐν
1062 418 1200 467 αὐτοῖς
1223 413 1353 473 ὁρατά
1372 433 1415 458 τε
1435 416 1503 458 καὶ
1525 412 1684 472 ἀόρατα

208 493 342 538 πάντα
368 492 446 537 ὕπὸ
476 496 550 535 τοῦ
581 493 830 547 (δημιουργοῦ
854 492 934 531 τῶν
958 485 1065 530 ὅλων
1085 486 1300 543 γενέσθαι,
1336 486 1404 527 καὶ
1431 484 1477 528 τὸ
1505 488 1586 527 τῶν
1611 482 1684 525 ἀν-

209 563 393 649 θρώπων
417 562 527 619 γένος
547 559 620 604 υπ’
647 560 773 603 αὐτοῦ
795 562 869 601 τοῦ
891 561 993 600 θεοῦ
1013 559 1251 611 πλασθῆναι
1280 556 1323 597 ἐκ
1350 559 1424 611 γῆς
1451 555 1521 597 καὶ
1544 552 1685 609 ψυχὴν

211 631 286 677 υπ’
322 631 449 675 αυτοῦ
473 630 636 686 λογικὴν
669 632 831 682 λαβεῖν,
868 629 924 678 εἰς
953 627 1052 681 μίαν
1085 626 1130 668 δὲ
1164 623 1337 678 δύναμιν
1367 625 1435 666 καὶ
1464 620 1509 665 ἓν
1537 620 1720 677 κράτοςό

213 701 411 758 θεότητος
434 698 659 756 ἀνάγεσθαι
681 697 733 740 τὰ
757 695 890 739 πάντα
913 700 1015 739 θεολ
1007 701 1106 752 ογεῖ
1110 727 1124 748 ,
1165 694 1210 745 ὅς
1236 694 1343 737 ἔστιν
1367 691 1388 735 ὅ
1413 691 1468 735 ὢν
1490 690 1613 743 θεός,
1643 690 1688 734 ὃν

161 783 192 819 Β
217 772 348 822 οὐδεὶς
365 769 458 829 ὁρᾷ.
504 769 597 826 τρία
616 767 681 819 δέ,
709 767 854 823 φησίν,
883 765 1064 820 ὀνόματα
1073 797 1085 817 ,
1110 763 1242 818 βουλὴ
1265 766 1354 821 φῶς
1372 760 1474 817 ζωή,
1503 762 1545 804 ἓν
1563 761 1688 820 αὐτῷ,

213 842 352 897 ὀλίγου
376 841 458 882 δεῖν
479 835 713 895 συμφώνως
732 839 783 893 τῇ
806 836 981 895 ἀληθεία
1000 839 1049 891 τῇ
1071 833 1174 877 καθ’
1198 830 1309 887 ἡμᾶς
1328 832 1421 890 περί
1437 849 1478 874 τε
1497 836 1602 874 θεοῦ
1621 832 1690 873 καὶ

159 904 162 906 μ
214 907 445 967 ἀνθρώπων
469 905 492 949 ὃ
515 905 757 963 σοφώτατος
787 902 1150 963 ἀποφθεγγόμενος
1175 899 1365 959 Ὀρφεύς.
1433 901 1621 959 λυρῳδὸς
1647 900 1691 942 δὲ

214 981 281 1023 καὶ
311 976 546 1035 κιθαρῳδὸς
574 973 779 1030 ὑμνεῖται,
814 978 951 1017 πᾶσαν
984 976 1223 1029 κατακηλῶν
1252 973 1320 1014 καὶ
1348 970 1509 1028 θέλγων
1536 968 1690 1026 ψυχήν.
1703 976 1742 1012 10

214 1050 282 1092 καὶ
303 1047 354 1091 τὰ
373 1045 494 1089 λοιπὰ
515 1043 848 1102 προεγράφησαν.

349 1115 472 1160 Κατὰ
504 1112 673 1165 τούτους
702 1114 799 1164 τοὺς
825 1109 1001 1169 χρόνους
1032 1112 1100 1153 καὶ
1129 1107 1344 1167 Μαρσύαν
1372 1105 1602 1167 φιλόσοφον
1625 1107 1693 1150 λέ·-

212 1203 329 1245 γουσι
359 1185 573 1243 γενέσθαι,
620 1182 665 1234 ὃς
695 1184 830 1240 ἐξεῦρε
860 1182 931 1224 διὰ
962 1185 1162 1236 μουσικῆς
1194 1181 1344 1230 αὐλοὺς
1374 1178 1453 1221 ἀπὸ
1483 1175 1693 1232 καλάμων,

212 1258 281 1300 καὶ
314 1256 517 1298 denemarca
549 1253 629 1295 ἀπὸ
660 1256 771 1295 θεῶν
803 1249 947 1294 ἑαυτὸν
977 1251 1045 1292 καὶ
1074 1250 1200 1306 λέγων
1227 1246 1464 1306 ἀνθρώποις
1483 1245 1694 1305 εὓρηκέναι

213 1326 285 1369 διὰ
307 1329 379 1368 τοῦ
404 1324 553 1379 μέλους
577 1327 657 1364 τῶν
677 1318 875 1375 καλαμων
898 1317 1070 1378 τροφήν.
1140 1322 1284 1361 τοῦτον
1314 1315 1693 1375 παραφρονήσαντα
1707 1324 1742 1360 15

162 1408 194 1443 c
217 1394 338 1453 ῥῖψαι
359 1394 512 1450 λέγεται
533 1389 678 1434 ἑαυτὸν
701 1392 756 1441 εἷς
776 1391 847 1432 τὸν
866 1387 1073 1443 ποταμόν,
1105 1387 1205 1430 ὅθεν
1228 1390 1294 1430 καὶ
1316 1385 1337 1429 ὅ
1360 1386 1544 1442 ποταμὸς
1561 1388 1695 1444 Μαρ-

213 1481 317 1515 συας
339 1460 589 1518 ὠνομάσθη·
618 1460 701 1502 απὸ
728 1460 932 1514 Κολχίδος
952 1459 996 1501 δὲ
1015 1474 1133 1508 ουτος
1152 1457 1332 1514 ὥριιητο.

351 1531 489 1575 Πάλιν
519 1529 541 1573 ὃ
577 1530 677 1580 λαὸς
709 1532 992 1588 προσπταίσας
1022 1528 1229 1570 {nemetae
1261 1524 1510 1584 αλλοφύλοις
1540 1523 1609 1582 ἔτη
1637 1522 1697 1579 μ’.

213 1602 534 1659 ἐπιστρέψαντος
554 1600 602 1642 δὲ
628 1599 753 1641 αὐτοῦ
776 1598 879 1655 πρὸς
898 1597 1000 1640 θεὸν
1021 1598 1206 1651 ἀνίστησι
1226 1595 1296 1638 τὸν
1319 1594 1511 1651 Σαμψὼν
1531 1595 1602 1638 τὸν
1624 1597 1698 1637 τοῦ

214 1672 375 1716 Μανωὲ
403 1669 516 1721 υἱόν,
547 1670 597 1711 ἐκ
629 1672 762 1725 φυλῆς
790 1666 908 1719 Δάν,
944 1666 1056 1717 ὅστις
1086 1663 1428 1721 καταπολεμησας
1451 1682 1547 1715 τους
1569 1664 1648 1707 αλλ
1652 1673 1742 1710 0-2(

216 1739 375 1800 φύλους
393 1738 509 1798 ἄρχει
529 1737 596 1794 ἔτη
618 1735 669 1781 κ’.
738 1737 844 1780 κατὰ
864 1734 1034 1787 τούτους
1050 1736 1147 1787 τοὺς
1159 1733 1336 1793 χρόνους
1346 1732 1559 1793 ζΗρακλῆς
1575 1735 1701 1791 ἔγνω-

309 1883 332 1918 7
354 1877 454 1926 αὐτῇ
478 1881 513 1916 R
639 1882 686 1917 10
707 1892 795 1937 υμν
822 1892 873 1920 ως
896 1880 981 1920 ταῖς
988 1875 1222 1935 ήδυεπείαις
1242 1879 1371 1915 πᾶσαν
1393 1879 1616 1925 κατακηλεῖν
1637 1876 1702 1913 καὶ

309 1926 457 1974 θέλγειν
479 1929 513 1963 R
653 1929 698 1964 17
721 1924 870 1973 ὅρμητο
893 1927 947 1972 R,
973 1938 1143 1972 ωρμηται
1161 1928 1191 1962 Ρ

216 2054 408 2102 sophatus;
441 2054 528 2090 item
559 2053 605 2089 de
636 2053 821 2100 principiis
852 2053 1096 2100 incorporeis,
1131 2053 1176 2089 de
1206 2053 1466 2101 potestatibus,
1500 2052 1546 2088 de
1568 2051 1644 2088 sole
1669 2054 1706 2087 et

217 2103 303 2138 luna
347 2102 598 2157 sideribusque
635 2101 834 2146 universis,
877 2106 978 2136 terra
1013 2100 1103 2136 mari
1132 2107 1238 2147 atque
1273 2103 1430 2136 omnibus
1461 2111 1554 2146 quae
1584 2100 1624 2134 in
1658 2099 1704 2133 iis

216 2152 322 2193 sunt,
352 2148 432 2183 sive
455 2147 571 2183 videri
595 2160 638 2182 ea
659 2153 792 2193 queant
814 2159 878 2182 seu
900 2148 1015 2182 visum
1038 2147 1196 2193 fugiant,
1222 2148 1338 2183 omnia
1363 2148 1452 2183 haec
1476 2148 1522 2182 ab
1546 2145 1706 2181 universi

217 2195 402 2231 conditore
423 2195 544 2230 efficta
571 2194 716 2229 docens.
765 2195 817 2229 ab*
833 2194 955 2229 eodem
989 2194 1166 2229 hominum
1196 2206 1308 2239 genus
1344 2207 1388 2230 ex
1417 2199 1515 2230 terra
1549 2193 1706 2228 effictum

217 2242 405 2286 animaque
426 2240 575 2276 rationis
599 2244 762 2287 compote
785 2241 1004 2296 praeditum3
1039 2247 1111 2276 tum
1134 2241 1249 2276 omnia
1273 2242 1318 2276 ad
1341 2252 1446 2275 unum
1473 2239 1616 2275 divinae
1639 2251 1706 2274 na—

218 2293 320 2324 turae
339 2288 525 2343 imperium
548 2291 656 2334 atque
678 2288 750 2322 vim
773 2287 924 2332 referri,
962 2299 1088 2333 nempe
1112 2288 1157 2322 ad
1178 2300 1301 2323 verum
1320 2289 1444 2332 deum,
1479 2297 1581 2332 quem
1603 2297 1705 2321 nemo

221 2335 341 2376 videt;
378 2334 437 2369 cui
465 2334 535 2369 tria
568 2339 650 2370 sunt
671 2334 835 2379 nomina,
869 2334 1051 2368 consilium
1072 2334 1188 2369 lumen
1214 2340 1251 2370 et
1275 2333 1351 2370 vita
1372 2334 1410 2368 in
1432 2334 1528 2380 ipso.
1573 2333 1624 2368 ita
1647 2344 1709 2367 sa-

218 2380 459 2428 pientissimus
485 2380 651 2427 Orpheus
678 2381 930 2436 propemodum
953 2381 1119 2427 veritati,
1146 2393 1249 2426 quam
1271 2393 1336 2416 nos
1357 2381 1588 2427 profitemur,
1621 2391 1708 2414 con-

220 2433 390 2464 sentanea
407 2427 452 2463 de
471 2429 537 2463 deo
557 2433 592 2462 et
610 2427 809 2462 hominibus
827 2427 1083 2482 pronuntiavit.
1109 2408 1166 2472 'ly
1171 2427 1265 2462 ricus
1291 2432 1328 2462 et
1351 2427 1576 2462 citharoedus
1595 2427 1708 2461 fuisse

220 2475 468 2520 praedicatur,
503 2486 595 2521 quae
614 2475 796 2510 suavitate
820 2474 992 2509 sermonis
1022 2475 1182 2520 quamvis
1208 2474 1364 2511 oblectet
1384 2478 1491 2520 atque
1513 2473 1709 2509 demulceat

222 2521 383 2556 animam.
430 2520 569 2567 reliqua
588 2533 698 2567 supra
716 2520 931 2556 rettulimus.

311 2589 449 2624 Eodem
470 2595 631 2645 tempore
653 2590 835 2635 Marsyam
859 2600 1000 2635 quoque
1031 2589 1280 2645 philosophum
1308 2588 1421 2625 fuisse
1443 2592 1622 2643 narrant,
1647 2588 1710 2635 qui

223 2637 301 2669 arte
323 2635 456 2670 musica
477 2636 616 2672 invenit
638 2636 833 2672 fistularum
862 2649 906 2671 ex
934 2636 1074 2671 calamis
1098 2637 1379 2682 confectionem,
1412 2641 1522 2681 atque
1543 2637 1588 2671 ad
1610 2635 1709 2670 insa-

221 2680 315 2715 niam
320 2681 522 2735 prolapsus
546 2684 604 2718 dei
628 2683 699 2718 sibi
721 2695 848 2718 nomen
872 2683 1076 2729 arrogavit,
1108 2683 1231 2718 dicens
1258 2695 1297 2718 se
1322 2683 1486 2717 alimenta
1511 2682 1710 2717 hominibus

224 2726 378 2761 carmine
407 2728 600 2764 fistularum
633 2730 856 2776 repperisse3
894 2730 1078 2775 ferturque
1101 2737 1219 2765 mente
1240 2736 1365 2775 captus
1396 2741 1476 2765 sese
1499 2729 1537 2763 in
1561 2728 1709 2764 fluvium

227 2772 423 2818 abiecisse,
450 2775 507 2809 cui
529 2776 698 2823 Marsyae
720 2788 847 2812 nomen
867 2776 951 2811 inde
973 2777 1123 2812 factum.
1151 2778 1183 2812 is
1208 2788 1253 2811 ex
1276 2775 1448 2811 Colchide
1469 2775 1583 2811 venit.

319 2840 484 2877 Ceterum
508 2845 658 2890 populus
683 2857 760 2880 cum
780 2857 903 2880 rursus
934 2845 1036 2880 deum
1061 2845 1291 2890 offendisset,
1324 2846 1368 2880 ab
1394 2857 1437 2880 eo
1460 2844 1623 2880 barbaris
1643 2855 1711 2891 per

225 2886 273 2922 40
294 2899 404 2923 annos
426 2889 565 2924 deditus
585 2897 651 2926 est.
699 2892 883 2927 conversis
905 2892 950 2928 ad
967 2905 1008 2927 se
1027 2893 1112 2928 deus
1136 2893 1340 2928 Samsonem
1364 2892 1517 2927 Manoae
1537 2892 1583 2927 F.
1601 2903 1709 2938 prae-

226 2933 329 2981 fecit,
353 2934 450 2971 tribu
469 2935 654 2973 Danicum.
701 2939 733 2974 is
752 2938 905 2976 devictis
926 2940 1085 2976 barbaris
1103 2939 1235 2987 populo
1255 2950 1365 2976 annos
1382 2940 1429 2975 20
1446 2938 1617 2987 praefuit.
1666 2949 1710 2974 ea
