1742 3184
207 222 308 268 232
686 219 934 265 'GEORGII
962 216 1208 263 CEDRENI

206 335 280 394 τήν
309 354 352 380 τε
374 334 547 392 Ἓλένην
575 339 633 395 τῷ
653 332 859 394 Μενελάῳ
882 329 1102 385 ἀποδόντες
1124 331 1194 376 καὶ
1222 330 1297 388 τὴν
1320 327 1438 375 πόλιν
1457 333 1595 375 πᾶσαν
1615 329 1689 386 ε’μ-

205 404 433 466 πρήσαντες
453 407 522 452 καὶ
540 403 922 463 καταστρεψάμενοι
943 401 1246 446 ἓπαλινόστουν.

341 475 470 531 Μετὰ
494 475 540 518 τὸ
564 473 717 518 ἁλῶναι
748 473 794 516 τὸ
810 473 935 517 Ἴλιον
957 473 1069 523 Αἴας
1102 470 1122 515 ὅ
1147 466 1411 526 Τελαμώνιος
1443 470 1510 512 καὶ
1534 468 1688 512 Ὀδυσ-

204 545 300 596 σεῦς
318 550 392 589 τοῦ
411 546 556 598 ζωδίου
576 541 804 594 Παλλάδος
821 540 1011 600 ἑκάτερος
1031 542 1337 592 ἀντεποιοῦντο,
1382 537 1438 591 ὥς
1460 538 1572 597 αὐτῷ
1597 540 1689 580 δια-

204 616 401 673 φέροντος
428 616 496 658 καὶ
521 618 572 672 τῇ
597 614 688 673 ἰδίᾳ
719 611 834 656 πόλει
865 613 968 664 ἕξειν
998 611 1097 655 αὐτὸ
1119 608 1414 669 φυλακτήριον,
1449 606 1506 659 ὥς
1526 606 1722 655 πάντωνὸ

201 685 450 742 ἐπίπροσθεν
476 681 780 741 ἀγωνιζόμενον.
815 681 947 725 πολλὰ
970 682 1014 725 δὲ
1035 678 1356 739 στρατηγήματα
1378 681 1420 730 ἐξ
1444 677 1691 737 ἀμφοτέρων

202 754 408 813 ρηθέντα,
444 752 555 809 ὅμως
581 754 623 795 ἐν
644 750 872 810 παραθὴκῃ
894 753 1053 794 δίδοται
1073 751 1118 794 τὸ
1141 748 1386 793 Παλλάδιον
1408 749 1483 799 ἕως
1500 751 1616 806 πρωῒ
1630 751 1688 806 τῷ

152 834 183 869 C
207 821 425 879 Διομήδει.
496 821 567 865 διὰ
591 821 730 876 μέντοι
758 821 904 872 νυκτὸς
932 819 1096 876 ἀδήλως
1119 819 1317 879 σφάζεται
1335 818 1460 868 Αἴας.
1495 860 1498 864 ,
1530 819 1691 874 πρωίας

202 895 248 936 ὁὲ
276 893 491 950 γενομένης
522 889 580 942 ὡς
611 889 764 949 εὑρέθη
795 889 958 949 νεκρός,
999 893 1154 945 πολλῆς
1179 887 1361 939 στάσεως
1387 887 1602 944 γενομένης
1632 888 1690 937 εἷς

200 960 411 1018 ὑπόληψιν
442 956 547 1017 ἦλθε
577 965 651 1016 τῆς
683 959 869 1018 πράξεως
894 957 1140 1011 Ὀδυσσεύς*
1178 958 1278 1002 ὅθεν
1306 960 1374 1001 καὶ
1405 958 1462 1008 εἲς
1488 955 1686 1014 ἐμφύλιον
1702 967 1742 1003 10

201 1031 483 1086 ἀναπτομένου
501 1034 576 1073 τοῦ
596 1027 837 1088 πράγματος
853 1028 1044 1084 πόλεμον,
1080 1033 1242 1088 πρῶτος
1262 1027 1488 1078 Ὀδυσσεὺς
1514 1024 1691 1077 ἑλκύσας

201 1101 254 1144 τὰ
277 1100 427 1145 ἑαυτοῦ
458 1104 582 1142 πλοῖα
610 1097 839 1158 ἅφώρμησε
869 1104 944 1155 τῆς
964 1100 1144 1158 Τροίας,
1178 1099 1246 1141 καὶ
1265 1097 1359 1153 μετ’
1384 1098 1534 1140 ἐκεῖνον
1555 1094 1690 1138 ἅπαν-

201 1189 289 1223 τες,
327 1172 395 1214 καὶ
418 1174 539 1213 τοῦτο
564 1168 669 1226 ἀρχὴ
692 1170 827 1226 γε’γονε
849 1174 923 1226 τῆς
946 1165 1254 1224 τῶν“Ελλη’νων
1274 1164 1587 1224 ὑποχωρήσεως.
1614 1166 1690 1221 τὴν

202 1242 248 1283 δὲ
269 1239 458 1295 ςΕκάβην
485 1239 777 1296 καταρωμένην
808 1242 868 1298 τῷ
900 1241 1065 1297 στρατῷ
1096 1238 1135 1280 οἶ
1163 1235 1269 1293 μετὰ
1295 1236 1528 1287 Ὀδυσσέως
1554 1236 1690 1286 λίθοις

198 1308 400 1364 βάλλουσι
428 1310 495 1352 καὶ
520 1313 572 1367 τῇ
593 1307 791 1366 θαλάσσῃ
814 1308 1024 1367 ῥίπτουσιν
1046 1309 1103 1359 εἷς
1115 1305 1261 1365 χώραν
1280 1306 1499 1363 λεγομένην
1517 1303 1687 1364 Magici-
1700 1314 1742 1352 15

198 1397 321 1433 νειαν,
357 1378 408 1435 ἢν
423 1379 492 1421 καὶ
512 1377 633 1428 κυνὸς
651 1381 767 1433 σῆμα
787 1376 1020 1433 ὠνόμασαν.
1529 1418 1531 1421 ,
1578 1416 1581 1420 .

331 1448 524 1491 Ἐκεῖθεν
547 1447 733 1502 ἐμπίπτει
756 1447 799 1490 ἓν
820 1449 986 1508 Σικελία
1010 1443 1233 1498 Κύκλωπι,
1269 1443 1359 1500 οὗχὶ
1387 1442 1444 1487 ἑνὶ
1475 1442 1688 1503 ὃφθαλμῷ

198 1517 305 1562 κατὰ
335 1518 411 1569 τὰς
438 1518 698 1573 μυθολογίας
723 1515 911 1574 Ὁμήρου
933 1516 1189 1573 κεχρημένῳ·
1225 1514 1323 1558 ἀλλ’
1359 1513 1582 1572 ἅνθρωπος
1614 1515 1689 1569 μὲν

142 1594 175 1629 D
200 1583 249 1643 ἦν
268 1587 343 1642 τὴν
363 1585 488 1646 φύσιν
511 1585 568 1637 ὥς
584 1584 730 1636 πάντες
752 1585 969 1643 ἄνθρωποι
989 1589 1056 1628 καὶ
1077 1585 1116 1628 οἳ
1137 1585 1271 1627 λοιποὶ
1291 1581 1531 1635 Κύκλωπες,
1562 1584 1608 1627 οἳ
1619 1585 1688 1627 καὶ

196 1657 244 1701 τὸ
266 1655 371 1707 εἶδος
389 1651 497 1712 ἦσαν
514 1654 684 1711 μεγάλοι
705 1657 775 1698 καὶ
799 1655 1102 1713 ἄπηγριωμὲνοι
1121 1655 1190 1696 καὶ
1211 1653 1416 1706 ἆπευκτοί,
1450 1653 1525 1709 τὴν
1540 1655 1687 1711 προαί-
1697 1664 1742 1699 20

197 1744 309 1783 ρεσιν
329 1723 582 1782 παγχάλεποι
604 1726 672 1767 καὶ
693 1723 1088 1783 μισανθρωπότατοι
1110 1725 1177 1766 καὶ
1199 1721 1484 1781 φονικιῦτατοι.
1521 1722 1608 1766 εἶτα
1630 1726 1687 1775 εἷς

197 1796 274 1846 τὰς
282 1797 458 1846 Αἰολίας
470 1792 620 1850 νήσους
637 1796 693 1845 εἷς
701 1795 862 1852 Κίρκην
875 1796 942 1837 καὶ
955 1793 1148 1848 Καλυψὼ
1161 1792 1235 1843 τὰς
1248 1792 1484 1850 θυγατέρας
1495 1792 1689 1836 ”Λτλαν-

197 1882 268 1916 τος
281 1878 293 1890 ·
323 1865 405 1924 ἀφ’
430 1860 480 1920 ἧς
501 1865 660 1924 Κίρκης
676 1865 743 1907 καὶ
762 1863 852 1907 υἱὸν
874 1863 964 1921 ἴσχε
985 1863 1056 1908 τὸν
1080 1863 1324 1920 Τηλέγονον.
1359 1859 1447 1905 εἶτα
1465 1864 1524 1914 εἷς
1543 1865 1688 1920 λίμνην

197 2038 523 2091 supellectilemque
554 2042 650 2079 inter
681 2055 720 2078 se
751 2041 876 2090 partiti
900 2046 1002 2086 sunt3
1034 2041 1245 2088 redditaque
1269 2041 1432 2077 Menelao
1456 2041 1615 2089 Helena,
1653 2047 1690 2080 et

190 2093 286 2126 >urbe
310 2091 466 2137 undique
488 2090 634 2126 incensa
658 2095 764 2136 atque
788 2089 918 2134 diruta,
943 2091 1081 2124 domum
1105 2090 1225 2124 redire
1247 2088 1490 2124 intenderunt.

288 2138 356 2173 Ilio
376 2142 481 2184 capto
497 2138 590 2172 Aiax
606 2136 833 2172 Telamonius
859 2141 893 2171 et
909 2136 1061 2181 Ulysses
1086 2141 1236 2181 uterque
1258 2135 1329 2171 sibi
1348 2135 1544 2170 Palladium
1567 2136 1687 2173 vindi—

195 2184 318 2231 cavit,
357 2197 433 2220 cum
465 2188 615 2230 uterque
647 2185 692 2218 ob
725 2183 898 2218 toleratos
932 2195 998 2229 pro
1031 2188 1108 2218 toto
1134 2182 1293 2217 exercitu
1319 2182 1460 2217 labores
1485 2182 1556 2217 sibi
1579 2184 1616 2218 id
1643 2186 1690 2220 ad

194 2243 282 2266 suae
305 2231 404 2266 urbis
427 2231 573 2266 tutelam
596 2231 718 2265 deberi
740 2230 984 2265 contenderet.
1016 2241 1094 2264 cum
1116 2235 1267 2276 uterque
1291 2229 1398 2264 multa
1421 2229 1606 2275 praeclara
1623 2242 1690 2267 sua

197 2278 273 2312 eius
297 2278 381 2314 belli
402 2278 563 2313 facinora
586 2283 915 2320 commemorasset,
942 2276 1137 2311 Palladium
1157 2282 1275 2311 tamen
1298 2288 1412 2322 usque
1434 2276 1472 2310 in
1497 2277 1689 2313 crastinum

195 2324 290 2359 diem
314 2326 408 2371 apud
431 2324 638 2359 Diomedem
660 2323 858 2370 depositum
882 2322 964 2359 fuit.
1013 2324 1076 2358 sed
1109 2335 1152 2358 ea
1181 2328 1287 2358 nocte
1316 2324 1427 2367 ΑἰαΧ,
1462 2323 1634 2359 incertum
1667 2337 1690 2360 a

195 2382 288 2416 quo,
323 2372 509 2406 occiditur.
558 2382 651 2416 quae
681 2383 741 2406 res
764 2382 842 2404 cum
870 2381 1030 2415 magnam
1063 2371 1201 2406 turbam
1227 2369 1438 2414 excitasset,
1475 2370 1626 2414 Ulysses
1650 2371 1688 2406 in

197 2418 436 2463 suspicionem
461 2418 537 2453 eius
560 2418 648 2452 facti
674 2417 839 2459 devenit3
875 2427 1024 2461 cumque
1055 2417 1099 2451 ad
1131 2416 1336 2451 intestinum
1369 2416 1438 2450 iam
1470 2428 1528 2452 res
1559 2417 1688 2453 bellum

197 2470 399 2510 spectaret,
431 2465 565 2511 primus
586 2464 740 2509 Ulysses
764 2463 924 2499 deductis
950 2463 1025 2497 suis
1052 2463 1202 2498 navibus
1228 2475 1248 2498 e
1267 2463 1381 2497 Troia
1400 2462 1506 2508 abiit,
1537 2475 1688 2510 eumque

198 2522 318 2547 omnes
346 2516 428 2547 sunt
451 2511 579 2547 secuti.
628 2511 696 2546 hoc
718 2510 787 2545 fuit
810 2509 1022 2556 principium
1045 2511 1263 2545 Graecorum
1286 2509 1528 2545 discessionis.
1563 2511 1687 2546 Hecu-

196 2557 277 2591 bam
302 2565 429 2603 autem,
459 2570 536 2593 cum
560 2570 603 2593 ea
629 2556 801 2593 exercitui
819 2557 898 2591 dira
918 2556 1183 2602 imprecaretur,
1203 2556 1354 2601 Ulysses
1371 2567 1449 2591 cum
1467 2556 1575 2592 sociis
1594 2558 1688 2604 lapi-

199 2603 304 2638 dibus
327 2606 480 2640 obruunt
503 2610 541 2640 et
563 2605 601 2639 in
623 2616 718 2639 mare
742 2604 888 2639 eiiciunt
913 2604 958 2637 ad
983 2603 1097 2637 locum
1122 2603 1179 2638 cui
1203 2615 1329 2638 nomen
1352 2602 1546 2648 Maronea3
1569 2605 1632 2652 qui
1651 2609 1688 2640 et

199 2649 321 2694 Cynos
342 2663 449 2697 sema,
478 2652 545 2686 hoc
570 2657 625 2687 est
649 2651 747 2686 canis
767 2649 1026 2694 monimentum,
1052 2649 1247 2696 appellatus
1266 2651 1310 2684 ab
1327 2649 1373 2684 iis
1396 2655 1465 2685 est.

292 2697 430 2733 Deinde
453 2698 604 2744 Ulysses
629 2699 723 2745 apud
743 2696 899 2733 Siciliam
924 2696 1050 2731 incidit
1070 2697 1106 2731 in
1128 2696 1334 2743 Cyclopem.
1383 2708 1454 2731 non
1479 2696 1550 2731 fuit
1573 2696 1627 2742 is,
1649 2702 1690 2733 ut

198 2740 375 2779 Homerus
398 2744 589 2789 fabulatur,
614 2744 796 2787 unoculus,
820 2744 883 2778 sed
903 2743 1054 2778 omnium
1074 2743 1248 2777 hominum
1271 2748 1398 2777 natura
1420 2743 1565 2787 similis,
1590 2749 1630 2779 ut
1652 2749 1690 2779 et

199 2788 329 2834 reliqui
350 2791 542 2835 Cyclopes.
590 2793 654 2826 sed
678 2791 706 2825 ii
729 2791 841 2826 vastis
866 2789 1076 2836 corporibus
1099 2794 1223 2833 erant,
1248 2789 1352 2824 efferi
1376 2793 1484 2834 atque
1505 2790 1688 2833 immanes,

190 2835 420 2881 saevissimi,
451 2837 730 2873 inhumanissimi
755 2844 861 2884 atque
884 2836 1054 2871 caedibus
1078 2836 1238 2871 humanis
1260 2835 1485 2871 deditissimi.
1532 2837 1617 2872 inde
1641 2838 1689 2872 ad

200 2881 364 2917 Aeolicus
396 2882 528 2917 insulas
561 2884 698 2920 delatus
730 2891 808 2929 est,
843 2889 926 2930 post
956 2883 1000 2918 ad
1024 2882 1155 2918 Circen
1185 2888 1222 2918 et
1244 2882 1504 2929 Calypsonem,
1531 2884 1688 2919 Atlantis

199 2927 305 2965 filias.
355 2940 400 2966 ex
430 2929 537 2965 Circe
572 2931 677 2966 etiam
709 2931 819 2967 filium
852 2929 977 2967 habuit
1009 2929 1245 2976 Telegonum.
1291 2935 1418 2976 postea
1452 2931 1498 2966 ad
1528 2931 1689 2978 paludem
