1742 3184
367 206 774 276 msromafim
811 231 1209 278 cOMPENan.
1474 233 1538 282 17

43 342 123 388 ὅσα
156 341 323 402 ἐμυήθη
358 345 428 388 διὰ
457 349 533 390 τοῦ
565 344 751 403 ἀγγέλου.
821 346 978 404 εῧειδὴς
1003 349 1050 392 δὲ
1072 344 1124 406 ἦν
1145 350 1214 393 καὶ
1237 345 1536 403 εῧδιᾶπλαστος

41 412 213 472 σφόδρα
232 413 357 466 αῧτός
374 433 419 458 τε
439 419 508 459 καὶ
529 416 568 459 οἱ
592 418 635 468 ἐξ
659 416 787 459 αὐτοῦ
809 417 1072 474 γεννώμενοι,
1094 418 1340 478 Ἔγρήγορες
1360 424 1428 464 καὶ
1451 422 1534 464 υἱοὶ

40 488 147 527 θεοῦ
176 483 245 527 διὰ
273 485 349 541 τὴν
369 483 532 541 λάμψιν
550 490 626 529 τοῦ
643 485 866 543 προσώπου
883 493 959 532 τοῦ
978 488 1078 545 Σὴθ
1097 489 1329 546 λεγόμενοι·
1365 493 1432 534 καὶ
1457 492 1533 548 τὴν

39 551 302 611 ὑψηλοτέραν
321 559 398 612 γῆν
418 560 493 611 τῆς
507 555 632 611 Ἐδέμ
652 555 807 614 ᾤ’κουν,
838 560 1009 614 πλησίον
1030 564 1104 602 τοῦ
1125 562 1378 618 παραδείσου
1410 561 1533 619 ἅγγε-

5 635 28 672 5
41 627 163 675 λικῶς
183 628 393 678 βιοῦντες,
430 626 507 677 ἕως
522 630 595 669 τοῦ
609 629 823 681 χιλιοστοῧ
850 634 1049 682 κοσμικοῦ
1078 629 1206 682 ἔτους.
1275 629 1432 674 τούτων
1456 631 1532 687 τὴν

38 693 227 751 ἐνάρετον
263 696 471 738 πολιτείαν
512 696 573 751 μὴ
614 696 750 754 φέρων
786 694 808 739 ὃ
851 698 1078 755 ἄρχέκακος
1111 700 1299 755 βλέπειν,
1358 702 1414 752 εἷς
1454 702 1531 756 τὴν

37 761 271 822 ὡραιότητα
300 769 384 808 τῶν
413 766 658 824 θυγατέρων
685 770 768 810 τῶν
791 766 1027 827 ἀνθρώπων
1043 769 1134 826 ἤτοι
1152 775 1226 814 τοῦ
1249 768 1359 814 Κάϊν
1380 770 1534 823 αὐτοὺς

35 831 225 893 ἔτρωσεν.

167 903 260 947 ’Ότι
288 902 336 961 τὸ
357 901 527 956 “Ἐἳιιές
556 903 727 960 ἤλπισεν
747 906 1032 950 ἐπικαλεῖσθαι
1052 908 1099 952 τὸ
1127 908 1258 965 ὄνομα
1287 911 1430 967 κυρίου
1457 915 1532 955 τοῦ
1553 918 1584 955 Ρ
1608 923 1631 959 9

0 978 29 1021 so
38 977 143 1018 θεοῦ
163 973 357 1029 nocam?
381 973 766 1033 προσαγορεύεσθαι
791 975 960 1031 ὀνόματι
986 982 1089 1022 θεοῦ
1108 980 1228 1022 ἐστίν.
1294 980 1430 1031 Ἔνιὺς
1450 969 1532 1040 γὰρ

36 1042 299 1102 ἑρμηνεύεται
321 1042 545 1102 ἅνθρωπος
566 1045 672 1088 κατὰ
695 1046 767 1089 τὸν
782 1044 1011 1104 εΕβραΐκὸν
1033 1054 1152 1092 νοῦν·
1189 1048 1322 1101 οὕτως
1348 1049 1370 1093 ὃ
1390 1051 1529 1110 σωτὴρ

34 1115 126 1165 υἱὸς
145 1113 272 1166 ὄντως
291 1113 532 1171 ἀνθρώπου,
554 1116 659 1159 κατὰ
682 1115 752 1158 τὸν
769 1116 945 1174 φυσικὸν
967 1117 1088 1174 λόγον
1101 1120 1365 1176 Ἀφρικανοῦ.
1396 1121 1533 1172 Ἒνώς

37 1185 82 1227 δὲ
111 1188 232 1245 γεννᾷ
253 1183 325 1228 τὸν
344 1184 594 1241 Μαλελεήλ,
640 1183 661 1228 ὃ
684 1187 730 1229 δὲ
754 1186 825 1229 τὸν
852 1185 1009 1243 Ἰάρεδ,
1042 1191 1085 1241 ε”ξ
1116 1184 1165 1232 οὗ
1187 1188 1340 1244 Ἔνώχ.
1411 1184 1532 1242 οὗτος

35 1259 197 1311 πρῶτος
224 1252 454 1312 γράμματα
475 1254 690 1310 ’μανθάνει
720 1258 788 1298 καὶ
812 1255 1020 1310 διδάσκει,
1057 1261 1126 1301 καὶ
1147 1261 1275 1302 θείων
1293 1262 1532 1318 μυστηρίων

3 1323 341 1379 5ἅποκαλῦψεως
370 1325 570 1376 ἀξιοῦται.
640 1327 708 1368 καὶ
747 1324 890 1383 πρώτη
923 1329 1111 1384 περίοδος
1142 1334 1224 1372 τῶν
1254 1332 1531 1373 πεντακοσίων

34 1393 256 1452 τριάκοντα
280 1392 356 1436 δύο
379 1395 480 1437 {uzu
506 1399 756 1452 πληροῦται·
798 1390 848 1451 ἦν
870 1397 915 1438 δὲ
929 1397 1082 1452 χρόνος
1098 1404 1172 1442 τοῦ
1193 1399 1269 1454 μὲν
1290 1400 1390 1455 Σὴθ
1410 1418 1530 1459 τρια-

34 1462 165 1507 κόσιοι
186 1461 276 1515 δύο,
305 1467 382 1506 τοῦ
400 1465 444 1506 δὲ
459 1464 597 1519 Ἒνώχ
617 1465 996 1519 ἔννενηκονταοκτώ.

164 1532 255 1577 Ὅτι
277 1532 412 1587 Ἀδὰμ
440 1538 498 1591 τῷ
531 1532 807 1592 ἕξακοσιοστῷ
835 1534 911 1577 ἔτει
931 1532 1191 1590 μετανοήσας
1217 1535 1319 1593 ἴγνω
1340 1537 1397 1580 δι’
1421 1537 1529 1581 ἄπο-

35 1601 256 1659 καλύψεως
277 1603 330 1646 τὰ
349 1605 440 1660 περὶ
464 1608 545 1646 τῶν
561 1602 828 1661 Ἔγρηγόρων
849 1607 915 1647 καὶ
940 1609 1015 1648 τοῦ
1034 1610 1351 1660 κατακλυσμοῦ,
1382 1610 1451 1651 καὶ
1475 1608 1526 1650 τὰ
1548 1624 1579 1660 B

0 1675 126 1731 υπερὶ
143 1675 362 1728 μετανοίας
378 1675 446 1716 καὶ
468 1677 541 1729 τῆς
560 1676 681 1724 θείας
700 1672 968 1732 σαρκώσεως,
1004 1677 1071 1717 καὶ
1095 1677 1186 1732 περὶ
1207 1681 1287 1719 τῶν
1307 1678 1404 1719 καθ’
1430 1676 1527 1720 ἱκά-

33 1761 133 1800 στην
170 1743 284 1800 ὥραν
314 1741 511 1801 ἦμερινὴν
545 1746 613 1786 καὶ
651 1744 886 1801 νυκτερινὴν
924 1745 1272 1801 ἀναπεμπομένων
1307 1748 1437 1802 εὐχῶν
1468 1752 1529 1806 τῷ

32 1818 122 1873 θεῷ
148 1814 229 1857 ἀπὸ
257 1811 421 1856 πάντων
450 1818 533 1857 τῶν
559 1813 794 1870 κτισμάτων
824 1814 884 1857 δι’
913 1815 1072 1873 Οὖριὴλ
1102 1820 1178 1858 τοῦ
1206 1816 1270 1858 ἐπὶ
1302 1822 1375 1872 τῆς
1396 1835 1526 1871 μετα-

31 1886 145 1936 νοιάς
164 1884 432 1943 ἀρχαγγέλου,
469 1883 612 1936 οὕτως.
681 1884 771 1946 ὥρᾳ
791 1883 934 1944 πρώτῃ
957 1883 1129 1944 ἦμερινῇ
1155 1884 1297 1944 πρώτη
1320 1887 1419 1943 εὐχὴ
1438 1888 1528 1930 ἔπι-

30 2061 208 2098 formosus
225 2067 342 2100 autem
361 2063 545 2099 admodum
568 2063 654 2109 fuit,
680 2068 718 2100 et
739 2061 887 2111 pulchre
910 2063 994 2100 ficto
1016 2074 1167 2112 corpore
1190 2075 1267 2100 cum
1291 2062 1371 2111 ipse
1392 2070 1464 2101 tum
1488 2069 1527 2101 et

29 2111 218 2157 prognati,
251 2113 457 2157 Egregores
491 2117 528 2146 et
550 2111 609 2146 dei
632 2112 698 2146 filii
720 2113 765 2147 ob
792 2112 895 2147 sethi
921 2112 1026 2147 faciei
1054 2111 1278 2158 splendorem
1303 2112 1414 2156 dicti;
1448 2119 1526 2147 ter-

28 2158 175 2203 ramque
195 2158 332 2193 Edenis
355 2157 594 2193 sublimiorem
620 2159 865 2203 incoluerunt,
894 2159 1076 2204 vicinique
1099 2160 1265 2204 paradiso
1284 2159 1393 2194 vitam
1413 2172 1525 2204 ange-

30 2203 143 2239 lorum
176 2204 271 2239 vitae
302 2205 449 2240 similem
480 2212 629 2251 egerunt
652 2217 764 2252 usque
790 2208 835 2242 ad
860 2206 1076 2240 millesimum
1102 2206 1220 2240 mundi
1244 2218 1384 2240 annum.
1434 2218 1524 2251 quo-

29 2262 106 2286 rum
151 2251 333 2287 honestam
372 2252 470 2286 vitae
512 2254 802 2288 consuetudinem
846 2260 972 2288 auctor
1013 2252 1147 2298 primus
1189 2251 1356 2287 malorum
1392 2251 1525 2286 intueri

30 2308 102 2332 non
128 2298 325 2345 sustinens,
366 2298 587 2335 formositate
614 2299 766 2336 filiarum
793 2300 991 2346 hominum,
1035 2299 1073 2334 id
1101 2304 1158 2334 est
1182 2299 1306 2345 Caini,
1342 2311 1403 2333 eos
1436 2310 1522 2333 sau-

31 2344 155 2379 ciavit.

124 2392 226 2426 Haec
250 2391 363 2426 verba
382 2387 548 2428 “Enosus
572 2393 707 2448 primus
731 2393 895 2441 speravit
918 2391 1091 2439 appellari
1115 2404 1242 2426 nomen
1265 2390 1400 2426 domini
1426 2387 1523 2436 dei‚”

29 2437 98 2474 hoc
131 2437 336 2484 significant
364 2440 504 2475 nomine
534 2440 592 2475 del
625 2441 769 2476 vocari:
805 2453 885 2476 nam
909 2440 1066 2475 Ebraica
1091 2438 1214 2484 lingua
1242 2439 1385 2473 Enosus
1416 2438 1520 2473 homo

30 2490 99 2520 est.
147 2485 200 2519 sic
226 2492 391 2520 servator
413 2486 505 2521 filius
528 2499 616 2522 vere
639 2488 810 2531 hominis,
846 2494 886 2522 ut
908 2487 1097 2521 Africanus
1121 2486 1158 2519 in
1181 2484 1335 2520 naturali
1358 2485 1521 2520 oratione

29 2537 156 2567 auctor
178 2536 246 2567 est.
293 2532 436 2568 Enosus
455 2533 670 2570 Maleleelem
689 2535 826 2581 genuit,
849 2534 880 2569 is
899 2533 1074 2568 Iaredum.
1123 2532 1191 2566 hoc
1209 2532 1377 2567 Enochns
1400 2532 1520 2566 nasci-

27 2584 100 2614 tur.
148 2579 316 2614 Enochus
341 2580 473 2625 primus
498 2580 625 2616 didicit
646 2594 690 2617 ac
713 2581 834 2617 docuit
856 2581 992 2624 literas,
1018 2591 1060 2613 ac
1086 2578 1285 2614 divinorum
1311 2590 1519 2614 arcanorum

26 2626 269 2672 patefactione
291 2626 418 2672 dignus
443 2634 499 2662 est
522 2627 677 2664 habitus.
725 2635 799 2664 tum
821 2628 936 2676 prima
960 2626 1233 2672 quingentorum
1257 2625 1405 2670 triginta
1427 2626 1518 2660 duo-

26 2683 103 2707 rum
132 2684 302 2708 annorum
332 2674 507 2708 revolutio
540 2675 701 2720 perfecta
729 2682 808 2721 est,
841 2685 969 2711 annum
994 2679 1123 2718 agente
1146 2673 1258 2708 Setho
1282 2672 1473 2708 secundum
1497 2684 1520 2707 a

26 2721 290 2764 trecentesimo,
313 2720 462 2755 Enocho
483 2722 742 2767 nonagesimum
763 2729 939 2758 octavum.

119 2767 274 2801 Adamus
303 2769 560 2803 sexcentesimo
584 2780 675 2804 anno
699 2780 776 2804 cum
799 2766 1028 2815 resipuisset,
1064 2765 1305 2811 patefactlone
1327 2764 1449 2800 divina
1472 2764 1519 2800 de

2 2811 276 2859 .Egregoribus
307 2820 345 2849 et
373 2814 506 2850 diluvio
538 2816 684 2850 edoctus
713 2822 790 2859 est,
826 2828 868 2851 ac
899 2814 944 2847 de
978 2812 1199 2858 poenitentia
1218 2818 1255 2847 et
1275 2811 1518 2846 incarnatione

30 2859 110 2904 dei,
148 2867 256 2906 atque
287 2861 332 2895 de
365 2863 530 2907 precibus
563 2874 654 2907 quae
686 2863 732 2898 ad
764 2864 868 2898 deum
898 2861 942 2894 ab
976 2859 1153 2894 universis
1179 2859 1352 2893 creaturis
1378 2858 1452 2892 diei
1474 2869 1517 2892 ac

27 2907 142 2941 noctis
175 2907 323 2952 singulis
356 2908 453 2942 horis
485 2910 712 2955 perferuntur
749 2911 794 2943 ab
827 2906 972 2950 Urielo‚
1017 2905 1079 2952 qui
1110 2905 1314 2950 angelorum
1348 2905 1517 2951 princeps

28 2953 291 2999 (archangelum
318 2954 450 2989 Graeci
470 2958 618 2997 vocant)
638 2955 882 3003 poenitentiae
904 2952 1130 3001 praepositus
1153 2958 1221 2988 est.
1247 2964 1306 2987 res
1325 2951 1376 2987 ita
1396 2952 1515 2985 habet.

85 3007 217 3052 Georg.
249 3007 425 3044 cedrenus
453 3013 534 3046 tom.
565 3010 596 3045 1.
1207 3002 1235 3042 2
