1742 3184
372 172 773 228 HISTORIARIJM
811 179 1206 226 COMPENDIUM.
1429 183 1530 231 507

52 316 189 343 νονται
209 295 373 357 ῥήματα
395 298 548 342 δίκαια.
617 298 652 341 εἲ
671 291 742 340 οὖν
759 293 1146 355 ἀπροσωπολῆπτως
1167 295 1330 355 κρίνετε,
1360 297 1529 356 ἐπιγνώ-

52 373 178 413 σεσθε
198 369 268 412 τὸν
294 372 599 426 κατηγοροῦντα
619 366 724 410 κατὰ
742 366 813 411 τὸν
833 368 1002 422 πλησίον
1025 366 1161 410 aare&
1171 369 1401 424 μαρτυρίαν
1422 382 1530 424 ψευ-

53 441 125 494 δῆ·
161 440 230 482 καὶ
251 438 534 489 ἀποδείξαντες
556 437 682 480 αὐτὸν
697 434 969 495 συκοφάντην,
1004 434 1202 491 ποιήσατε
1221 437 1334 495 αὐτῷ
1355 438 1459 480 καθ’
1483 439 1530 482 ὃν

50 506 202 564 τρόπον
221 505 518 564 ἓπονηρεύσατο
537 511 704 561 ποιῆσαι
726 510 784 566 τῷ
803 507 998 561 πλησίον,
1034 507 1100 548 καὶ
1122 506 1296 563 ἓξαρεΐτε
1316 507 1386 550 τὸν
1404 525 1532 564 πονη-

18 576 124 634 5ρὸν
149 577 193 618 ἐκ
209 577 338 632 μέσου
357 574 487 631 ὑμῶν.
556 574 654 619 ὅσον
671 576 750 633 γὰρ
773 575 838 618 ἐπ’
864 575 1003 634 αὐτῷ,
1033 574 1224 633 ἐφόνευσε
1246 576 1318 619 τὸν
1338 577 1531 636 ἀδελφόν,

48 645 376 703 προκαταλαβὼν
409 646 462 688 τὰ
496 639 583 688 ὦτα
615 649 693 688 τοῦ
725 649 878 702 κριτοῦ.
947 646 1168 703 γέγραπται
1201 644 1280 704 γάρ
1310 644 1351 688 (ὅ
1383 648 1529 702 ἐκχέων
1550 655 1582 689 D

49 714 155 769 αιῖιια
183 713 431 773 ἀνθρώπου,
458 714 569 759 ,ἀντὶ
593 719 666 758 τοῦ
688 716 859 769 αἳματος
882 715 1032 758 ἐκείνου
1055 714 1327 771 ἐκχυθήσεται
1349 716 1396 760 τὸ
1425 716 1529 772 αἷμα

49 784 209 828 enimsi?
282 785 390 828 ἀλλὰ
407 786 513 840 μηδὲ
533 783 589 835 εἷς
603 784 904 841 παραδεχὲσθω
924 790 1148 842 μαρτυρῶν
1166 784 1268 828 κατά
1290 803 1421 839 τινος,
1452 787 1529 830 κᾶν

49 855 140 896 λίαν
159 848 454 911 ᾖὀἰξιόπιστος.
514 854 578 896 ἐπὶ
597 853 802 909 στόματος
818 854 897 911 γὰρ
919 853 993 897 δύο
1014 854 1040 908 ἢ
1063 859 1186 911 τριῶν
1207 855 1428 913 μαρτύρων
1447 863 1529 900 πᾶν

0 934 38 971 [o
48 923 161 982 ῥῆμα
179 922 514 979 βεβαιωθήσεται
524 956 538 975 ,
575 922 680 966 εἶπεν
698 922 719 966 ὃ
739 922 891 980 κύριος.
962 926 996 966 εἰ
1018 926 1151 966 τοίνυν
1170 924 1215 966 τὸ
1237 926 1312 978 μὲν
1334 923 1460 981 εὗρεῖν
1480 928 1526 970 τὸ

47 995 204 1036 δίκαιον
224 993 354 1049 ἔργον,
378 993 425 1036 τὸ
446 994 491 1035 δὲ
508 993 567 1048 μὴ
590 994 848 1051 διαφθείρειν
868 994 1162 1050 ἐργωδέστερον
1180 993 1342 1036 ἐπειδὰν
1361 994 1529 1054 εὑρεθῇ,

44 1063 94 1106 οὗ
118 1064 185 1106 δεῖ
196 1063 441 1120 ἓπιρρίπτειν
461 1060 607 1106 ἔαυτόν
629 1080 719 1105 τινα
738 1067 795 1121 τῷ
815 1063 974 1119 κρίνειν.
1045 1061 1134 1105 τότε
1154 1068 1252 1119 γοῦν
1270 1063 1412 1121 ὀρθῶς
1424 1065 1529 1122 ’ὅρος

44 1137 118 1187 τῆς
135 1131 394 1188 δικαιοσύνης
415 1131 598 1185 σώζεται,
629 1131 728 1175 ὅταν
747 1136 797 1189 τῇ
819 1132 893 1186 μὲν
916 1132 1025 1191 αἰτίᾳ
1046 1130 1072 1187 ἡ
1095 1134 1238 1189 κρίσις,
1264 1138 1314 1190 τῇ
1337 1134 1380 1176 δὲ
1402 1137 1530 1191 κρίσει

43 1200 66 1243 ὃ
89 1201 272 1258 ἐλεγχος,
316 1206 376 1260 τῷ
396 1203 441 1244 δὲ
461 1203 609 1259 ἐλέγχῳ
631 1200 657 1256 ἦ
680 1205 827 1260 ψῆφος
854 1199 880 1257 ἦ
905 1201 1009 1259 πρὸς
1026 1201 1223 1258 ποιότητα
1245 1207 1320 1246 τοῦ
1341 1202 1530 1262 ἁμαρτή-

0 1281 32 1318 [5
42 1289 173 1325 ματος
192 1272 267 1327 τὴν
285 1273 484 1329 τιμωρίαν
504 1269 713 1329 ὁρίζουσα.

175 1341 324 1384 Ἰστέον
342 1342 477 1394 τοίνυν
497 1338 554 1391 ὡς
578 1342 620 1383 ἐν
637 1344 690 1398 τῇ
710 1343 870 1399 παλαιᾷ
894 1338 1076 1396 διαθήκῃ
1104 1341 1194 1397 περὶ
1223 1345 1299 1396 τῆς
1321 1339 1439 1398 ἆγίας
1461 1346 1529 1386 καὶ
1552 1351 1582 1386 Ρ
1606 1352 1676 1387 290

43 1408 263 1464 ὅμοουσιόυ
295 1411 364 1453 καὶ
398 1412 598 1468 ζῳοποιοῦ
627 1407 795 1467 τριάδος
816 1414 1023 1465 μυστικῶς
1043 1407 1068 1464 ἡ
1092 1411 1335 1453 διδασκαλία
1365 1413 1530 1468 ἐγκατέ-

41 1495 246 1537 σπαρται,
294 1477 351 1530 ὡς
375 1481 444 1523 καὶ
477 1481 644 1522 Φίλωνα
673 1481 805 1521 καίτοι
835 1495 878 1535 γε
905 1479 1105 1521 Ἰουδαῖον
1139 1478 1270 1537 ἄνδρα
1290 1478 1529 1539 ὑπάρχοντα

41 1551 108 1591 καὶ
131 1547 328 1604 ζηλωτήν,
364 1548 422 1591 δι’
457 1543 514 1592 ὧν
548 1550 813 1592 καταλέλοιπε
844 1546 1188 1605 συγγραμμάτων,
1233 1549 1529 1605 ἀπομάχεσθαι

0 1623 91 1675 [0τῇ
114 1619 241 1678 οἰκείᾳ
262 1620 478 1679 θρησκείᾳ.
522 1620 756 1673 βασανίζων
777 1617 856 1674 γὰρ
879 1617 926 1660 τὸ
951 1618 1159 1674 εἰρημένον
1183 1615 1258 1659 “ἐν
1278 1618 1398 1662 εἰκόνι
1422 1626 1528 1664 θέοὕ

41 1689 213 1743 ἐποίησα
243 1687 314 1731 τὸν
342 1687 613 1746 ἄνθρωπον,”
651 1687 896 1743 ἠναγκάσθη
926 1685 1006 1730 ὑπὸ
1036 1692 1110 1742 τῆς
1131 1688 1330 1742 ἀληθείας
1351 1692 1418 1732 καὶ
1443 1693 1528 1742 ἒξε-

38 1755 200 1814 βιάσθη
219 1759 287 1801 καὶ
307 1758 379 1801 τὸν
395 1763 470 1802 τοῦ
486 1762 590 1801 θεοῦ
611 1756 732 1814 λόγον
752 1761 1017 1812 θεολογῆσαι.
1085 1758 1129 1799 τί
1141 1757 1219 1814 γὰρ
1244 1760 1278 1800 εἷ
1296 1761 1365 1800 καὶ
1388 1759 1527 1803 δεύτε-

40 1825 201 1886 ρονῗτὸν
220 1829 430 1870 συναί’”διον
450 1826 571 1885 λόγον
588 1832 646 1887 τῷ
667 1829 791 1885 πατρὶ
811 1831 877 1869 καὶ
900 1826 1088 1884 ἀριθμοῦ
1099 1828 1176 1868 ’καὶ
1191 1826 1353 1884 χρόνων
1373 1828 1526 1873 ἀνώτε-

37 1959 143 1994 nibus
165 1960 342 1996 officiunt.
391 1960 423 1994 si
457 1971 543 2004 ergo
577 1960 706 1995 nullam
730 1960 934 2006 cuiusquam
958 1971 1132 2005 personae
1153 1960 1325 1995 rationem
1352 1960 1524 1999 habentes

37 2006 171 2041 iudicia
194 2007 325 2051 obitis,
350 2006 624 2052 deprehendetis
647 2019 723 2042 enm
747 2007 808 2052 qui
831 2008 923 2042 falso
947 2006 1093 2040 crimine
1117 2007 1310 2053 proximum
1333 2019 1432 2042 suum
1458 2021 1524 2055 op-

35 2053 230 2099 pugnavit3
264 2064 412 2098 eumque
437 2052 629 2088 calumniae
651 2054 849 2088 convictum
873 2066 914 2088 eo
940 2053 1029 2087 malo
1052 2053 1240 2096 afficietis,
1270 2055 1364 2100 quod
1386 2054 1445 2089 ille
1472 2057 1524 2091 al-

36 2100 107 2134 teri
130 2099 270 2135 molitus
293 2099 378 2142 fuit3
411 2099 691 2145 malitiosumque
713 2100 845 2135 tolletis
871 2113 891 2135 e
915 2100 1063 2143 medios
1086 2099 1146 2145 qui
1178 2106 1345 2144 quantum
1377 2101 1414 2134 in
1444 2102 1525 2148 ipso

36 2145 129 2189 fuit,
161 2146 304 2182 auribus
328 2145 457 2180 iudicis
481 2147 661 2191 occupatis
682 2147 825 2182 fratrem
853 2147 1007 2181 necavit.
1053 2146 1223 2191 scriptum
1249 2151 1304 2180 est
1326 2147 1436 2182 enim:
1462 2149 1525 2193 qui

35 2192 239 2238 sanguinem
261 2192 407 2237 fuderit,
432 2203 510 2227 eum
533 2193 678 2238 proprio
701 2194 873 2239 sanguine
891 2194 977 2230 luat.
1025 2204 1142 2237 neque
1165 2193 1305 2226 omnino
1329 2194 1432 2228 unius
1458 2194 1524 2229 ho-

22 2239 165 2274 ‘miuum
188 2239 427 2275 testimonium
452 2244 576 2274 contra
598 2239 716 2284 alium,
743 2247 922 2286 utcunque
947 2240 1018 2274 fide
1042 2238 1152 2284 digni,
1176 2250 1242 2283 pro
1266 2245 1362 2274 certo
1387 2240 1523 2275 haben-

36 2286 118 2320 dum
143 2290 211 2320 est.
259 2287 408 2321 duorum
431 2286 535 2330 enim,
561 2286 677 2331 inquit
701 2287 884 2330 dominus,
908 2292 970 2321 aut
992 2285 1097 2319 trium
1122 2286 1263 2319 testium
1286 2296 1348 2320 ore
1375 2289 1526 2332 quaevis

36 2344 94 2367 res
120 2333 357 2368 confirmanda
381 2338 449 2367 est.
498 2333 626 2377 quodsi
650 2345 736 2378 ergo
761 2333 906 2367 difficile
931 2338 985 2366 est
1015 2333 1051 2366 id
1077 2331 1171 2376 quod
1198 2331 1327 2366 iustum
1351 2333 1400 2367 sit
1422 2334 1526 2368 inve·

36 2379 129 2423 nire,
155 2380 269 2414 adhuc
293 2380 473 2414 difficilius
495 2379 677 2414 inventum
700 2380 805 2423 tueri,
830 2391 931 2414 nemo
955 2378 1121 2412 iudicium
1145 2378 1384 2424 praecipitare
1406 2380 1525 2416 debet.

36 2431 121 2461 tunc
148 2432 264 2461 autem
286 2432 386 2460 recte
406 2427 495 2460 fines
514 2425 673 2460 iustitiae
695 2432 905 2470 servantur,
932 2436 1009 2459 cum
1033 2436 1161 2458 causae
1188 2425 1368 2470 iudicium,
1392 2426 1527 2462 iudicio

34 2472 278 2518 probationes,
302 2471 573 2520 probationibus
594 2473 781 2519 sententia,
802 2472 931 2518 flagitii
953 2470 1117 2517 qualitati
1139 2472 1411 2517 respondentem
1437 2485 1526 2520 poe-

36 2530 116 2554 nam
138 2518 499 2564 infligens'succedit.

130 2565 320 2600 Sciendum
350 2577 458 2610 porro
491 2568 546 2599 est
577 2565 683 2600 etiam
710 2564 749 2600 in
782 2565 899 2600 veteri
931 2567 1144 2599 testamento
1177 2563 1222 2598 de
1246 2576 1347 2599 saera
1371 2567 1526 2601 consub-

36 2611 194 2649 stantiali
215 2617 252 2647 et
269 2611 416 2647 vivifica
438 2611 602 2646 tbinitate
624 2612 818 2646 doctrinam
841 2623 969 2646 arcane
993 2611 1189 2655 dispersam
1214 2623 1305 2655 esse,
1330 2612 1439 2657 idque
1462 2613 1527 2647 ad—

37 2670 80 2694 eo
105 2663 145 2693 ut
165 2658 270 2692 Philo
295 2659 413 2702 etiam,
437 2658 580 2692 tametsi
603 2658 753 2693 Iudaeus
777 2665 814 2694 et
834 2658 1002 2692 Iudaicae
1025 2656 1209 2701 religionis
1231 2657 1523 2704 studiosissimus,

36 2704 74 2739 in
107 2705 180 2740 suis
214 2711 332 2740 tamen
363 2705 622 2740 commentariis
657 2716 745 2751 quos
780 2702 985 2752 posteritati
1010 2703 1156 2748 reliquit
1180 2715 1277 2738 suam
1301 2705 1413 2751 ipsius
1437 2705 1523 2740 reii-

34 2751 175 2796 gionem
200 2757 394 2797 oppugnet.
443 2752 646 2797 expendens
679 2752 770 2797 enim
803 2751 890 2785 illud
913 2750 1043 2785 dictum
1070 2747 1138 2784 “ad
1162 2750 1348 2796 imaginem
1372 2751 1431 2787 dei
1455 2753 1521 2786 ho-

35 2797 162 2835 minem
187 2795 391 2843 condidit?
412 2798 451 2832 vi
476 2797 640 2833 veritatis
666 2810 708 2833 eo
733 2803 790 2832 est
811 2797 1010 2843 compulsus
1035 2800 1073 2831 ut
1097 2808 1167 2831 non
1192 2797 1348 2844 potuerit
1371 2810 1440 2834 non
1466 2805 1522 2834 et-

35 2843 103 2878 iam
127 2846 275 2880 verbum
295 2845 356 2880 dei
377 2857 551 2880 asserere.
605 2844 691 2890 quid
715 2844 806 2879 enim
830 2845 962 2889 refert,
997 2844 1092 2889 quod
1115 2843 1151 2878 in
1174 2844 1424 2880 eoweritatem
1450 2858 1522 2880 non

36 2896 91 2925 est
114 2897 315 2938 assecutus,
350 2891 433 2927 dum
454 2893 601 2928 verbum
622 2896 727 2938 patre
750 2901 894 2927 numero
919 2896 958 2926 et
978 2895 1141 2937 tempore*
1160 2891 1340 2938 posterius
1363 2893 1522 2928 scribit‘ss²

67 3046 73 3077 ί
