1742 3184
366 167 771 246 'mm-omnm
804 201 1197 248 mmmmm.
1426 208 1525 254 355

55 314 259 371 ἠξίωσαν,
293 314 335 360 οἷ
360 315 435 372 μὲν
459 317 719 374 θεραπευτὰς
743 317 783 360 οἱ
805 317 851 360 δὲ
868 316 1075 372 μοναχοῦς
1094 314 1366 373 ὀνομάσαντες
1387 320 1431 363 ἔκ
1452 326 1525 377 τῆς

55 390 129 428 τοῦ
147 389 252 428 θεοῦ
271 389 464 443 καθαρᾶς
481 383 703 443 ὑπηρεσίας
719 388 786 429 καὶ
806 387 1074 444 &semelae-'²

190 457 338 496 Ταῦτα
358 455 402 497 ἐκ
423 458 585 498 πολλῶν
603 455 892 512 ἔρανισάμενος
909 456 1025 512 ὀλίγα
1041 456 1270 512 ἀναγκαίως
1290 453 1403 511 οἶμαι
1426 474 1524 501 συν-

53 522 221 566 τέθεικα
250 524 320 565 διὰ
346 523 444 574 τοὺς
470 525 777 581 ἓπαποροῦντας
803 524 899 568 πότε
931 526 1000 568 καὶ
1030 524 1163 568 πόθεν
1181 523 1209 581 ἧ
1230 529 1311 569 τῶν
1332 532 1524 581 μοναχῶν

18 590 204 647 ὅῆρξατο
236 590 417 648 διαγωγή
448 609 491 634 τε
521 594 587 634 καὶ
620 592 792 648 ἄσκησις
819 596 887 636 καὶ
914 593 1040 646 τάξις.
1106 598 1187 636 ποῦ’
1207 596 1341 637 τοίνυν
1363 597 1463 638 εἰσὶν
1485 596 1524 638 οἱ

51 661 128 715 τὴν
153 661 377 716 μοναδικὴν
397 662 601 704 πολιτείαν
619 662 724 716 μετὰ
745 667 827 706 τῶν
847 663 981 705 ἄλλων
999 667 1072 718 τῆς
1088 662 1359 719 ἀποστολικῆς
1381 665 1524 720 ἔκκλη-

51 730 144 780 σίας
169 731 296 772 θείων
321 729 589 786 παραδόσεών
607 748 650 773 τε
670 733 737 774 καὶ
758 736 926 786 θεσμῶν
951 730 1204 787 εἰκονομᾶχοι
1226 734 1434 787 δυσσεβῶς
1453 735 1522 776 καὶ

50 797 234 853 ἀνοήτως
259 799 584 853 ἀποβαλλόμενοι
614 802 682 842 καὶ
715 801 995 853 ὁιαπτῦοντες,
1044 801 1280 859 ἀρτιφανεῖς
1305 802 1519 855 Ἰουδαῖοι,

49 869 117 909 καὶ
135 868 240 910 κατὰ
257 868 328 911 τὸν
348 868 478 923 ἀσεβῆ
493 870 561 910 καὶ
576 872 783 926 θεοστυγῆ
796 869 1063 926 μυσταγωγὸν
1082 870 1217 913 αὐτῶν
1237 870 1522 927 Κοπρώνυμον

0 942 40 978 [0
48 937 143 979 νέαν
166 939 233 979 καὶ
255 936 495 996 πρόσφατον
515 936 666 993 ταύτην
689 941 991 994 δογματίζοντες
1010 942 1053 989 ἐξ
1075 938 1204 996 ἄκρας
1220 941 1369 993 μανιάς
1387 957 1429 983 τε
1448 942 1516 983 καὶ
1539 945 1571 979 C

46 1006 239 1059 ἀπονοίας
257 1009 323 1048 καὶ
345 1007 610 1064 ἀβελτηριάς,
650 1007 709 1062 μὴ
740 1013 925 1059 νοοῦντες
955 1007 1057 1063 μήτε
1077 1007 1104 1050 ἃ
1121 1009 1281 1064 λέγουσι
1301 1007 1406 1064 μήτε
1427 1012 1519 1064 περὶ

44 1076 163 1118 τίνων
181 1077 532 1130 διαβεβαιοῦνταις
559 1074 677 1131 ἡμεῖς
696 1078 739 1119 δὲ
755 1084 845 1128 ταῖς
862 1079 1143 1127 διδασκαλίαις
1156 1082 1237 1120 τῶν
1254 1075 1379 1132 ἆγίων
1396 1079 1520 1121 πατέ-

45 1161 128 1202 ρων
154 1142 341 1199 ἑπόμενοι
367 1147 435 1188 καὶ
461 1146 636 1203 ἀρχαίαν
659 1144 812 1202 ταύτην
835 1148 903 1189 καὶ
926 1146 1105 1189 παλαιὰν
1125 1145 1364 1200 πιστεύομεν
1381 1145 1518 1205 ὗπάρ-

38 1229 139 1268 χειν.

0 1287 34 1324 [5
173 1281 296 1325 Ἀλλὰ
330 1285 398 1325 καὶ
428 1280 450 1325 ὅ
480 1283 607 1339 με’γας
637 1285 852 1332 Βασίλειος
872 1284 963 1339 περὶ
982 1281 1187 1339 ὑποταγῆς
1206 1285 1273 1326 καὶ
1292 1286 1517 1338 μοναδικῗς

41 1352 244 1402 πολιτείας
268 1352 383 1402 ἐξιὼν
410 1351 539 1402 οὕτως
558 1352 636 1410 ἔφη
658 1351 759 1395 “dui
778 1357 898 1395 τοῦτο
919 1354 986 1394 καὶ
1008 1351 1029 1395 ὅ
1051 1352 1345 1410 φιλάνθρωπος
1362 1353 1514 1410 κύριος,

41 1419 264 1475 κηδόμενος
277 1418 394 1475 ἡμῶν
407 1426 481 1476 τῆς
498 1423 718 1478 σωτηρίας,
745 1423 802 1471 εἷς
819 1419 894 1463 δύο
911 1422 1028 1475 βίους
1043 1423 1163 1463 διεῖλε
1179 1421 1230 1464 τὰ
1246 1426 1326 1464 τῶν
1344 1421 1514 1479 ἀνθρώ-

40 1507 150 1541 πων,
185 1491 377 1545 συζυγίαν
392 1492 459 1532 καὶ
477 1493 705 1547 παρθενίαν
713 1523 727 1542 ,
752 1493 823 1533 ἵνα
844 1488 866 1531 ὃ
885 1491 943 1545 μὴ
963 1489 1186 1544 δυνάμενος
1202 1488 1427 1546 ὑπενεγκεῖν
1440 1492 1513 1534 τὸν

37 1562 112 1613 τῆς
130 1560 358 1616 παρθενίας
379 1561 445 1601 καὶ
470 1559 678 1614 ἀσκήσεως
701 1554 833 1602 ἆθλον
853 1558 956 1616 ἔλθῃ
978 1561 1034 1610 εἷς
1057 1560 1288 1614 συνοίκησιν
1309 1559 1511 1615 γυναικός,

0 1628 162 1671 Ξοὲκεῖνο
191 1627 309 1679 εἰδὼς
337 1625 394 1679 ὥς
423 1628 749 1684 ἀπαιτηθήσεται
779 1627 899 1684 λόγον
927 1626 1196 1685 σωφροσύνης
1216 1630 1283 1670 καὶ
1305 1626 1513 1683 ἆγιασμοῦ

37 1699 106 1739 καὶ
125 1696 201 1752 τὴν
216 1696 319 1754 πρὸς
337 1697 435 1748 τούς
453 1699 496 1740 ἒν
516 1699 720 1754 συζυγίαις
738 1700 806 1739 καὶ
824 1699 1127 1754 τεκνοτροφιάις
1146 1695 1284 1752 ἁγίους
1303 1695 1509 1751 ὁμοίωσιν,

34 1764 133 1816 τούς
151 1784 194 1809 τε
215 1767 258 1808 ἔν
275 1770 326 1823 τῇ
344 1770 500 1827 παλαιᾷ
517 1769 585 1809 καὶ
605 1772 656 1824 τῇ
674 1768 758 1826 νέᾳ.
827 1765 974 1816 πάντες
993 1766 1071 1824 γὰρ
1095 1765 1310 1822 ἄνθρωποι
1330 1767 1505 1822 ἀπαιτη-
1528 1774 1560 1808 D

34 1834 262 1890 θησόμεθα
278 1835 355 1890 τὴν
372 1836 477 1893 πρὸς
495 1837 542 1879 τὸ
567 1837 796 1892 εὐαγγέλιον
815 1834 1001 1889 ὑπακοήν
1011 1867 1025 1887 ,
1059 1836 1236 1889 μοναχοί
1252 1852 1294 1877 τε
1316 1838 1383 1877 καὶ
1407 1836 1446 1878 οἱ
1465 1838 1508 1878 ἓν

34 1906 252 1961 συζυγίαις.
320 1904 479 1962 ἀρκέσει
507 1905 585 1963 γὰρ
611 1911 668 1964 τῷ
697 1906 760 1947 ἐπὶ
790 1904 922 1961 γάμον
941 1902 1106 1947 ἐλθόντι
1126 1906 1183 1954 εἷς
1201 1904 1440 1960 συγγνώμην
1459 1904 1508 1947 τὸ

31 2013 153 2059 itaque
174 2013 272 2048 beati
293 2014 406 2048 nostri
420 1998 580 2049 ‘maiores
603 2014 715 2049 sacris
739 2026 779 2049 se
800 2014 898 2060 ipsos
923 2012 1122 2048 nominibus
1145 2013 1360 2058 affecerunt,
1387 2012 1508 2048 thera-

31 2067 159 2106 peutas
183 2068 220 2107 et
241 2061 429 2094 monachos
452 2061 691 2106 appellantes,
716 2073 759 2096 eo
784 2062 878 2106 quod
900 2061 967 2094 deo
991 2066 1089 2094 caste
1111 2055 1309 2093 serviunt.’'

123 2106 224 2140 Haec
247 2117 361 2152 pauca
384 2107 430 2141 de
449 2106 565 2141 multis
585 2119 730 2142 necesse
749 2108 856 2142 habui
879 2106 1045 2152 colligere
1066 2117 1107 2139 ac
1124 2106 1262 2139 referre
1278 2108 1426 2150 propter
1444 2115 1507 2139 eos

28 2151 94 2198 qui
129 2152 333 2198 disputant,
369 2153 510 2198 quando
534 2158 571 2188 et
593 2155 685 2188 unde
710 2154 954 2188 monachorum
983 2151 1143 2197 coeperit
1165 2151 1252 2185 ordo
1275 2156 1382 2196 atque
1407 2150 1506 2185 vitae

28 2197 243 2233 institutum.
290 2198 353 2233 ubi
376 2204 459 2233 sunt
483 2211 567 2244 ergo
590 2200 778 2245 imaginum
800 2203 1082 2246 oppugnatores,
1114 2197 1175 2243 qui
1195 2196 1424 2231 monasticam
1446 2196 1505 2230 vi-

29 2249 100 2280 tam
124 2257 194 2280 una
214 2256 292 2279 cum
316 2244 394 2280 aliis
417 2245 634 2290 apostolicae
667 2246 840 2281 ecelesiae
868 2245 1117 2280 traditionibus
1149 2250 1255 2288 atque
1277 2242 1503 2278 constitutio-

29 2291 135 2326 nibus
157 2291 267 2337 impie
289 2296 326 2325 et
348 2290 476 2326 stolide
500 2291 667 2327 reiiciunt
689 2298 796 2337 atque
818 2297 1034 2337 conspuunt,
1067 2295 1228 2324 recentes
1249 2288 1404 2323 Iudaei?
1441 2288 1504 2334 qui

27 2337 171 2382 impium
206 2349 248 2372 ac
280 2338 350 2372 diis
383 2338 535 2372 invisum
569 2350 667 2373 suum
698 2339 914 2374 initiatorem
942 2339 1201 2383 copronymum
1229 2335 1343 2370 secuti
1373 2346 1504 2369 novum

26 2395 108 2418 esse
139 2389 247 2429 atque
277 2390 454 2418 recentem
483 2384 576 2418 hune
604 2385 760 2419 ordinem
795 2390 975 2427 asserunt,
1011 2394 1143 2417 summa
1165 2382 1303 2415 insania
1327 2380 1504 2415 dementia

26 2441 71 2464 ae
92 2430 244 2465 stultitia
266 2430 428 2475 decepti,
451 2441 567 2475 neque
588 2431 647 2465 vel
669 2432 755 2476 quid
778 2432 895 2467 dicant
918 2430 977 2464 vel
999 2430 1044 2464 de
1067 2429 1196 2474 quibus
1217 2431 1423 2462 asseverent
1444 2426 1502 2460 in-

19 2476 254 2521 telligentes?
300 2488 366 2511 nos
401 2483 517 2511 autem
552 2477 746 2513 doctrinam
779 2484 979 2513 sanctorum
1010 2481 1150 2522 patrum
1183 2475 1297 2509 secuti
1326 2473 1501 2508 credimus

25 2534 103 2557 eum
126 2528 302 2557 vetustum
326 2528 433 2568 atque
458 2523 638 2568 antiquum
661 2536 754 2559 esse.

117 2569 189 2603 Sed
209 2574 247 2604 et
266 2581 413 2615 magnus
432 2569 587 2604 Basilius
612 2570 656 2604 de
677 2572 847 2605 bonorum
870 2579 1011 2604 suorum
1035 2565 1240 2601 dimissione
1261 2569 1300 2600 et
1324 2564 1401 2600 vita
1422 2576 1500 2599 mo-

22 2615 161 2650 nastica
182 2615 237 2649 sic
258 2616 416 2651 disserit.
461 2612 607 2660 “itaque
632 2617 736 2651 etiam
758 2617 927 2650 humanus
951 2617 1072 2648 noster
1093 2612 1253 2647 dominus
1275 2617 1419 2646 nostrae
1440 2622 1501 2646 sa—

21 2660 106 2696 lutis
137 2673 255 2697 curam
285 2674 435 2707 gerens,
467 2662 506 2696 in
532 2663 602 2696 duo
631 2662 729 2698 vitae
759 2674 892 2707 genera
921 2659 1045 2695 divisit
1071 2659 1248 2702 homines,
1281 2657 1499 2703 virginitatis

22 2718 151 2754 nempe
173 2714 212 2743 et
232 2709 407 2754 coniugii,
438 2717 478 2743 ut
500 2709 562 2755 qui
582 2709 697 2754 impar
718 2707 933 2754 virginitatis
957 2712 993 2741 et
1016 2704 1279 2740 exercitationis
1303 2710 1399 2739 esset
1418 2715 1500 2739 oer-

21 2755 167 2798 umini,
189 2755 223 2789 is
245 2755 499 2790 matrimonium
521 2755 766 2800 contraheret,
789 2756 827 2789 id
847 2754 983 2797 sciens,
1005 2753 1084 2787 fore
1103 2752 1174 2786 sibi
1196 2752 1243 2786 de
1262 2749 1498 2796 temperantia

22 2801 255 2836 sanctimonia
276 2808 314 2836 et
335 2801 564 2837 similitudine
594 2813 715 2837 eorum
745 2807 943 2836 sanctorum
967 2799 1028 2844 qui
1053 2800 1092 2833 in
1113 2797 1231 2833 veteri
1253 2809 1418 2852 novoque
1439 2802 1497 2832 te-

22 2851 196 2882 stamento
219 2848 258 2882 in
280 2848 500 2883 matrimonio
521 2849 687 2882 vixerunt
708 2848 880 2883 rationem
902 2845 1129 2881 reddendam.
1175 2855 1294 2879 omnes
1315 2855 1407 2878 emm
1430 2843 1497 2878 ho-

21 2893 134 2930 mines
154 2894 327 2930 rationem
350 2894 606 2941 postulabimur
622 2894 670 2929 de
683 2894 858 2942 praestita
876 2891 1059 2938 evangelio
1079 2889 1303 2937 obedientia,
1324 2891 1403 2926 sive
1420 2901 1496 2925 mo-
