1742 3184
368 204 773 274 mgr-onnam
808 227 1208 275 commorunt„
1471 230 1536 280 19

46 341 116 387 καὶ
138 339 335 389 ἀπαπαί
363 343 386 400 (
393 341 493 388 ὅθεν
512 345 581 388 καὶ
600 343 678 401 τὴν
696 345 990 403 προσωνυμίαν
1013 342 1261 402 ἐσχήκασι),
1301 345 1373 390 διὰ
1394 346 1442 392 δὲ
1461 346 1535 392 τὸν

43 412 343 470 βέβηλονΚάϊν
360 413 525 470 ἄλκιμοι
544 416 613 458 καὶ
630 414 918 473 κραταιότατοι
937 418 1007 459 καὶ
1025 418 1187 474 στερροὶ
1207 418 1277 460 καὶ
1295 417 1371 473 τὴν
1391 416 1534 474 ἀλκήν,

43 483 119 527 τὸν
154 483 201 527 δὲ
236 481 391 542 τρόπον
423 483 693 543 φονικώτατοι
726 487 795 529 καὶ
823 486 1087 540 ἀσεβέστατοι
1118 488 1189 530 καὶ
1220 486 1506 544 ἀσελγέστατοι
1519 501 1534 514 ·

44 552 119 604 οὓς
137 554 207 596 καὶ
226 551 560 612 δρακοντόποὸάς
576 572 683 606 τινες
702 555 1051 614 προσηγόρευσαν,
1078 556 1107 613 ἢ
1128 554 1186 608 ὥς
1203 558 1535 615 τεθηριωμένους
1554 570 1586 608 P
1613 575 1658 609 ιο

12 629 137 674 ὄταῖς
159 621 349 680 ’γνώμαις
377 626 446 667 καὶ
475 625 606 681 μηδὲν
633 625 798 682 ἀγαθὸν
825 628 1130 683 λογιζομένους,
1164 625 1193 683 ἢ
1213 625 1270 678 ὥς
1291 645 1397 680 τινες
1417 628 1532 673 ἱστο-

44 697 210 751 ροῦσιν,
244 692 308 737 ὅτι
340 692 520 750 πόλεμον
550 694 708 751 ἒβζοντες
733 694 839 750 μετά
866 714 987 741 τινων
1015 694 1235 741 οἰκούντων
1265 698 1309 740 ἐν
1336 696 1531 755 ὑψηλοῖς,

44 761 133 806 εἶτα
158 765 277 821 χερσὶ
305 766 374 807 καὶ
402 766 499 808 ποσὶ
531 766 601 808 καὶ
630 767 803 817 κοιλίαις
832 764 890 818 ὥς
922 767 1142 825 δράκοντες
1170 767 1411 825 ἀνέρποντες
1432 769 1531 812 κατ’

43 832 202 886 αὐτῶν,
236 831 316 892 ὑφ’
341 827 398 877 ὧν
418 836 487 877 καὶ
506 837 650 878 πολλοὶ
672 835 871 888 πολλάκις
891 835 1055 881 ἀνωθεν
1076 838 1301 895 ἀνῃροῦντο
1321 837 1534 894 βαλλόμε-

42 919 120 956 νοι,
150 902 474 962 δρακοντόποδες
493 905 718 961 ε’κέκληντο.
786 905 943 950 τούτων
961 907 1036 950 οὔκ
1058 908 1221 964 ὀλίγους
1240 908 1316 962 μὲν
1332 911 1532 966 σφαίραις

0 980 36 1018 [o
45 972 177 1031 πυρὸς
208 973 301 1029 ἤτοι
337 981 551 1032 κεραυνοῖς
580 974 811 1034 οὐρανόθεν
837 974 859 1019 ὅ
888 975 1067 1032 ὕψιστος
1096 977 1326 1028 ἕξανάλωσε
1360 977 1533 1033 βαλών·

42 1042 374 1100 ἀνεπαισθήτους
397 1046 444 1088 δὲ
468 1045 566 1097 τούς
590 1048 852 1104 περιλοίπους
872 1049 938 1090 καὶ
959 1045 1248 1104 ἀδιορθώτους
1272 1048 1533 1103 ἐπιμένοντας

41 1117 318 1173 κατακλυσμῷ
338 1115 443 1170 μετὰ
460 1119 593 1158 ταῦτα
619 1115 718 1165 τοὺς
738 1115 896 1168 πάντας
914 1115 1167 1168 ε’ξανάλωσεν
1187 1115 1209 1159 ὃ
1230 1117 1346 1170 θεός.
1416 1113 1531 1162 οὗτοι

41 1181 213 1237 ὤμοσαν
239 1185 283 1227 ἓν
310 1189 370 1242 τῷ
398 1184 485 1242 ὄρει
512 1190 571 1244 τῷ
596 1183 840 1243 “Ερμονιεὶμ
855 1188 1102 1238 ἐκλέξασθαι
1124 1194 1320 1243 γυναῖκας
1342 1187 1423 1231 ἀπὸ
1445 1193 1527 1233 τῶν
1548 1193 1581 1230 Β

40 1252 143 1295 υἱῶν
171 1257 254 1296 τῶν
284 1254 519 1313 ἀνθρώπων
545 1254 673 1312 ἤγουν
701 1260 777 1312 τῆς
807 1262 880 1300 τοῦ
902 1256 1012 1300 ,Κάϊν
1034 1262 1196 1314 γενεᾶς,
1239 1259 1310 1300 καὶ
1332 1257 1530 1302 ἐκάλεσαν

0 1322 90 1368 [5τὸ
112 1322 209 1380 ι’ίρος
229 1321 426 1379 Ἕρμῶν,
454 1324 607 1368 καθότι
637 1324 807 1380 ὤμοσαν
834 1328 904 1369 καὶ
937 1324 1241 1380 ἀνεθεμάτισαν
1261 1326 1467 1383 ἀλλήλους
1487 1328 1531 1371 ἓν

41 1392 168 1451 αὐτῷ.
238 1387 352 1436 οὗτοι
384 1393 626 1438 διδάσκουσι
658 1395 734 1446 τὰς
762 1404 959 1452 γυναῖκας
992 1397 1128 1439 αὐτῶν
1166 1399 1427 1454 φαρμακείας
1457 1399 1530 1442 καὶ

40 1462 266 1514 ἕπαοιδίας.
334 1464 404 1506 καὶ
422 1468 585 1520 πρῶτος
603 1464 753 1520 Ἅζαὴλ
785 1463 807 1507 ὅ
831 1467 1000 1516 δέκατος
1020 1465 1160 1522 ἄρχων
1180 1466 1316 1509 αὐτῶν
1335 1468 1425 1522 (καὶ
1446 1467 1528 1526 γὰρ

41 1532 81 1575 οἷ
110 1531 305 1590 ἄρχοντες
331 1537 414 1576 τῶν
441 1531 730 1576 κατελθόντων
763 1532 963 1577 διακόσιοι
992 1530 1126 1593 ἦσαν)
1159 1535 1342 1587 ἐδίδαξεν
1378 1537 1531 1588 αὐτοὺς

40 1609 170 1645 ποιεῖν
192 1603 400 1660 μαχαίρας
429 1604 497 1646 καὶ
524 1602 726 1661 θώρακας
746 1606 814 1646 καὶ
843 1609 926 1647 πᾶν
949 1608 1092 1655 σκεῦος
1114 1604 1347 1660 πολεμικόν,
1382 1608 1451 1649 καὶ
1475 1606 1529 1650 τὰ

0 1672 87 1718 nix
114 1676 197 1716 τῶν
221 1671 434 1728 μετάλλων
458 1677 534 1729 τῆς
562 1677 660 1730 γῆς,
705 1671 793 1717 οἷον
811 1675 985 1731 χρυσίον
1006 1673 1203 1732 ἀργύριον
1222 1677 1290 1717 καὶ
1314 1674 1370 1718 τὰ
1390 1674 1529 1719 λοιπά.

39 1743 109 1785 καὶ
131 1743 300 1794 ἕκαστος
318 1740 491 1798 ὁμοίιος,
521 1740 543 1786 ὅ
565 1743 642 1799 μὲν
660 1744 951 1800 καλλωπισμὸν
974 1742 1179 1799 σώματος,
1215 1742 1237 1787 ὅ
1256 1745 1301 1787 δὲ
1318 1745 1545 1798 ἐκλεκτοὺς-

38 1813 188 1864 λίθους
216 1814 285 1856 καὶ
316 1813 370 1856 τὰ
399 1811 584 1872 βαφικά,
631 1811 652 1856 ὅ
684 1814 729 1857 δὲ
759 1813 871 1872 ῥίζας
889 1819 1100 1870 βοτανῶν,
1142 1812 1165 1856 ὅ
1200 1815 1245 1858 δὲ
1272 1818 1425 1874 σοφίαν
1457 1817 1528 1859 καὶ

38 1881 245 1926 ἓπαοιδῶν
271 1880 468 1941 λυτήρια,
510 1880 533 1926 ὃ
563 1883 608 1927 δὲ
629 1882 904 1942 ἀστρονομίαν
930 1886 999 1928 καὶ
1026 1883 1352 1943 ἀστροσκοπίαν,
1398 1885 1524 1937 ἄλλος
1543 1897 1579 1952 p

40 2016 88 2051 ob
110 2014 150 2051 id
168 2019 207 2051 et
222 2014 458 2060 abominandi,
479 2015 575 2052 unde
594 2019 632 2051 et
652 2027 777 2052 nomeu
798 2015 845 2052 iis
867 2014 1085 2064 impositum,
1108 2020 1258 2064 propter
1275 2015 1419 2064 impium
1436 2028 1526 2054 vero

41 2062 190 2098 cainum
212 2063 335 2107 validi,
360 2062 546 2098 fortissimi
570 2069 607 2098 et
627 2063 827 2099 firmissimo
849 2066 993 2110 robore,
1018 2064 1094 2099 vita
1115 2064 1314 2099 homicidiis
1337 2070 1375 2100 et
1395 2065 1524 2111 impie—

39 2110 108 2144 tati
143 2122 186 2144 ac
220 2110 391 2145 lasciviae
417 2110 650 2146 deditissima.
697 2110 840 2156 quidam
873 2111 939 2146 hos
972 2111 1191 2157 anguipedes
1221 2112 1527 2157 cognominarunt,

39 2156 119 2191 sive
144 2158 240 2203 quod
265 2164 466 2192 venenatae
486 2155 626 2192 bestiae
646 2157 685 2192 in
707 2169 839 2193 morem
863 2158 1032 2194 efferatus
1055 2169 1177 2192 eorum
1199 2158 1333 2193 animus
1359 2158 1527 2203 nullaque

39 2203 136 2238 bona
156 2210 234 2238 erat
253 2204 444 2249 cogitatio,
467 2204 547 2239 sive
569 2205 685 2250 quod,
709 2210 748 2240 ut
772 2205 931 2240 nonnulli
951 2204 1144 2240 memoriae
1165 2205 1422 2250 prodiderunt,
1447 2204 1525 2239 bel-

38 2249 110 2285 lum
140 2262 218 2285 cum
251 2250 459 2296 quibusdam
488 2251 527 2285 iu
562 2251 701 2286 excelso
733 2251 976 2287 habitantibus
1001 2257 1167 2297 gerentes
1190 2252 1351 2287 manibus
1374 2251 1526 2296 pedibus

0 2325 6 2333 .
35 2307 80 2332 ac
102 2296 140 2331 iu
158 2303 320 2332 ventrem
343 2297 447 2342 proni
465 2298 631 2343 anguium
653 2298 691 2333 in
709 2299 849 2334 modum
869 2310 1008 2334 sursum
1030 2304 1245 2344 aptassent,
1271 2310 1292 2332 a
1315 2298 1444 2344 quibus
1467 2303 1525 2333 et·-

35 2343 108 2378 iam
129 2350 239 2390 saepe
262 2343 361 2379 multi
392 2345 545 2391 desuper
570 2345 652 2380 telis
685 2345 857 2380 coniectis
884 2345 1066 2381 interfecti
1097 2349 1195 2379 sunt.
1242 2344 1365 2379 horum
1396 2344 1525 2380 multos

37 2389 186 2426 caelitus
216 2391 304 2426 deus
333 2391 449 2436 igneis
471 2391 585 2437 globis
607 2392 686 2427 sive
706 2392 910 2428 fulminibus
936 2392 1028 2427 ictos
1056 2390 1270 2438 absumpsit:
1305 2402 1384 2425 cum
1405 2399 1525 2427 autem

35 2436 168 2482 reliqui
190 2437 284 2473 nullo
308 2449 447 2484 poenae
465 2450 573 2474 seusu
596 2445 823 2474 moverentur
842 2451 958 2487 neque
977 2438 1163 2485 quicquam
1180 2438 1226 2472 de
1245 2437 1427 2482 flagitiosa
1448 2438 1526 2473 vita

36 2483 297 2529 desciscerent,
332 2491 459 2530 postea
485 2485 619 2521 diluvio
642 2487 828 2522 universos
850 2485 1007 2522 sustulit.
1055 2485 1093 2519 hi
1115 2485 1153 2519 in
1175 2491 1295 2519 monte
1317 2484 1524 2520 Hermonim

37 2531 314 2567 coniuraverunt
341 2543 381 2566 se
407 2542 536 2567 uxores
569 2545 614 2568 ex
642 2533 783 2569 filiabus
815 2533 990 2569 hominum
1022 2544 1084 2567 seu
1116 2531 1290 2578 progenie
1313 2531 1419 2566 Caini
1450 2531 1524 2566 sibi

37 2577 260 2622 delectum„
288 2578 470 2624 montique
488 2579 525 2614 id
542 2591 669 2615 nomen
691 2580 873 2626 indidere,
898 2580 993 2627 quod
1015 2580 1054 2613 iu
1078 2590 1121 2613 eo
1145 2578 1391 2613 coniurassent
1411 2590 1524 2624 seque

37 2623 126 2659 diris
144 2631 264 2660 mutuo
282 2625 569 2660 obstrinxissent.
603 2626 643 2661 hi
664 2639 747 2662 suas
771 2639 900 2663 uxores
919 2625 1093 2661 veneficia
1114 2631 1153 2660 et
1174 2624 1434 2660 incantationes
1455 2626 1523 2660 do-

37 2679 206 2715 cuerunt3
236 2672 439 2718 primusque
461 2673 623 2718 Azaetus,
645 2674 800 2710 decimus
819 2676 977 2721 ipsorum
1000 2672 1166 2718 princeps
1189 2672 1292 2715 (uam
1316 2683 1436 2706 eorum
1459 2670 1524 2717 qui

11 2717 296 2754 ,descenderunt
317 2718 497 2765 principes
529 2720 672 2756 ducenti
699 2722 844 2766 erant),
879 2719 1002 2757 docuit
1028 2730 1091 2754 eos
1122 2717 1259 2764 gladios
1286 2730 1329 2753 ac
1357 2718 1522 2753 thoraces

35 2763 208 2800 fabricari
230 2766 417 2811 omniaque
438 2767 671 2803 instrumenta
692 2768 839 2813 bellica,
872 2773 945 2803 tum
975 2778 1020 2801 ex
1040 2765 1237 2800 visceribus
1257 2771 1374 2800 terrae
1397 2776 1521 2799 aurum

37 2818 222 2856 argentum
254 2819 294 2848 et
318 2812 458 2859 reliqua
484 2813 624 2849 metalla
645 2827 784 2850 eruere.
830 2814 994 2850 similiter
1019 2812 1137 2859 quivis
1160 2812 1358 2858 principum
1384 2811 1520 2857 aliquid

37 2857 177 2894 docuit:
201 2858 291 2894 alius
311 2861 470 2905 corporis
490 2861 775 2906 exornationem,
799 2861 889 2896 alius
912 2859 1089 2906 pretiosos
1111 2858 1248 2905 lapides
1272 2866 1308 2893 et
1330 2858 1519 2903 tincturas,

37 2903 128 2939 alius
151 2906 289 2941 radices
313 2907 511 2952 herbarum,
534 2907 625 2943 alius
642 2909 851 2955 sapientiam
874 2912 912 2943 et
933 2918 978 2942 ea
997 2918 1091 2953 quae
1111 2905 1372 2941 incantationes
1396 2905 1518 2940 ineffi-

32 2961 142 2988 caces
168 2954 381 2999 redderent,
425 2953 518 2990 alius
547 2956 795 2993 astronomiam
826 2959 865 2990 et
894 2953 1052 2990 siderum
1081 2953 1387 2998 observationem,
1428 2951 1519 2987 alius
