1742 3184
210 171 311 266 320
690 197 931 245 GEoRGu
965 198 1212 247 GEDRENI

209 311 432 372 ἑωρακότες
454 330 505 369 με
529 313 644 358 αὐτοὶ
668 310 901 357 πιστεύουσι
922 313 991 355 καὶ
1017 309 1220 368 ζήσονται.
1288 315 1379 372 περὶ
1413 313 1459 359 δὲ
1488 308 1539 358 οὗ
1567 313 1689 375 ἔγρα-

208 382 297 439 ψάς
325 401 397 439 μοι
429 385 564 427 ἐλθεῖν
593 380 698 441 πρός
731 400 801 434 σε,
843 382 935 425 δέον
965 382 1049 427 ε’στὶ
1081 381 1215 426 πάντα
1243 385 1460 442 πληρῶσαί
1484 402 1536 440 με
1567 387 1626 428 δι’
1659 385 1688 429 ἃ

156 462 188 498 c
210 451 466 508 ἀπεστάλην,
505 453 573 494 καὶ
605 451 709 507 μετὰ
743 451 791 495 τὸ
823 455 1037 508 πληρῶσαι
1071 453 1367 510 ἂναληφθῆναί
1394 472 1446 508 με
1480 454 1583 511 πρὸς
1616 456 1688 499 τὸν

209 519 501 565 ἀποστείλαντά
520 539 572 576 με
594 521 763 578 πατέρα.
832 520 994 564 ἐπειδὰν
1015 521 1061 564 δὲ
1081 522 1313 580 ἂναληφθῶ
1322 555 1336 575 ,
1372 523 1595 568 ἀποστείλω
1622 542 1687 568 σοι

207 592 279 633 ἕνα
310 595 391 634 τῶν
422 594 626 646 μαθητῶν
649 607 755 646 μου,
790 582 960 645 ὃνόματι
988 591 1222 644 Θαδδαῖον,
1258 591 1369 642 ὅστις
1391 594 1459 636 καὶ
1479 592 1526 636 τὸ
1547 592 1719 645 πάθοςό

206 677 282 704 σου
312 658 558 718 θεραπεύσει
588 662 656 702 καὶ
686 660 791 716 ζωὴν
821 658 984 703 αἰώνιον
1004 662 1072 703 καὶ
1094 658 1255 719 εἰρήνην
1278 678 1343 704 σοι
1365 660 1586 720 παράσχῃ,
1617 665 1687 706 καὶ

204 734 255 787 τῇ
284 727 397 772 πόλει
427 746 502 772 σου
533 727 741 785 γενήσεται
773 728 819 771 τὸ
854 729 990 772 ἱκανὸν
1022 731 1126 788 πρὸς
1152 729 1199 773 τὸ
1227 731 1383 786 μηδένα
1413 735 1495 774 τῶν
1523 732 1687 790 ἐχθρῶν

201 803 444 854 κατισχῦσαι
463 798 632 854 αὖτῆς.”
706 799 861 849 ἐπιθεὶς
876 799 918 841 ἐν
935 803 995 857 τῷ
1011 800 1113 843 τέλει
1131 801 1201 843 καὶ
1218 802 1426 858 σφραγῖδα
1448 799 1686 858 γράμμασιν

172 866 428 925 ““Εβραἰ’κοΐς
456 868 783 923 ἓνσημανθεῖσαν
813 866 936 920 ἑπτά,
971 867 998 911 ἅ
1028 887 1119 913 τινα
1147 868 1533 927 μεθερμηνευόμενα
1555 875 1686 917 ταῦτα

202 939 372 993 δηλοῦσι
381 969 395 989 ,
429 941 533 980 θεοῦ
564 938 724 981 θεαθὲν
756 941 905 991 θαῦμα
937 941 1064 982 θεῖον.
1135 937 1156 981 ὅ
1186 940 1230 982 δὲ
1260 938 1468 997 τοπάρχης
1486 938 1684 997 Αῦγαρος
1698 946 1742 982 10

201 1004 420 1061 δεξάμενος
443 1011 674 1065 περιχαριῦς
695 1007 766 1050 τὸν
781 1006 990 1060 Ἀνανίαν,
1017 1007 1152 1052 πεσὼν
1172 1007 1447 1067 προσεκύνησε
1468 1009 1543 1065 τὴν
1568 1007 1685 1066 ἁγίαν

201 1075 336 1119 εἰκόνα
358 1077 427 1118 καὶ
450 1075 651 1133 ἄχραντον
670 1080 744 1119 τοῦ
768 1077 910 1135 κυρίου
932 1078 1063 1121 πίστει
1084 1079 1152 1121 καὶ
1175 1076 1297 1136 πόθῳ
1318 1082 1478 1136 πολλῷ,
1514 1081 1580 1121 καὶ
1603 1097 1684 1122 πα·-

201 1148 398 1203 ραχρῆμα
415 1143 518 1201 ἰάθη
539 1146 618 1188 ἀπὸ
637 1150 718 1189 τῶν
737 1144 868 1189 νόσων
888 1145 1013 1189 αὐτοῦ
1021 1180 1034 1199 ,
1069 1152 1221 1204 μικροῦ
1240 1147 1347 1198 τινὸς
1364 1145 1561 1203 λειψάνου
1578 1146 1684 1191 {mo-

148 1217 181 1251 D
204 1215 445 1273 λειφθέντος
467 1216 510 1257 ἐν
532 1219 590 1273 τῷ
613 1213 788 1273 μετώπῳ
810 1215 949 1258 αὐτοῦ.
1019 1212 1068 1272 ἦν
1087 1217 1165 1274 γὰρ
1186 1214 1208 1258 ὅ
1231 1215 1431 1274 Λῦγαρος
1452 1219 1544 1259 δυσὶ
1561 1216 1685 1273 νοσή-

200 1300 304 1338 μασι
321 1283 728 1342 ταλαιπωρούμενος,
764 1282 821 1326 ἑνὶ
841 1284 914 1340 μὲν
935 1285 1145 1343 ἀρθρίτιδι
1157 1287 1303 1345 χρονίᾳ
1313 1318 1326 1338 ,
1355 1285 1473 1346 ἑτέρᾳ
1490 1287 1534 1329 δὲ
1553 1287 1682 1347 λέπρᾳ
1695 1294 1739 1332 15

195 1354 390 1410 μελαίνῃ,
426 1352 695 1411 ε’κὸαπανώσῃ
712 1354 759 1397 τὸ
779 1358 899 1409 σῶμα
923 1354 1063 1399 αὐτοῦ.
1133 1354 1179 1406 ὃς
1199 1357 1267 1398 καὶ
1288 1362 1378 1407 ταῖς
1400 1355 1480 1399 ἀπὸ
1503 1360 1584 1400 τῶν
1605 1355 1683 1414 ἄρ-

194 1426 313 1480 θρων
332 1421 498 1474 ὀδύναις
515 1425 716 1478 συνείχετο
736 1425 804 1466 καὶ
825 1430 909 1474 τοῖς
929 1430 1002 1480 τῆς
1023 1426 1174 1482 λέπρας
1193 1426 1506 1482 ε’ταλαιπωρεΐτο
1528 1432 1682 1478 κακοῖς,

195 1492 274 1550 ἀφ’
306 1486 357 1548 ἧς
387 1493 538 1548 ἐγένετο
563 1493 674 1551 αὐτῷ
694 1491 720 1548 ἢ
741 1497 814 1548 τῆς
837 1493 1047 1554 ἀμορφίας
1070 1491 1264 1550 αἰσχύνη,
1299 1495 1361 1537 ’δι’
1386 1493 1436 1551 ἢν
1459 1493 1555 1537 οῦδὲ
1576 1499 1683 1538 θεα-

193 1561 264 1613 τὸς
286 1556 337 1617 ἧν
358 1561 503 1616 σχεδὸν
524 1569 609 1612 τοῖς
627 1560 877 1620 ἀνθρώποις.

330 1631 461 1674 Μετὰ
490 1632 538 1674 δέ
562 1648 606 1687 γε
639 1631 686 1673 τὸ
713 1635 789 1673 τοῦ
816 1633 1006 1689 Χριστοῦ
1029 1628 1169 1682 πάθος
1199 1632 1268 1674 καὶ
1292 1630 1367 1687 τὴν
1399 1633 1456 1683 εἷς
1479 1632 1738 1690 οὐρανοὺς-20

195 1697 324 1742 αῦτοῦ
357 1698 507 1743 ἄνοδον
538 1700 784 1754 καταλαβὼν
815 1698 837 1743 ὃ
870 1697 1098 1751 ἀπόστολος
1125 1699 1337 1752 Θαδδαῖος
1363 1700 1439 1757 τὴν
1461 1701 1679 1756 ’Έδεσσαν,

192 1766 426 1826 προσήγαγε
447 1773 499 1827 τῇ
517 1767 796 1829 κολυμβήθρα
815 1769 886 1813 τὸν
906 1767 1107 1826 Λῦγαρον
1117 1801 1131 1822 ,
1166 1772 1236 1812 καὶ
1257 1769 1414 1822 πάντας
1434 1771 1531 1822 τοὺς
1553 1773 1681 1816 αὗτοῦ

192 1836 409 1891 ἐβάπτισεν
438 1841 494 1889 εἷς
525 1838 572 1881 τὸ
608 1837 739 1892 ὄνομα
770 1843 845 1882 τοῦ
874 1838 1030 1895 πατρὸς
1059 1841 1127 1881 καὶ
1149 1843 1224 1882 τοῦ
1253 1840 1348 1883 υἱοῦ
1372 1842 1439 1882 καὶ
1462 1845 1537 1884 τοῦ
1561 1839 1679 1898 ἁγίου

191 1904 435 1962 πνεύματος.
503 1909 571 1950 καὶ
592 1908 739 1962 ἐξῆλθε
763 1912 838 1952 τοῦ
861 1907 1013 1958 ὕδατος
1032 1909 1223 1967 καθαρὸς
1244 1911 1312 1951 καὶ
1333 1907 1450 1966 ὑγιής
1461 1941 1474 1962 ,
1507 1909 1679 1954 ἇπαλει-

192 1976 372 2033 φθέντος
403 1978 472 2019 καὶ
503 1981 576 2020 τοῦ
608 1981 759 2035 μικροῦ
782 1975 980 2033 λειψάνου
1002 1982 1075 2033 τῆς
1097 1978 1248 2036 λέπρας
1264 1983 1338 2022 τοῦ
1359 1976 1680 2037 ὑπολειφθέντος

188 2106 252 2154 qui
275 2119 331 2143 me
355 2119 426 2144 non
450 2108 645 2155 vidissent,
668 2109 775 2145 fidem
796 2107 883 2144 mihi
900 2112 1008 2155 atque
1028 2109 1138 2145 vitam
1158 2109 1356 2146 habituros.
1405 2110 1502 2158 quod
1525 2112 1619 2158 petis
1640 2116 1680 2148 ut

187 2155 234 2189 ad
255 2158 293 2190 te
316 2155 457 2191 veniam
470 2183 480 2202 ,
505 2156 590 2191 mihi
610 2156 727 2191 omnia
743 2155 960 2193 absolvenda
977 2159 1058 2191 sunt
1077 2169 1120 2191 ea
1137 2168 1285 2202 quorum
1301 2156 1422 2203 gratia
1445 2157 1571 2194 missus
1589 2170 1678 2206 sum,

185 2200 304 2247 iisque
336 2202 511 2238 confectis
542 2203 758 2238 redeundum
790 2203 835 2238 ad
868 2207 1024 2248 patrem,
1065 2203 1126 2249 qui
1150 2204 1308 2239 miserat.
1358 2216 1400 2239 eo
1425 2205 1519 2240 facto
1542 2205 1678 2242 mittam

186 2247 233 2282 ad
257 2252 294 2284 te
317 2259 422 2284 unum
446 2261 603 2285 meorum
626 2249 894 2296 discipulorum,
928 2249 1066 2284 nomine
1092 2250 1342 2286 Thaddaeum:
1377 2250 1409 2285 is
1434 2257 1471 2286 et
1492 2253 1613 2287 morbo
1638 2258 1678 2288 te

186 2293 307 2329 solvet
329 2300 366 2330 et
387 2295 497 2331 vitam
521 2302 702 2332 aeternam
727 2307 921 2343 pacemque
953 2296 1020 2331 tibi
1045 2302 1081 2331 et
1102 2297 1173 2331 tuis
1196 2297 1403 2343 praebebit,
1436 2299 1592 2344 urbsque
1615 2304 1678 2334 tua

185 2342 231 2376 ab
257 2341 418 2377 omnibus
441 2343 605 2378 hostibus
627 2346 706 2378 tuta
729 2348 765 2379 et
786 2343 922 2378 invicta
946 2339 1044 2378 fiet.”
1091 2344 1130 2378 in
1152 2344 1224 2378 fine
1247 2343 1398 2390 sigillum
1421 2344 1542 2390 posuit
1562 2344 1677 2380 literis

184 2392 322 2433 septem
350 2388 517 2424 Ebraicis
549 2394 728 2434 notatum3
762 2400 908 2436 quarum
938 2401 1062 2424 sensus
1097 2395 1174 2434 est,
1210 2389 1269 2424 dei
1299 2395 1495 2436 spectatum
1518 2391 1677 2427 divinum

184 2433 401 2470 miraculum.
447 2436 610 2481 Augarus
640 2440 786 2482 recepto
812 2447 940 2481 magna
967 2448 1044 2471 cum
1068 2436 1207 2472 laetitia
1227 2437 1413 2472 tabellario
1434 2448 1568 2491 pronus
1589 2450 1676 2473 con-

185 2479 295 2526 cidit,
322 2481 551 2529 divinamque
580 2483 745 2518 adoravit
765 2482 952 2528 imaginem
976 2495 1102 2529 magna
1124 2495 1201 2518 cum
1221 2483 1294 2519 fide
1311 2487 1348 2518 et
1369 2483 1569 2527 desiderio;
1600 2489 1675 2519 sta-

184 2525 318 2571 timque
350 2529 483 2564 morbis
516 2528 590 2564 suis
619 2530 788 2565 liberatus
824 2533 899 2574 est,
935 2529 1073 2575 exiguis
1095 2530 1134 2564 in
1157 2529 1252 2565 facie
1275 2529 1538 2566 remanentibus
1562 2531 1677 2565 adhuc

182 2571 359 2618 reliquiis.
409 2575 540 2610 etenim
565 2576 704 2612 duobus
722 2575 853 2611 morbis
871 2576 990 2611 fuerat
1013 2577 1259 2622 conflictatus,
1289 2575 1516 2612 articulorum
1539 2577 1678 2612 scilicet

184 2617 360 2654 diuturnis
384 2621 564 2658 doloribus
588 2634 631 2658 ac
654 2623 755 2669 lepra
777 2621 896 2668 nigra,
922 2635 1012 2669 quae
1037 2635 1164 2670 corpus
1189 2623 1264 2657 eius
1288 2623 1484 2668 depascens
1503 2624 1592 2658 adeo
1611 2623 1675 2658 de-

184 2663 401 2744 {ormaverat
432 2674 472 2703 ut
505 2680 592 2716 prae
625 2671 764 2716 pudore
787 2669 848 2704 vix
870 2680 1020 2715 unquam
1045 2682 1086 2706 se
1110 2670 1324 2706 cernendum
1347 2667 1545 2706 hominibus
1568 2681 1675 2716 prae-

212 2715 303 2745 eret.

279 2756 470 2803 Postquam
502 2760 667 2797 Christus
696 2761 872 2810 supplicio
899 2762 1051 2799 tolerato
1075 2763 1113 2798 in
1136 2762 1269 2798 caelum
1293 2761 1422 2807 rediit,
1457 2761 1673 2797 Thaddaeus

186 2800 359 2838 Edessam
387 2806 487 2840 venit
510 2808 691 2853 apostolus
705 2835 715 2853 ,
749 2808 966 2855 adduxitque
990 2806 1167 2856 Aug'arum
1191 2809 1236 2844 ad
1257 2808 1450 2855 piscinam,
1483 2819 1672 2853 omnesque

186 2847 248 2893 qui
272 2860 349 2885 cum
371 2849 430 2885 illo
459 2859 562 2888 erant
584 2854 621 2888 in
649 2867 776 2890 nomen
806 2855 917 2902 patris
956 2856 1021 2891 filii
1055 2869 1097 2892 ac
1127 2855 1274 2902 spiritus
1306 2854 1422 2891 sancti
1455 2853 1669 2900 baptizavit.

186 2898 294 2941 atque
315 2897 476 2942 Augarus
498 2910 607 2945 purus
639 2912 683 2937 ac
715 2913 823 2938 sanus
855 2903 901 2939 de
928 2915 1020 2951 aqua
1048 2902 1159 2949 exiit,
1192 2901 1310 2939 deleto
1335 2901 1440 2939 etiam
1461 2912 1574 2949 parvo
1597 2900 1671 2946 illo,

1466 3030 1506 3059 'N
