1742 3184
181 174 282 224 768
667 157 909 222 omnen
939 171 1187 220 GEDRENI

34 297 64 333 P
89 296 158 334 439
181 295 254 337 νῦν
280 290 369 336 ἀντὶ
397 295 470 336 τοῦ
498 295 679 335 παλαιοῦ
700 291 833 347 ἀμνοῦ
854 289 1192 346 ἄναστηλοῦσθαι
1214 288 1401 349 ὁρίζομεν
1406 322 1422 343 ,
1456 287 1516 333 δι’
1540 285 1668 333 αὖτοῦ

178 363 226 408 τὸ
250 367 324 419 τῆς
343 361 621 414 ταπεινώσεως
640 360 752 417 ῦψος
768 364 843 404 τοῦ
861 364 968 403 θεοῦ
986 358 1110 418 λόγου
1127 365 1441 413 κατανοοῦντες,
1476 361 1544 402 καὶ
1566 358 1670 417 πρὸς

178 431 344 490 μνήμην
369 436 444 488 τῆς
464 433 506 476 ἓν
530 434 651 490 σαρκὶ
672 431 876 481 πολιτείας
896 434 971 473 τοῦ
990 447 1034 474 τε
1055 427 1222 482 πάθους
1245 431 1374 474 αὐτοῦ
1395 430 1464 474 καὶ
1484 433 1557 472 τοῦ
1582 446 1668 472 σω-

177 504 321 561 τηριόυ
350 499 536 545 θανάτου
563 499 932 559 χειραγωγούμενοι
958 501 1028 544 καὶ
1054 504 1129 557 τῆς
1157 500 1347 545 ἐντεῦθεν
1370 499 1583 559 γινομένης
1607 502 1667 559 τῷ

180 571 322 632 κόσμῳ
349 569 718 629 ἇπολυτρώσεως.”
1678 578 1702 615 5

312 642 462 686 Ἰστέον
500 641 544 683 δὲ
577 638 634 691 ὥς
665 641 734 683 καὶ
767 640 900 698 ἕτεραι
930 637 1117 698 γεγόνασι
1146 636 1266 686 τόποι
1290 640 1360 683 καὶ
1381 636 1570 690 σύνοδοι,
1600 637 1670 680 καὶ

179 710 354 763 κανόνας
386 709 542 755 τούτων
567 711 820 766 ’κατέχομεν,
867 712 901 753 εἷ
932 711 1000 753 καὶ
1033 709 1095 765 μὴ
1125 711 1276 769 κυρίως
1306 710 1374 752 καὶ
1406 713 1466 768 τῷ
1498 708 1670 767 ἀριθμῷ

178 787 262 827 τῶν
288 781 334 833 (ἐξ
362 781 639 838 ἀριθμοῦνται
660 777 872 832 συνόδων,
906 777 933 836 ἦ
956 780 998 822 ἓν
1010 777 1209 840 Ἀγκύρᾳ,
1244 777 1272 835 ἦ
1292 779 1335 822 ἓν
1353 779 1670 837 Νεοκαισαρείᾳ,

177 851 204 908 ἦ
230 853 272 895 ἓν
296 853 338 893 Γ
335 849 505 909 άγγραις
514 883 527 903 ,
561 849 587 907 ἡ
611 851 653 894 ἐν
667 850 914 911 Ἀντιοχείᾳ,
949 847 976 906 ἡ
999 850 1041 892 ἓν
1061 850 1318 911 Λαοδικείᾳ,
1351 846 1380 905 ἦ
1404 850 1446 892 ἐν
1468 850 1669 906 Σαρδικῇ,

176 920 204 977 ἡ
226 922 267 964 ἓν
286 920 546 979 Καρταγένῃ.
617 921 661 964 αἱ
690 921 764 976 μὲν
795 920 875 978 γὰρ
900 923 1079 963 τοπικῶν
1106 918 1308 976 ζητήσεων
1332 919 1447 972 ἕνεκα
1471 917 1666 974 συνέστη·
1682 925 1726 961 10

178 1010 279 1044 σαν,
309 989 412 1047 μήτε
441 990 646 1045 βασιλέων
675 987 1030 1048 συνεδρευσάντων
1050 989 1196 1041 αὗταῖς
1215 988 1318 1045 μήτε
1339 986 1670 1047 προσταξάντων,

124 1070 155 1106 Β
177 1065 296 1106 τινῶν
326 1061 370 1104 δὲ
398 1061 535 1105 αὐτῶν
566 1063 635 1105 καὶ
665 1061 746 1118 πρὸ
768 1065 842 1116 τῆς
858 1057 1147 1111 καταστάσεως
1164 1064 1245 1103 τῶν
1264 1061 1529 1118 Χριστιανῶν
1546 1062 1671 1112 βασι-

174 1132 279 1175 λέων
298 1131 582 1188 γεγενημένων.
653 1131 698 1174 αἱ
718 1131 763 1174 δὲ
780 1132 1053 1186 οῗκουμενικαὶ
1074 1128 1299 1187 γεγόνασιν.
1322 1166 1325 1168 ,
1367 1126 1605 1185 ἐκλήθησαν
1626 1127 1671 1170 δὲ

175 1202 472 1256 οἲκουμενικαί,
520 1199 626 1244 διότι
656 1202 700 1245 ἐκ
727 1199 947 1245 κελεύσεων
976 1203 1203 1255 βασιλικῶν
1232 1199 1272 1243 οἳ
1299 1198 1406 1242 κατὰ
1430 1202 1568 1242 πᾶσαν
1596 1197 1670 1253 τὴν

167 1269 391 1326 (Ρωμαίων
421 1273 627 1314 πολιτείαν
662 1271 862 1328 ἀρχιερεῖς
888 1268 1227 1327 μετεκλήθησαν,
1262 1271 1330 1312 καὶ
1351 1267 1414 1312 ὅτι
1438 1269 1480 1312 ἓν
1502 1265 1667 1325 ἑκάστῃ,
1683 1274 1726 1311 15

172 1343 240 1390 καὶ
270 1340 452 1397 μάλιστα
482 1346 564 1384 τῶν
598 1338 644 1392 ἳξ
676 1339 834 1384 τούτων
868 1338 1078 1392 συνόδων,
1125 1341 1216 1398 περὶ
1244 1340 1417 1391 πίστεως
1445 1336 1473 1395 ἡ
1507 1335 1672 1393 ζήτησις

172 1411 308 1468 γέγονε
337 1413 403 1454 καὶ
433 1416 579 1469 ψῆφος
604 1410 696 1467 ἤτοι
731 1409 828 1468 ὅρος
856 1410 1102 1467 δογματικὸς
1122 1406 1363 1465 ἐξενήνεκτο.
1431 1406 1459 1464 ἡ
1485 1409 1561 1463 μὲν
1589 1407 1668 1465 γὰρ

172 1479 316 1539 πρώτη
350 1479 527 1539 ὁρίσασα
561 1479 779 1537 ὅμοούσιον
813 1486 873 1539 τῷ
901 1482 1027 1539 πατρὶ
1055 1480 1127 1524 τὸν
1156 1478 1270 1532 υἱόν,
1305 1476 1567 1536 παρηγγύησε
1600 1479 1669 1520 καὶ

136 1571 138 1573 ·
174 1553 231 1602 εἷς
264 1552 311 1594 τὸ
346 1555 506 1606 πνεῦμα
537 1551 584 1594 τὸ
617 1549 732 1608 ἅγιον
762 1548 986 1594 πιστεύειν·
1022 1547 1049 1606 ἡ
1084 1551 1129 1593 δὲ
1159 1549 1329 1607 δευτέρα
1353 1546 1573 1604 ὅμοούσιον
1594 1550 1670 1590 τοῦ

173 1621 330 1679 πατρὸς
350 1622 419 1663 καὶ
437 1625 512 1664 τοῦ
529 1621 621 1664 υἱοῦ
641 1621 687 1664 τὸ
706 1625 868 1675 πνεῦμα
886 1618 1062 1678 ὁρίσασα
1081 1623 1242 1678 τρανῶς
1260 1621 1667 1676 συμπροσκυνεῖσθαι
1679 1623 1728 1659 20

171 1692 408 1734 ἐθέσπισεν·
439 1689 465 1747 ἦ
500 1691 545 1734 δὲ
577 1692 691 1749 τρίτη
723 1691 875 1734 τέλειον
906 1691 949 1733 ἐν
978 1688 1147 1745 θεότητι
1170 1691 1239 1732 καὶ
1259 1690 1411 1732 τέλειον
1432 1689 1475 1731 ἓν
1497 1688 1669 1746 ἀνθρω-

118 1770 150 1804 C
176 1759 319 1817 πότητι
339 1761 410 1803 τὸν
430 1759 571 1816 κύριον
588 1759 706 1816 ήμῶν
725 1761 885 1816 Ἰησοῦν
906 1759 1093 1817 Χριστὸν
1111 1757 1310 1817 ὁρίσασα,
1347 1758 1417 1801 ἕνα
1435 1758 1503 1799 καὶ
1523 1756 1570 1799 οὗ
1592 1756 1668 1800 δύο

170 1830 287 1882 υἱοὺς
308 1828 595 1887 ἐδογμάτισεν·
631 1828 658 1886 ἡ
682 1830 727 1873 δὲ
746 1827 918 1888 τετάρτη
939 1828 992 1873 τὰ
1013 1828 1296 1887 προλεχθὲντα
1314 1825 1563 1886 κυρώσασα,
1591 1824 1668 1870 δύο

170 1985 385 2034 imaginibus
416 1990 590 2043 ponatur,
628 1998 672 2022 ex
703 1986 783 2033 ipsa
814 1986 1014 2023 humilitate
1041 1984 1262 2021 altitudinem
1285 1984 1390 2020 verbi
1413 1983 1668 2031 intelligentes,

172 2038 244 2069 tum
270 2034 315 2069 ad
338 2034 392 2069 rei
416 2046 453 2068 ιιι
476 2046 582 2069 carne
606 2046 627 2069 a
650 2033 792 2068 domino
824 2040 948 2080 gestae
980 2032 1218 2080 suppliciique
1241 2033 1286 2067 ab
1312 2044 1355 2068 eo
1379 2031 1522 2067 tolerati
1549 2036 1586 2066 et
1608 2043 1668 2066 sa-

170 2081 297 2116 lutaris
323 2080 447 2116 mortis
469 2086 506 2116 et
527 2080 669 2116 liberati
692 2093 759 2128 per
782 2080 873 2117 hanc
904 2080 1026 2116 mundi
1058 2079 1261 2115 memoriam
1284 2084 1323 2115 ut
1349 2078 1452 2126 quasi
1474 2090 1580 2114 manu
1602 2079 1670 2114 du-

170 2139 302 2163 camur.

264 2196 475 2232 Tenendum
509 2199 566 2231 est
596 2196 704 2232 etiam
736 2197 824 2232 alias
858 2196 972 2232 fuisse
1005 2195 1113 2232 certis
1135 2195 1173 2231 in
1197 2194 1286 2230 locis
1309 2196 1486 2241 synodos,
1520 2207 1669 2241 quarum

168 2242 316 2278 decreta
348 2244 538 2287 habemus,
573 2243 714 2279 tametsi
746 2256 810 2280 eae
841 2245 879 2279 in
914 2255 1059 2279 numero
1087 2255 1150 2278 sex
1173 2242 1322 2278 istorum
1346 2242 1574 2278 conciliorum
1598 2254 1668 2277 non

168 2294 323 2325 exstant.
373 2289 445 2325 tale
469 2289 539 2326 fuit
562 2292 656 2336 quod
680 2292 846 2337 Ancyrae
871 2295 986 2326 actum
1012 2295 1087 2335 est,
1123 2289 1208 2325 item
1232 2290 1526 2335 Neocaesareae,
1566 2291 1675 2324 Gan-¹

167 2337 265 2382 gris,
299 2336 539 2381 Antiocheae,
573 2338 793 2383 Laodiceae,
819 2337 1011 2382 Sardicae‚
1038 2336 1268 2382 Carthagine.
1317 2336 1406 2371 haec
1431 2336 1523 2371 enim
1545 2343 1670 2372 coacta

169 2388 252 2419 sunt
276 2384 322 2418 ob
347 2383 578 2430 quaestiones
602 2385 709 2420 certis
733 2385 821 2420 locis
847 2387 1014 2429 obortas,
1040 2395 1156 2430 neque
1180 2383 1279 2418 iussu
1302 2382 1576 2430 imperatorum,
1606 2395 1671 2418 ne-

169 2441 240 2475 que
264 2429 311 2464 iis
335 2431 602 2475 praesentibus:
636 2432 719 2478 quin
745 2432 849 2466 etiam
873 2431 996 2467 horum
1020 2431 1193 2476 quaedam
1216 2424 1340 2465 habita
1361 2436 1444 2466 sunt
1464 2430 1671 2476 priusquam

170 2476 368 2512 Christiani
404 2477 599 2513 existerent
635 2479 882 2524 imperatores.
933 2484 1089 2512 ceterum
1121 2477 1202 2512 illae
1234 2477 1481 2512 oecumenicae
1514 2478 1672 2522 fuerunt,

170 2523 224 2558 sic
248 2524 388 2568 dictae,
427 2525 510 2570 quia
532 2525 630 2560 iussu
654 2526 906 2572 imperatorum
930 2525 1055 2560 summi
1078 2524 1287 2571 pontifices,
1317 2527 1492 2570 quotquot
1516 2535 1582 2571 per
1602 2523 1670 2558 im-

168 2569 307 2615 perium
331 2571 527 2606 Romanum
553 2578 674 2617 erant,
699 2577 1000 2616 convocarentur,
1023 2577 1060 2606 et
1083 2571 1167 2618 quia
1190 2571 1227 2605 in
1252 2571 1378 2616 quavis
1403 2582 1539 2616 earum,
1563 2582 1669 2617 prae-

170 2616 293 2651 sertim
319 2629 405 2652 vero
431 2630 494 2652 sex
518 2618 617 2663 istis,
644 2620 689 2654 de
708 2619 780 2654 fide
799 2618 869 2654 fuit
893 2618 1092 2666 quaesitum
1114 2617 1366 2663 suffragiisque
1390 2623 1506 2652 actum
1525 2622 1562 2653 et
1580 2618 1671 2652 defi-

170 2662 324 2698 nitiones
348 2675 411 2699 seu
436 2665 581 2701 decreta
606 2666 715 2701 edita.
769 2666 883 2712 prima
918 2665 1048 2700 etenim
1080 2676 1158 2700 cum
1189 2664 1412 2700 definivisset
1437 2664 1546 2700 filium
1576 2664 1671 2710 patri

166 2720 246 2743 esse
282 2710 463 2755 aequalem
501 2713 674 2757 essentia,
707 2712 810 2747 simul
843 2712 951 2748 etiam
983 2713 1021 2746 in
1055 2717 1214 2747 sanctum
1242 2711 1405 2758 spiritum
1429 2711 1528 2746 credi
1550 2710 1668 2746 iussit.

166 2756 322 2790 secunda
353 2757 515 2802 spiritum
539 2759 696 2794 eiusdem
721 2771 798 2793 cum
819 2757 924 2814 patre
953 2766 988 2794 et
1011 2758 1086 2794 filio
1112 2756 1262 2794 naturae
1286 2758 1366 2793 esse
1390 2758 1580 2805 perspicue
1603 2758 1667 2793 de-

165 2812 335 2846 cernens,
373 2804 519 2839 eundem
554 2806 655 2841 iuxta
688 2806 830 2841 adoran
861 2805 988 2840 voluit.
1036 2805 1146 2840 tertia
1169 2804 1345 2840 dominum
1370 2810 1528 2853 nostrum
1550 2805 1667 2839 Iesum

165 2846 346 2902 (Jhristum
381 2851 540 2894 perfecta
575 2864 652 2887 cum
685 2853 809 2887 divina
841 2857 914 2887 tum
950 2851 1101 2887 humana
1134 2851 1333 2898 praeditum
1358 2857 1484 2887 natura
1508 2862 1666 2898 pronun-

165 2898 281 2941 trans,
306 2905 411 2931 unum
436 2903 473 2933 ot
496 2910 567 2934 non
591 2900 679 2935 duos
702 2899 796 2935 filios
814 2910 893 2935 esse
912 2899 1052 2936 statuit.
1102 2904 1230 2946 quarta
1247 2898 1452 2945 praedictas
1470 2897 1666 2934 sententias
