1742 3184
203 179 304 229 208
684 179 924 227 GEORGII
957 178 1204 227 CEDRENI

202 294 351 354 ἐδόθη,
383 296 449 340 καὶ
469 295 573 352 μετὰ
593 300 674 341 τῶν
693 296 876 356 ὀνάγρων
895 294 922 352 ἦ
943 297 1174 355 κατοίκησις
1193 296 1333 351 αὐτοῦ,
1367 296 1435 342 καὶ
1451 293 1601 356 χόρτον
1620 295 1677 349 ὧς
1732 295 1738 299 ’

198 371 304 423 βοῦν
326 366 533 423 ἓψώμιζον
553 366 690 427 αὐτόν,
726 369 793 410 καὶ
823 367 902 410 ἀπὸ
921 371 995 423 τῆς
1025 367 1176 425 δρόσου
1195 372 1269 410 τοῦ
1292 367 1468 426 οὐρανοῦ
1485 367 1532 411 τὸ
1555 371 1675 423 σῶμα

203 437 331 480 αὐτοῦ
350 435 485 494 ἒβάφη
495 469 508 488 ,
545 437 620 488 ἕως
647 431 695 480 οὗ
726 436 826 493 ἔγνω
855 434 917 479 ὅτι
940 435 1113 494 κυριεύει
1138 435 1158 480 ὅ
1179 435 1356 493 ὕψιστος
1375 441 1449 493 τῆς
1467 439 1677 492 βασιλείας

146 514 179 549 C
204 510 285 550 τῶν
306 504 551 563 ἀνθρώπιον,
586 507 652 548 καὶ
676 500 709 564 ᾧ
728 506 778 548 ἂν
801 503 898 563 δόξῃ
909 538 922 557 ,
960 504 1080 549 δώσει
1100 505 1240 562 αὐτήν.
1292 509 1360 549 καὶ
1383 507 1434 551 σὺ
1455 501 1527 550 οὖν
1549 503 1677 556 ὅυῖὸς

199 576 327 619 αὐτοῦ
347 574 573 632 Βαλτάσαρ
594 575 668 617 οὐκ
692 576 961 625 ἔταπείνωσας
983 575 1056 631 τὴν
1073 577 1246 634 καρδίαν
1265 592 1340 619 σου
1353 609 1365 629 ,
1415 577 1483 619 καὶ
1506 575 1544 618 οἳ
1560 593 1674 632 μεγι-
1688 580 1710 616 5

203 649 345 695 στᾶνες
363 646 430 687 καὶ
451 644 489 687 οἳ
506 642 745 702 παράκοιτοι
763 646 830 687 καὶ
851 645 893 687 αἳ
915 647 1125 688 παλλακαί
1142 662 1216 689 σου
1238 643 1344 687 οἶνον
1364 646 1512 690 {nivere
1532 646 1573 688 ἓν
1593 652 1679 696 τοῖς

203 714 332 771 ἁγίοις
364 711 565 756 umbem?
648 714 716 755 διὰ
753 718 871 757 τοῦτο
912 713 1118 771 ἀπεστάλη
1163 712 1418 773 ἀστράγαλος
1454 714 1591 773 χειρὸς
1635 715 1679 757 ἔκ

201 781 424 842 προσώπου
461 783 613 836 αὐτοῦ,
658 785 726 826 καὶ
755 783 830 839 τὴν
861 783 1024 843 γραφὴν
1058 784 1185 828 αὐτοῦ
1217 783 1420 838 ἕνέταξεν,
1472 782 1529 835 ὡς
1557 800 1680 843 προε-

200 851 357 913 γράφη·

342 922 427 964 Καὶ
449 921 553 977 μετὰ
575 920 621 965 τὸ
649 921 917 979 ἀναιρεθῆναι
938 918 1163 980 Βαλτάσαρ
1183 921 1361 980 Δαρεῖος
1380 921 1584 981 παρέλαβε
1606 920 1679 976 τὴν
1693 927 1737 964 10

203 993 414 1047 βασιλείαν
443 989 464 1033 ὃ
492 993 649 1046 111ῆὸος
656 1023 669 1043 ,
715 989 735 1033 ὃ
768 993 834 1033 καὶ
861 991 1127 1049 Ἀρταξέρξης
1155 994 1221 1034 καὶ
1242 990 1489 1049 Ἀστυάγης,
1526 991 1593 1046 ἔτη
1619 988 1683 1043 ιζ’.

204 1060 251 1111 ὃς
270 1060 359 1116 ἴσχε
377 1067 546 1117 γυναῖκα
566 1060 639 1115 τὴν
660 1065 733 1103 τοῦ
757 1061 942 1117 Μαρὸὸχ
959 1060 1116 1118 Ἔσθήρ
1126 1093 1140 1113 ,
1177 1063 1457 1117 ἓπιλεχθεΐσαν
1486 1061 1555 1103 διὰ
1581 1058 1682 1102 κάλ-

205 1134 278 1180 λος
299 1132 342 1173 ἐκ
366 1134 447 1173 τῶν
459 1128 688 1186 ζΕβραῖκῶν
707 1131 918 1172 νεανίδων·
953 1122 1042 1185 ἥτις
1061 1131 1128 1172 καὶ
1149 1130 1219 1172 τὸν
1240 1131 1343 1173 ἴδιον
1361 1131 1461 1174 λαὸν
1481 1130 1552 1173 τὸν
1567 1130 1683 1172 Ἰου-

206 1199 348 1242 δαῖκὸν
366 1199 623 1256 ἀναιρεῖσθαι
643 1200 843 1254 μέλλοντα
865 1198 907 1249 ἐξ
925 1199 1143 1255 ἐπιβουλῆς
1159 1200 1288 1255 Ἀμὰν
1312 1205 1385 1243 τοῦ
1409 1196 1684 1258 ἀρχιστρατή-

205 1286 280 1325 γου
311 1269 625 1326 λυτρωσαμένη,
667 1267 967 1326 παρεσκεύασεν
1005 1270 1153 1311 ἐκεῖνον
1193 1270 1595 1324 ἀνασκολοπισθῆναι
1627 1271 1682 1319 εἷς
1695 1275 1740 1313 15

152 1354 185 1390 1)
210 1338 306 1396 ὅπερ
336 1337 457 1388 ’ξύλον
484 1335 752 1393 ἐβουλεύσατο
784 1339 1061 1396 Μαρδοχαῖον
1087 1337 1157 1380 τὸν
1187 1337 1334 1394 ἑαυτῆς
1366 1338 1684 1382 ἅνασκολοπίσαι

203 1412 334 1459 θεῖον,
364 1407 422 1463 μὴ
447 1411 626 1465 τιμῶντα
652 1406 775 1449 αὐτὸν
798 1408 866 1448 καὶ
888 1412 1206 1463 προσκυνοῦντα.
1276 1409 1377 1464 φησὶ
1408 1405 1486 1464 γάρ
1513 1423 1574 1457 τις
1603 1411 1685 1449 τῶν

203 1475 455 1534 μεγιστάνων
472 1474 595 1518 “ῗὸοὑ
617 1475 736 1527 ξύλον
757 1475 921 1530 ἔστησεν
936 1475 1066 1530 Ἀμὰν
1086 1480 1145 1534 τῷ
1164 1477 1428 1534 Μαρδοχαίῳ
1451 1480 1590 1531 πηχῶν
1608 1474 1681 1518 v'.²’

203 1549 272 1590 καὶ
294 1545 399 1589 εἶπεν
419 1543 440 1588 ὅ
458 1544 653 1600 βασιλεύς
674 1542 990 1602 ((σταυρωθήτω
1005 1544 1133 1598 Ἀμὰν
1154 1545 1275 1587 ἐκεΐ.”
1349 1548 1417 1588 καὶ
1437 1546 1588 1601 ἐγένετο
1611 1543 1685 1588 oii-

204 1633 286 1666 τως
307 1615 413 1657 κατὰ
433 1615 507 1670 τὴν
535 1615 714 1656 κέλευσιν
744 1618 818 1655 τοῦ
846 1614 1049 1667 βασιλέως
1072 1613 1351 1671 Ἀρταξέρξου.
1421 1608 1584 1664 εἲκότως
1613 1608 1742 1657 οὗνὲθ

205 1683 467 1740 πεπλήρωται
490 1681 516 1738 ἦ
536 1682 675 1741 γραφὴ
704 1680 729 1738 ἥ
757 1683 930 1738 λέγουσα
953 1680 1006 1724 “5
1027 1686 1153 1725 ποιῶν
1182 1683 1340 1740 πονηρὰ
1363 1684 1420 1733 εἲς
1442 1683 1547 1726 αὐτὰ
1567 1684 1685 1740 ἔγκυ-

208 1752 474 1809 λισθήσεται,
510 1754 577 1794 καὶ
599 1751 643 1802 ὃς
664 1752 706 1794 (5²
733 1750 783 1793 ἂν
806 1751 982 1809 ἔκκαύσῃ
1011 1752 1166 1804 κακίαν,
1203 1753 1411 1795 ἀπολεῖται
1436 1751 1511 1794 ὑπ’
1545 1753 1688 1809 αὐτῆς.

206 1825 274 1866 καὶ
297 1822 342 1873 ὃς
363 1819 710 1880 παρασκευάζεται
736 1822 893 1864 δίκτυον
924 1823 987 1864 ἐπὶ
1011 1820 1229 1878 πρόσωπον
1259 1826 1334 1865 τοῦ
1354 1823 1536 1877 πλησίον,
1572 1840 1688 1880 περι-

205 1896 333 1948 βαλεῖ
347 1891 446 1935 αὐτὸ
466 1899 551 1942 τοῖς
578 1889 725 1934 ἑαυτοῦ
746 1891 855 1934 ποσί.
924 1892 991 1933 καὶ
1013 1889 1034 1933 ὃ
1054 1889 1239 1949 ὀρύσσων
1256 1891 1419 1950 βόθρον
1439 1895 1498 1952 τῷ
1514 1893 1689 1948 πλησίον

210 2048 306 2083 feras
329 2046 439 2093 vixit,
475 2059 518 2083 ac
546 2047 639 2093 apud
663 2046 781 2082 asinos
805 2046 987 2082 silvestres
1010 2046 1202 2092 habitavit,
1237 2046 1420 2094 herbaque
1442 2059 1482 2083 se
1504 2047 1608 2082 bovis
1630 2046 1687 2082 in-

212 2100 288 2130 star
309 2095 421 2140 pavit,
449 2100 486 2129 et
509 2093 654 2130 caelesti
675 2105 757 2128 rore
781 2105 908 2139 corpus
933 2094 1008 2129 eius
1032 2094 1175 2138 maduit,
1203 2106 1245 2128 eo
1262 2106 1373 2140 usque
1387 2095 1468 2130 dum
1486 2094 1692 2130 altissimum

212 2153 324 2186 regna
348 2140 523 2175 hominum
548 2142 747 2186 gubernare
771 2151 883 2186 eaque
906 2152 969 2175 suo
993 2140 1140 2175 arbitrio
1165 2142 1359 2176 concedere
1383 2141 1510 2187 quibus
1535 2141 1610 2176 vult
1633 2142 1692 2175 in-

212 2188 361 2223 tellexit.
409 2193 449 2222 tu
470 2200 557 2223 vero
580 2187 672 2222 filius
698 2187 794 2232 eius,
821 2187 935 2221 animo
959 2199 1177 2233 nequaquam
1201 2187 1392 2232 submisso,
1417 2200 1493 2222 cum
1515 2187 1690 2234 principi-

211 2235 277 2269 bus
303 2234 508 2269 concubinis
534 2239 570 2269 et
593 2233 777 2279 pellicibus
801 2233 871 2268 tuis
894 2233 1013 2268 vinum
1036 2234 1080 2268 de
1101 2234 1212 2269 sacris
1235 2234 1333 2269 vasis
1356 2231 1516 2270 bibisti.’'
1543 2246 1618 2270 eam
1643 2236 1688 2270 ob

211 2293 286 2316 rem
310 2292 442 2316 summa
467 2280 633 2327 apparuit
655 2279 689 2315 ei
711 2292 756 2315 ex
777 2279 926 2315 adverso
952 2292 1093 2325 manus,
1127 2281 1225 2316 cuius
1256 2280 1457 2327 scripturae
1479 2281 1690 2317 sententiam

212 2327 424 2374 exquisivit3
449 2339 541 2373 quae
565 2340 586 2362 a
609 2327 711 2362 nobis
735 2338 843 2372 supra
866 2332 922 2361 est
945 2327 1092 2374 scripta.

304 2374 386 2409 Hoc
406 2375 592 2409 Baltasare
621 2374 808 2408 interfecto
831 2373 960 2407 Darius
981 2385 1128 2419 regnum
1152 2374 1304 2409 obtinuit
1329 2385 1439 2409 annos
1465 2374 1531 2419 1⁷,
1563 2372 1690 2409 Medus

211 2420 367 2464 natione,
392 2422 454 2467 qui
475 2422 688 2455 Artaxerxes
712 2420 816 2454 etiam
840 2419 1038 2454 nominatur
1062 2426 1099 2455 et
1115 2421 1308 2466 Astyages.
1343 2421 1374 2455 is
1398 2432 1543 2455 uxorem
1566 2420 1692 2455 habuit

209 2467 421 2512 Estheram‚
458 2469 502 2502 ob
529 2466 822 2514 pulchritudinem
854 2478 899 2501 ex
930 2466 1082 2502 Iudaicis
1112 2467 1239 2513 puellis
1272 2467 1416 2512 lectam,
1461 2466 1691 2502 Mardochaei

212 2519 418 2558 cognatam3
443 2525 533 2560 quae
556 2514 721 2560 populum
744 2513 944 2558 Iudaicum,
969 2514 1025 2547 cui
1049 2516 1158 2548 Aman
1181 2514 1361 2560 copiarum
1385 2513 1561 2558 regiarum
1583 2525 1690 2559 prae-

212 2559 327 2593 fectus
352 2572 502 2595 summus
526 2561 802 2595 internecionem
825 2565 904 2594 erat
921 2560 1158 2605 machinatus,
1193 2560 1343 2607 eripuit,
1376 2559 1567 2605 effecitque
1594 2565 1633 2594 ut
1658 2559 1691 2594 is

212 2605 324 2639 Aman
347 2606 385 2639 in
410 2619 547 2641 crucem
570 2607 672 2642 istam
695 2607 899 2652 tolleretur,
934 2618 1037 2651 quam
1071 2606 1108 2640 in
1141 2618 1279 2641 crucem
1312 2609 1484 2641 statuerat
1512 2607 1692 2641 Estherae

214 2652 419 2687 avunculum
445 2654 715 2689 Mardochaeum
738 2666 857 2698 agere,
885 2654 979 2698 quod
1002 2655 1045 2687 ab
1071 2665 1112 2688 eo
1137 2653 1271 2688 honore
1292 2653 1438 2687 affectus
1463 2656 1500 2687 et
1523 2653 1691 2687 adoratus

214 2708 286 2731 non
307 2698 447 2734 fuisset.
495 2701 586 2735 dixit
606 2701 697 2735 enim
722 2700 861 2746 quidam
883 2699 1081 2746 principum
1103 2696 1212 2736 “ecce
1239 2701 1352 2734 Aman
1375 2711 1513 2734 crucem
1543 2700 1693 2734 Mardo-

216 2742 325 2777 chaeo
351 2745 545 2792 constituit,
578 2748 623 2782 50
645 2743 946 2791 cubitos—altam?
969 2751 1005 2780 et
1027 2758 1092 2781 rex
1114 2746 1219 2782 iussit
1242 2746 1280 2781 in
1305 2757 1380 2781 eam
1403 2757 1542 2780 crucem
1569 2744 1692 2790 suffigi

215 2788 405 2835 Amanem‚
440 2791 578 2838 itaque,
611 2794 661 2829 uti
686 2794 942 2840 imperaverat,
974 2793 1104 2827 factum
1128 2797 1196 2828 est.
1244 2804 1285 2826 ac
1308 2803 1394 2827 sane
1418 2798 1489 2828 tum
1512 2792 1693 2838 impletum

220 2840 277 2869 est
296 2835 382 2870 illud
404 2838 601 2882 scripturae
621 2836 708 2885 “qui
730 2839 820 2875 mala
837 2839 995 2882 molitur,
1021 2838 1066 2873 iis
1091 2839 1315 2882 involvetur;
1348 2843 1385 2874 et
1407 2839 1468 2885 qui
1491 2844 1615 2874 auctor
1635 2839 1695 2873 fa-

219 2881 350 2924 cinoris
373 2883 455 2919 mali
474 2885 613 2932 existet,
637 2899 678 2923 eo
700 2887 883 2932 perdetur.
931 2885 992 2933 qui
1013 2891 1092 2922 rete
1115 2885 1219 2924 alteri
1241 2885 1360 2934 pouit,
1385 2885 1460 2923 suis
1482 2885 1522 2922 id
1544 2884 1695 2932 pedibus
