1742 3184
191 168 295 218 688
682 164 921 213 GEORGII
955 162 1205 210 GEDRENI
1241 189 1243 192 -

191 287 267 343 τὴν
297 285 342 330 δε
373 289 546 343 γυναῖκα
574 283 642 328 και
669 283 717 327 τὸ
747 282 912 326 παιδίον
935 280 1143 338 βαπτίσας
1168 277 1191 324 ὅ
1223 274 1478 339 πατριάρχης
1503 277 1577 335 τὴν
1607 278 1682 335 μὲν

192 355 423 413 ἔποίησεν’
399 372 639 439 ασκητριαν,
663 354 710 398 τὸ
736 353 782 396 δὲ
801 352 964 395 παιδίον
987 348 1263 408 ἀναγνώστην.

331 424 506 480 Κόσμου
535 424 624 475 ε’τος
655 420 770 480 ςοα’,
805 426 880 478 τῆς
905 422 1026 473 θείας
1052 417 1298 479 σαρκώσεως
1327 416 1415 470 ἔτος
1442 415 1549 475 ψοζ’,
1578 414 1682 461 Ῥω-

191 496 328 552 μαίων
355 494 550 551 βασιλεὺς
574 491 804 551 ὄρθόδοξος
833 491 1025 549 Τιβέριος
1051 489 1119 547 ἔτη
1148 488 1201 534 δ’.
1269 484 1321 545 ἦν
1342 489 1387 532 δὲ
1409 487 1484 544 τὴν
1506 492 1580 531 τοῦ
1598 485 1683 530 σώ-

191 583 324 621 ματος
356 563 594 622 ἀναδρομὴν
628 563 805 615 τέλειος,
841 560 1071 617 εὕστηθος,
1106 557 1338 615 εὖόμματός
1371 576 1416 602 τε
1446 560 1514 601 καὶ
1548 558 1716 614 ὀλίγον5

138 645 170 681 D
196 633 453 692 ὗπόγλαυκος
464 667 476 685 ,
513 632 672 688 ξανθὴν
694 631 797 688 ἔχων
819 631 893 687 τὴν
914 632 1035 689 τρίχα
1054 635 1130 687 τῆς
1154 633 1337 688 κεφαλῆς
1359 629 1428 671 καὶ
1449 627 1496 670 τὸ
1519 628 1685 684 γένειον,

193 705 337 756 λευκὸς
356 705 430 759 τὴν
445 702 594 760 χροιὰν
613 704 680 745 καὶ
702 701 749 745 τὸ
770 699 992 760 πρόσωπον
1024 698 1231 757 ἀνθηρός,
1267 698 1430 756 ἀγαθὸς
1458 700 1526 740 καὶ
1555 715 1684 754 μεγα-

193 773 381 829 λόψυχος
418 776 474 823 εἷς
503 770 751 829 ὑπερβολήν.
819 768 968 815 τούτου
1003 768 1250 821 ἀνελθόντος
1270 771 1313 812 ἓν
1335 772 1394 827 τῷ
1416 768 1567 826 ἱππικῷ
1590 767 1684 811 ἀνέ-

194 847 350 902 κραξαν
380 843 433 887 τὰ
462 842 568 899 με’ρη
593 839 775 897 αἴδωμεν
796 840 948 896 ἴδωμεν
966 840 1041 896 τὴν
1060 840 1310 896 Αὐγοῦσταν
1329 836 1590 893 Ῥωμαίων.”
1662 834 1684 878 ὅ

194 915 241 957 δὲ
270 910 474 969 ἐδήλωσεν
501 910 560 968 “0‘7'
591 911 759 970 ἀντικρὺ
792 915 868 954 τοῦ
899 911 1099 966 δημοσίου
1131 913 1306 967 λουτροῦ
1335 907 1588 964 Διηγιστὲως
1617 906 1684 950 ε’κ-
1697 914 1742 950 10

194 984 341 1039 κλησία
363 980 582 1038 ὃμώνυμός
602 982 688 1025 ἔστι
707 985 760 1040 τῇ
778 978 1050 1038 Αὖγούστῃ.”
1124 977 1368 1037 εὐφήμησαν
1401 972 1472 1021 οὖν
1501 976 1554 1020 τὰ
1581 977 1685 1034 με’ρη

189 1051 497 1103 αἈναστασίας
526 1050 775 1108 Αὖγοῦστης
811 1051 945 1094 πολλὰ
982 1050 1036 1093 τὰ
1065 1048 1183 1105 {hy-’²
1255 1047 1282 1105 ἦ
1316 1048 1362 1092 δὲ
1389 1048 1527 1105 Σοφία
1556 1044 1583 1102 ἧ
1611 1051 1686 1090 τοῦ

190 1121 409 1167 Ἰουστίνου
438 1123 539 1179 γυνὴ
570 1120 722 1179 ἐπλήγη
752 1121 827 1177 τὴν
856 1118 1021 1176 ψυχήν·
1056 1119 1105 1163 οὗ
1132 1119 1213 1177 γὰρ
1236 1117 1325 1176 ᾔδει
1345 1116 1448 1172 ἔχειν
1468 1116 1593 1160 αὐτὸν
1611 1133 1687 1173 γυ-

194 1199 338 1246 ναῖκα,
374 1194 442 1236 καὶ
467 1193 538 1235 διὰ
560 1197 681 1235 τοῦτο
709 1188 1024 1249 προσεφιλιώθη
1060 1189 1173 1248 αὐτῷ
1201 1187 1281 1231 ὑπὸ
1308 1188 1564 1239 Ἰουστίνου,
1598 1187 1688 1229 πεί-

194 1279 306 1307 σασα
330 1262 455 1306 αὐτὸν
474 1262 764 1319 προβαλέσθαι
786 1262 841 1312 εἷς
858 1261 1034 1316 βασιλέα
1059 1260 1273 1317 Τιβέριον,
1306 1257 1538 1313 βουλομένη
1559 1259 1687 1313 γῆμαι
1701 1263 1742 1300 15

48 1340 79 1376 Ρ
102 1340 173 1379 393
195 1333 321 1376 αὐτὸν
342 1334 410 1376 καὶ
430 1338 566 1388 μεῖναι
582 1332 823 1388 Αὖγοῦστα.
892 1328 1046 1385 ταύτην
1065 1330 1110 1389 δὲ
1128 1327 1330 1385 κατήγαγε
1353 1328 1545 1385 Τιβέριος
1567 1329 1621 1378 εἷς
1640 1325 1688 1370 τὸ

191 1401 391 1446 παλάτιον
415 1405 497 1445 τῶν
518 1404 687 1459 Σοφιῶν
697 1434 711 1453 ,
742 1398 935 1451 κελεύσας
954 1397 1293 1457 κουβικουλάριον
1309 1399 1377 1441 καὶ
1396 1395 1558 1455 ἑτέρους
1576 1396 1690 1447 τινὰς

192 1471 292 1517 εἶναι
324 1475 382 1523 εἷς
407 1470 632 1528 ὑπηρεσίαν
654 1471 783 1526 αὐτῆς
804 1471 872 1513 καὶ
895 1472 1101 1528 διατηρεῖν
1126 1467 1267 1525 αὐτήν.
1337 1467 1455 1523 ἐτίμα
1485 1468 1528 1510 δὲ
1562 1466 1690 1521 αὐτὴν

190 1543 264 1587 ἴσα
282 1541 412 1601 μητρί
414 1574 428 1594 ,
465 1546 594 1584 ποιῶν
613 1546 753 1584 πᾶσαν
772 1541 999 1598 θεραπειάν
1021 1539 1161 1594 αὐτῆς.
1228 1538 1439 1594 γενεθλίου
1459 1537 1503 1580 δὲ
1523 1537 1689 1579 ἱππικοῦ

190 1612 408 1670 ἀγομένου,
429 1613 498 1654 καὶ
514 1616 597 1656 τῶν
614 1615 750 1668 μερῶν
770 1608 1010 1669 φορούντων
1026 1608 1177 1659 στολὰς
1194 1607 1440 1663 σωληνωτὰς
1456 1607 1536 1649 ἀπὸ
1554 1611 1684 1661 βλατ-
1698 1616 1742 1651 20

189 1684 279 1726 τιόυ
303 1683 415 1733 ὀξέος
434 1683 503 1724 καὶ
518 1678 739 1736 χλαμύδας
756 1681 1045 1738 παραπλησίας
1064 1682 1138 1721 τοῦ
1155 1682 1387 1733 βασιλικοῦ,
1415 1676 1564 1719 ἔπαυσε
1586 1674 1686 1718 ταύ-

189 1770 267 1803 τας
299 1757 442 1810 φορεῖν
476 1750 544 1793 διοὶ
578 1751 625 1793 τὸ
656 1749 716 1806 μὴ
749 1751 806 1800 εἲς
834 1749 1031 1805 ἀκαίρους
1050 1749 1193 1805 χρείας
1216 1749 1486 1789 δαπανᾶσθαι
1509 1746 1562 1788 τὰ
1581 1743 1689 1802 χρή-

194 1839 331 1877 ματα,
367 1818 512 1878 ὁρίσας
542 1819 827 1870 διδακτυλίους
856 1818 981 1876 ὄρνας
1005 1818 1047 1860 ἓν
1073 1823 1164 1868 ταῖς
1186 1820 1353 1867 στολαῖς
1374 1802 1510 1859 αὗτιίὶν
1529 1814 1689 1871 κόσμου

292 1917 338 1954 14
360 1914 441 1952 ἐπὶ.
431 1916 450 1942 ⁹

197 2009 262 2034 suo
286 1996 400 2044 ipsius
423 1995 501 2031 filio
522 2007 643 2031 necem
666 1994 859 2031 intulisset.
907 1994 1110 2051 patriarcha
1130 1993 1314 2031 mulierem
1337 1996 1374 2030 et
1395 2005 1543 2042 puerum
1571 1992 1694 2040 bapti-

195 2044 318 2088 zavit,
343 2044 438 2079 illam
458 2043 684 2088 monacham,
711 2044 804 2078 hunc
826 2043 993 2078 lectorem
1017 2043 1119 2078 fecit.

291 2092 393 2125 Anno
417 2089 536 2125 mundi
561 2091 672 2135 6071,
699 2102 721 2124 a
743 2090 853 2125 natali
877 2089 1013 2125 Christi
1036 2090 1122 2135 577,
1147 2089 1343 2124 Romanum
1363 2087 1550 2134 imperium
1571 2098 1694 2122 susce-

195 2137 253 2183 pit
275 2137 446 2173 Tiberius
472 2137 707 2182 orthodoxus,
731 2136 917 2182 tenuitque
942 2148 1052 2172 annos
1075 2136 1112 2171 4.
1160 2136 1230 2171 suit
1250 2135 1344 2171 iusta
1366 2135 1526 2190 corporis
1545 2139 1694 2179 statura,

193 2185 327 2220 decoro
352 2189 498 2230 pectore
524 2189 560 2218 et
585 2184 719 2229 oculis,
746 2183 863 2238 iisque
885 2183 1137 2229 aliquantulum
1161 2182 1313 2228 caesiis,
1338 2181 1498 2218 caesarie
1522 2187 1559 2216 et
1580 2182 1694 2216 barba

192 2231 317 2276 fulva,
351 2231 472 2276 albus,
505 2236 542 2265 et
564 2230 693 2265 florida
717 2230 824 2266 facie.
874 2231 987 2265 bonus
1012 2230 1101 2275 fuit,
1139 2234 1174 2264 et
1198 2229 1314 2264 animo
1338 2229 1529 2275 insigniter
1551 2239 1692 2273 magno.

193 2277 278 2314 huic
311 2277 542 2312 adscendenti
573 2278 618 2312 de
643 2277 750 2312 Circo
784 2281 910 2333 patres
935 2257 1257 2312 acclamazerunt
1261 2272 1474 2320 videamus,
1509 2274 1694 2311 videamus

191 2325 388 2370 Augustam
411 2320 686 2360 Romanorum.”
733 2325 862 2370 quibus
899 2323 1093 2369 imperator
1126 2323 1313 2369 respondit
1346 2323 1512 2368 templum
1545 2323 1640 2368 quod
1673 2334 1694 2357 e

191 2371 342 2417 regione
378 2376 434 2406 est
466 2371 572 2406 situm
605 2370 738 2418 publici
770 2370 889 2406 balnei
917 2370 1115 2415 Diegistei,
1151 2370 1246 2404 idem
1279 2381 1356 2404 cum
1380 2371 1539 2415 Augusta
1560 2370 1694 2404 habere

191 2424 334 2453 nomen.
380 2418 532 2463 proinde
575 2423 697 2463 partes
739 2417 867 2452 faustis
909 2416 1218 2452 acclamationibus
1260 2416 1470 2451 Anastasiae
1511 2418 1694 2461 Augustae

190 2465 319 2500 multos
344 2465 442 2500 vitae
466 2476 576 2500 annos
602 2469 684 2499 sunt
715 2464 944 2510 comprecati.
993 2463 1153 2510 Sophiae
1189 2462 1361 2508 animum,
1394 2463 1523 2498 Iustini
1547 2463 1691 2509 viduae,

194 2522 238 2545 ea
261 2522 320 2547 res
344 2511 510 2557 perculit.
558 2511 748 2556 ignorabat
781 2511 873 2546 enim
900 2510 1050 2545 Tiberio
1086 2522 1166 2545 esse
1189 2521 1352 2554 uxorem,
1390 2516 1497 2556 atque
1520 2510 1601 2544 ideo
1627 2511 1693 2546 ‹le-

193 2564 374 2594 meruerat
392 2558 584 2603 hominem,
608 2558 745 2592 Iustino
769 2557 990 2603 persuadens
1016 2563 1056 2592 ut
1081 2568 1159 2592 eum
1183 2556 1332 2603 imperio
1353 2558 1581 2602 praeficeret,
1607 2569 1692 2602 spe-

192 2614 278 2638 rans
303 2616 343 2638 se
370 2605 404 2639 ei
427 2611 615 2650 nupturam
640 2610 746 2650 atque
770 2605 962 2650 Augustam
986 2615 1198 2639 mansuram.
1247 2615 1322 2638 eam
1349 2603 1520 2638 Tiberius
1545 2603 1694 2639 deduxit

193 2648 232 2684 in
259 2650 425 2695 palatium
450 2652 629 2706 Sophiae,
663 2651 785 2687 addito
818 2651 1034 2686 cubIculario
1059 2656 1097 2686 et
1118 2650 1197 2685 aliis
1230 2650 1401 2684 ministris
1426 2650 1488 2696 qui
1512 2662 1588 2684 eam
1612 2662 1691 2684 ser-

196 2702 325 2731 varent
344 2705 451 2742 atque
469 2698 701 2733 inservirent.
749 2698 828 2744 ipse
850 2709 926 2732 eam
948 2710 1018 2733 non
1042 2708 1144 2732 secus
1169 2701 1275 2741 atque
1299 2702 1443 2732 matrem
1464 2697 1558 2731 omni
1579 2697 1692 2732 officii

197 2754 331 2786 genere
356 2745 475 2780 coluit.
526 2757 604 2779 cum
629 2750 746 2780 autem
771 2744 969 2779 natalitium
993 2748 1158 2791 equestre
1186 2747 1364 2777 certamen
1387 2749 1571 2788 ageretur,
1607 2756 1694 2789 par-

197 2794 324 2833 tesque
364 2797 547 2834 gestarent
587 2792 697 2826 stolas
735 2791 962 2836 imbricatas,
1001 2803 1107 2826 succo
1149 2789 1285 2824 narium
1324 2801 1503 2836 purpurae
1540 2791 1693 2825 infectas

198 2834 472 2889 chlamydesque
495 2838 745 2883 imperatoriae
768 2837 962 2883 assimiles,
986 2835 1171 2885 prohibuit
1193 2847 1311 2870 earum
1337 2848 1455 2882 usum,
1477 2849 1524 2871 ne
1543 2837 1694 2882 pecunia

199 2880 452 2928 intempestive
474 2885 746 2932 prodigeretur,
778 2884 988 2932 definiitque
1010 2890 1051 2921 ut
1074 2894 1180 2921 ornas
1203 2884 1443 2920 tantummodo
1466 2884 1614 2920 duorum
1637 2883 1693 2919 di-
