1742 3184
392 162 794 214 HISTORIARUM
827 168 1221 214 COMPENDIUM.
1453 169 1549 218 151

70 286 152 326 τῶν
173 283 209 326 εἲ
225 280 286 337 μὴ
303 280 530 340 Ἀβιάθαρ
551 282 640 334 υἱὸς
653 282 904 339 Ἀβιμέλεχ,
940 283 1083 342 φυγῶν
1098 283 1203 342 πρὸς
1218 282 1374 339 Δαβίδ.
1441 282 1545 342 αὕτη
1567 296 1600 332 D

69 356 144 395 τοῦ
167 352 308 394 Σαοὺλ
330 349 358 408 ἦ
378 354 596 410 μιαιφονία
620 350 784 395 πάντων
803 358 885 396 τῶν
909 352 1044 396 ἄλλων
1066 352 1373 411 ἁμαρτημάτων
1401 354 1549 398 δυσσε-

69 421 258 478 βεστίρα.
325 422 395 464 καὶ
420 422 492 465 τὸν
512 422 588 478 μὲν
607 420 752 478 ”Λγαγ
780 423 968 474 διέσωσε,
1002 424 1071 465 καὶ
1101 421 1234 466 πάντα
1257 422 1336 467 ὅσα
1359 416 1410 479 ἦν
1434 421 1548 475 ἀξιό-

71 504 219 545 κτητα·
254 495 328 533 τοῦ
360 490 405 533 δὲ
437 495 580 546 θυμοῦ
604 489 858 547 κεκινηκότος
893 492 990 543 τοὺς
1021 493 1277 550 τριακοσίους
1301 489 1550 548 πεντήκοντα

38 559 191 617 ὄὶερεῖς
222 561 290 602 καὶ
319 563 458 603 πᾶσαν
488 559 563 616 τὴν
588 558 706 604 πόλιν
735 560 966 619 αὔτανδρον
995 562 1218 620 διέφθειρε.
1283 560 1480 613 πολλάκις
1503 563 1550 605 δὲ

71 626 337 672 καταδιώκων
362 628 436 672 τὸν
467 627 700 687 πραότατον
716 629 859 685 Δαβὶδ
881 629 902 673 ὁ
927 630 1305 689 ἀπανθρωπότατος
1325 631 1549 683 Σαοὺλ,ει’ς

67 698 380 755 χεῖρας-Δαβὶδ
409 696 520 750 ἅπαξ
547 700 613 741 καὶ
643 701 706 750 δὶς
734 700 1001 754 ἐμπέπτωκε..
1046 700 1105 757 μὴ
1132 701 1428 752 ἀνταποδιδοὺς
1453 701 1498 744 δὲ
1523 698 1545 743 ὃ

71 768 215 821 Δαβὶδ
246 767 358 826 αὐτῷ
389 767 516 811 κακὸν
547 769 636 812 ἀντὶ
667 773 796 812 κακοῦ
822 774 980 824 μᾶλλον
998 769 1107 827 ἔλεγε
1125 770 1227 827 πρὸς
1245 769 1368 814 αὐτόν
1387 768 1486 813 “‘c'va
1504 769 1548 813 τί

69 834 333 888 καταδιώκεις
349 841 519 892 βασιλεῦ’
538 842 678 892 λαβεῖν
695 838 770 892 τὴν
787 837 927 894 ψυχήν
944 857 1025 894 μου
1036 859 1051 894 ‚-
1079 838 1242 882 δικάσαι
1263 838 1402 897 κύριος
1420 840 1545 895 με’σον

15 911 60 947 10
70 904 231 962 ἦμῶν.”
300 908 369 949 καὶ
389 905 411 949 ὃ
432 908 506 961 μὲν
528 905 638 958 οἶκος
657 908 799 962 Δαβὶδ
817 907 1028 967 ἐπορεύετο
1045 910 1112 952 καὶ
1132 910 1416 967 ἐκραταιοῦτο,
1452 906 1474 951 ὃ
1497 904 1543 952 δὲ
1564 919 1594 954 Ρ
1617 919 1665 955 86

69 974 178 1026 οἶκος
201 975 342 1018 Σαοὺλ
360 974 572 1034 ἐπορεύετο
595 979 662 1019 καὶ
687 978 864 1032 ἠσθένει.
933 980 1000 1020 καὶ
1027 978 1206 1021 ἀπέθανε
1228 978 1368 1021 Σαοὺλ
1389 979 1432 1021 ἓν
1452 985 1543 1030 ταῖς

68 1044 255 1101 ἀνομίαις
273 1045 412 1098 αὐτοῦ,
443 1048 650 1096 τοξευθεὶς
665 1045 744 1089 ὑπὸ
764 1051 845 1090 τῶν
861 1045 1105 1105 ἀλλοφύλων
1126 1049 1182 1098 εἷς
1198 1047 1250 1091 τὰ
1269 1046 1540 1104 ὑποχόνδρια·

66 1116 136 1158 καὶ
167 1114 225 1170 μὴ
254 1113 527 1170 ἀποθνήσκων
558 1116 683 1167 αὐτὸς
715 1116 872 1173 γέγονεν
899 1116 1220 1175 αὗτοφονευτής,
1255 1116 1453 1160 ε’πιπεσών
1475 1118 1541 1160 ἐπὶ

65 1184 142 1240 ’τὴν
162 1184 372 1243 ῥομφαίαν
395 1185 542 1236 αὐτοῦ,
577 1184 634 1240 μή
659 1203 746 1237 πως
767 1187 1013 1240 ἔμπαίξωσιν
1036 1186 1158 1229 αὐτὸν
1178 1186 1216 1228 οἳ
1234 1184 1474 1244 ἀλλόφυλοι.

14 1258 60 1310 1⁵,
206 1253 335 1297 Μετὰ
364 1254 409 1298 δὲ
435 1254 576 1297 Σαοὺλ
606 1256 841 1308 ἐβασίλευσε
871 1256 1012 1310 Δαβὶδ
1041 1255 1109 1311 ἔτη
1138 1253 1462 1313 τεσσαράκοντα,
1497 1252 1542 1305 ὃς

68 1323 230 1379 ε’ποίησε
251 1323 305 1366 τὰ
324 1321 541 1378 θελήματα
560 1328 635 1366 τοῦ
653 1328 756 1367 θεοῦ
774 1323 926 1378 πάντα,
963 1325 1067 1367 κατὰ
1088 1324 1134 1367 τὸ
1159 1325 1366 1381 εἷρημένον
1394 1318 1543 1381 ιζεὗρον

67 1393 139 1436 τὸν
166 1397 240 1435 τοῦ
263 1392 421 1435 Ἰεσσαὶ
449 1393 588 1447 Λαβὶδ
619 1392 751 1451 ἄνδρα
772 1394 877 1437 κατὰ
898 1394 970 1449 τὴν
988 1395 1160 1451 καρδίαν
1179 1411 1285 1448 μου,
1320 1392 1365 1444 ὃς
1383 1391 1543 1448 ποιήσει

68 1460 202 1506 πάντα
235 1462 288 1504 τὰ
319 1459 537 1517 θελήματά
570 1463 696 1517 μου.”
768 1465 836 1505 καὶ
864 1461 1074 1520 ἐπορεύετο
1105 1464 1244 1518 Δαβὶδ
1273 1460 1544 1519 πορευόμενος

68 1533 137 1574 καὶ
165 1529 508 1588 μεγαλυνόμενος,
544 1534 612 1574 καὶ
636 1530 777 1590 κύριος
805 1531 1098 1589 παντοκράτωρ
1128 1532 1220 1587 μετ’
1253 1532 1393 1574 αὐτοῦ.
1464 1529 1543 1585 εἶχε

2 1606 59 1642 ³20
70 1602 116 1644 δὲ
135 1603 203 1643 καὶ
225 1600 424 1652 δυνατοὺς
445 1600 599 1657 ἄνδρας
619 1602 938 1657 τριακονταεπτὰ
959 1600 1169 1652 τοιούτους
1188 1601 1290 1644 ὥστε
1307 1601 1379 1643 τὸν
1395 1599 1542 1657 μικρὸν
1562 1605 1592 1639 Β

69 1670 204 1714 αὐτῶν
228 1676 356 1713 ποιεῖν
386 1670 490 1728 πρὸς
515 1669 680 1723 ἑκατόν,
715 1670 786 1713 τὸν
818 1671 863 1713 δὲ
890 1671 1018 1726 με’γαν
1046 1670 1150 1727 πρὸς
1172 1671 1344 1724 χιλίους.
1414 1671 1456 1720 ἐξ
1487 1663 1544 1711 ὧν

69 1741 153 1782 ἐστὶ
185 1739 239 1783 τὰ
267 1738 448 1794 ὀνόματα
479 1745 622 1783 ταῦτα.
691 1743 879 1794 Σεβοχᾶ·
914 1734 1033 1790 οὗτος
1067 1739 1237 1790 ἐπάταξε
1262 1738 1332 1781 τὸν
1357 1739 1446 1796 Σέφ
1472 1737 1543 1780 τὸν

67 1815 143 1853 τοῦ
167 1807 325 1866 Ῥαφᾶ,
361 1807 560 1866 ἀπόγονον
592 1813 673 1852 τῶν
705 1808 915 1865 γιγάντων.
980 1809 1195 1852 Ἓλεανιῖν’
1238 1802 1357 1858 οὗτος
1387 1808 1543 1849 ἀνεῖλεν

69 1878 201 1937 ἄνδρα
224 1879 396 1922 δυνατὸν
414 1881 637 1931 Χετταῖον,
675 1873 722 1921 οὗ
744 1874 794 1935 ἦν
814 1879 859 1922 τὸ
884 1877 1004 1931 ξύλον
1026 1883 1099 1921 τοῦ
1125 1876 1297 1935 δόρατος
1325 1875 1380 1927 ὥς
1408 1877 1543 1919 ἀντίον

66 1988 279 2035 superstite,
316 1987 376 2034 qui
398 1988 483 2034 fuga
507 1988 551 2022 ad
573 1988 749 2022 Davidum
771 1992 949 2023 evaserat.
995 1987 1033 2022 id
1053 1986 1278 2033 parricidium
1303 1985 1405 2020 Sauli
1429 1984 1545 2020 omnia

66 2034 206 2080 flagitia.
236 2033 421 2081 impietate
454 2035 649 2080 superavit.
698 2034 830 2081 quippe
854 2034 916 2080 qui
936 2036 1059 2079 Agago
1087 2039 1124 2068 et
1144 2035 1251 2068 rebus
1274 2033 1433 2067 omnibus
1462 2044 1546 2077 pre-

67 2081 171 2117 tiosis
196 2081 437 2127 pepercisset,
465 2081 497 2115 is
519 2082 573 2115 ira
596 2087 776 2127 permotus
798 2082 868 2116 350
890 2081 1092 2115 sacerdotes
1114 2081 1307 2124 urbemque
1327 2090 1447 2113 eorum
1470 2089 1547 2112 cum

68 2127 229 2163 omnibus
250 2128 455 2163 mortalibus
476 2127 621 2163 delevit.
670 2127 848 2162 enimvero
865 2127 1169 2162 inhumanissimus
1190 2125 1317 2160 Saulus
1334 2124 1548 2159 lenissimum

66 2175 244 2209 Davidum
271 2175 396 2208 crebro
420 2185 637 2220 persequens
668 2174 776 2208 semel
814 2180 920 2220 atque
953 2174 1080 2208 iterum
1104 2173 1142 2206 in
1166 2173 1241 2206 eius
1263 2182 1384 2206 manus
1404 2169 1545 2205 incidit.

68 2226 206 2255 tantum
238 2226 355 2255 autem
389 2233 410 2255 a
441 2221 643 2266 reponendo
675 2220 847 2255 maleficio
870 2221 987 2256 abfuit
1007 2219 1187 2262 Davfflus,
1219 2222 1260 2252 ut
1283 2229 1403 2262 regem
1427 2216 1547 2263 potius

68 2268 122 2302 ita
146 2267 383 2311 alloqueretur
404 2263 510 2310 “cur‚
536 2279 556 2301 o
575 2279 658 2311 rex,
682 2267 779 2302 vitae
799 2279 898 2302 meae
920 2266 1130 2301 insidiaris?
1164 2264 1339 2310 disceptet
1356 2263 1443 2297 deus
1462 2273 1546 2297 cau-

70 2325 143 2348 sam
168 2309 362 2348 nost-ram.''
409 2324 452 2347 ac
473 2313 603 2348 Davidi
626 2314 766 2359 quidem
789 2314 911 2348 domus
936 2312 1101 2359 paulatim
1124 2311 1258 2353 crevit,
1291 2309 1392 2343 Sauli
1413 2308 1548 2343 familia

69 2366 322 2395 marcescente.
368 2361 515 2394 tandem*
530 2360 656 2395 Saulus
676 2360 715 2394 in
738 2360 811 2395 suis
834 2359 1079 2405 iniquitatibus
1096 2359 1299 2392 immortuus
1318 2361 1395 2399 est,
1421 2368 1443 2390 a
1462 2356 1546 2390 bar-

69 2406 167 2441 baris
190 2406 321 2451 sagitta
342 2405 381 2440 in
403 2405 467 2440 ilia
491 2407 665 2449 confixus3
689 2408 784 2452 quod
803 2407 930 2441 vulnus
952 2417 1029 2439 cum
1050 2411 1195 2439 mortem
1214 2415 1284 2437 nou
1301 2401 1547 2444 accelerasset,

69 2453 150 2499 ipse
172 2453 243 2487 sibi
264 2464 386 2487 necem
410 2453 585 2488 conscivit
602 2453 722 2498 gladio
746 2465 810 2489 suo
832 2453 1057 2497 incumbens,
1082 2463 1127 2485 ne
1151 2462 1173 2485 a
1194 2449 1355 2485 barbaris
1370 2460 1436 2495 per
1453 2447 1547 2483 ludi-

69 2500 184 2534 brium
207 2500 412 2535 haberetur.

162 2546 251 2581 Post
270 2546 414 2581 Saulum
436 2544 595 2582 Davidus
616 2557 726 2591 regno
751 2558 816 2592 per
839 2545 886 2581 40
908 2556 1019 2580 annos
1040 2545 1181 2578 functus
1206 2546 1278 2585 est,
1312 2546 1350 2577 et
1370 2541 1408 2576 in
1432 2539 1546 2585 omni-

69 2593 136 2627 bus
160 2592 267 2639 factis
290 2593 350 2627 dei
376 2592 553 2627 voluntati
585 2594 722 2638 paruit,
757 2593 864 2628 sicuti
890 2592 1058 2636 scriptum
1093 2596 1149 2624 est.
1175 2585 1320 2622 “inveni
1342 2587 1451 2623 filium
1473 2587 1548 2622 Isai

70 2639 266 2684 Davidum,
298 2640 413 2675 virum
438 2651 482 2673 ex
506 2639 611 2673 animi
633 2640 702 2674 mei
723 2639 919 2674 sententia:
954 2639 985 2671 is
1006 2636 1222 2670 voluntatem
1243 2646 1354 2670 meam
1374 2634 1413 2669 in
1435 2633 1548 2668 omni-

71 2686 137 2720 bus
161 2683 411 2732 exsequetur.”
458 2685 573 2720 adfuit
596 2697 680 2731 ergo
704 2687 925 2731 omnipotens
950 2683 1108 2728 havide,
1132 2682 1234 2727 isque
1255 2683 1361 2716 rebus
1383 2680 1549 2716 secundis

73 2736 197 2767 auctus
222 2738 290 2767 est.
337 2732 463 2767 habuit.
483 2738 645 2778 potentes
662 2732 760 2767 viros
777 2732 924 2776 triginta
942 2735 1096 2776 septem,
1123 2740 1269 2775 quorum
1286 2727 1448 2762 minimus
1465 2739 1550 2761 cen-

73 2784 146 2812 tum
179 2778 289 2822 viris,
321 2780 489 2814 maximus
521 2779 616 2813 mille
646 2779 736 2814 viris
763 2783 1040 2824 compararetur.
1097 2787 1142 2810 ex
1172 2774 1227 2810 his
1257 2773 1328 2809 fuit
1354 2774 1550 2817 Sebochas,

74 2824 138 2869 qui
161 2825 319 2871 Sephum
342 2826 489 2872 Raphae
519 2825 628 2860 filium
659 2825 836 2871 percussit
868 2825 914 2858 de
945 2822 1148 2867 gigantibus
1180 2827 1408 2869 prognatum3
1443 2820 1552 2855 Elea-

76 2882 161 2917 nas,
202 2871 265 2918 qui
299 2872 509 2909 Chettaeum
532 2872 646 2908 virum
668 2874 850 2909 robustum
880 2870 1028 2917 stravit,
1070 2868 1168 2905 cuius
1203 2868 1330 2905 hastile
1352 2871 1430 2903 erat
1451 2866 1552 2902 licia-
