1742 3184
177 175 277 221 380
599 225 601 227 ,
661 174 901 220 GEORGII
935 174 1181 219 GEDRENI

176 289 375 348 ἔρριψαν,
422 288 762 347 προαγγέλλοντες
803 287 915 340 ε’ντὸς
950 287 1107 346 ἡμέρας
1134 288 1258 347 ῥητῆς
1287 285 1653 346 ἀπαλλαγήσεσθαι

177 358 302 402 αὐτὸν
338 363 412 402 τοῦ
449 360 559 414 βίον.
627 357 658 418 ὃ
697 359 748 414 δὴ
794 360 864 401 καὶ
903 358 1080 415 γέγονεν·
1116 356 1274 416 ἐσφάγη
1307 359 1386 417 γὰρ
1413 357 1494 402 ὑπὸ
1526 376 1654 417 στρα-

175 431 343 473 τιωτῶν.

318 494 626 546 Οὐεσπασιανὸς
657 494 748 546 υἱὸς
780 494 972 553 Νέρωνος
1011 497 1268 550 ἐβασίλευσεν
1308 493 1376 551 ἴτη
1417 496 1514 539 δέκα
1552 495 1653 552 ἦμέ-

175 584 253 624 ρας
280 565 334 622 η’.
405 563 668 623 αὐτοκράτωρ
698 565 742 608 δὲ
766 565 922 621 γέγονεν
950 566 992 608 ἐν
1016 566 1295 622 Παλαιστίνῃ,
1331 565 1389 608 ἔτι
1418 565 1493 617 τὰς
1518 564 1686 616 πόλεις-5

34 641 63 676 P
86 644 155 680 217
179 641 262 679 τῶν
295 636 511 678 Ἰουδαίων
542 638 783 691 πολιορκῶν.
852 632 964 685 ὅστις
989 636 1056 678 καὶ
1081 633 1287 690 Ἰώσηπον
1315 634 1387 677 τὸν
1418 636 1656 692 συγγραφέα

176 703 405 762 ὑποχείριον
440 702 674 758 ἐποιήσατο.
742 701 905 759 ἀνήχθη
940 704 984 746 δὲ
1015 705 1057 746 ἐν
1085 702 1220 761 Ῥώμῃ
1255 704 1546 761 ἀναγορευθεὶς
1574 703 1653 747 ὑπὸ

177 779 252 818 τοῦ
283 777 457 831 στρατοῦ
481 771 697 828 βασιλεύς,
723 773 958 816 καταλιπών
980 777 1105 816 Τῖτον
1125 773 1195 816 τὸν
1216 772 1306 815 υἱὸν
1321 773 1448 816 αὐτοῦ’
1465 773 1540 829 τὴν
1556 776 1655 815 Πα-

178 845 385 898 λαιστίνην
413 845 655 900 πολιορκεῖν.
723 846 782 901 τῷ
814 841 963 900 πρώτῳ
995 842 1072 886 ἔτει
1099 843 1407 886 Οὐεσπασιανοῦ
1425 841 1446 885 ὅ
1467 842 1564 893 ναὸς
1581 846 1656 886 τοῦ

180 913 443 956 Καπιτωλίου
469 910 725 970 ἐνεπρήσθη,
755 914 824 955 καὶ
845 917 903 971 τῷ
926 909 955 955 ε’
976 910 1052 955 ε’τει
1073 913 1380 967 οἰκοδομεῖσθαι
1399 913 1502 970 παρ’
1530 912 1657 955 αὐτοῦ
1668 921 1712 956 10

177 982 346 1041 ἤρξατο.

316 1049 433 1095 Μετ’
472 1048 782 1093 Οὐεσπασιανὸν
810 1054 933 1101 Τῖτος
972 1048 994 1093 ὃ
1027 1049 1116 1101 υἱὸς
1144 1049 1271 1093 αὐτοῦ
1298 1050 1558 1105 ἐβασίλευσεν
1586 1048 1654 1105 ἔτη

179 1121 287 1178 τρία.
357 1113 476 1170 οὗτος
502 1123 712 1177 πολιορκεῖ
733 1119 786 1162 τὰ
809 1118 1106 1178 Ἱεροσόλυμα,
1141 1121 1209 1162 καὶ
1239 1119 1313 1175 τὴν
1344 1118 1461 1163 πόλιν
1489 1121 1556 1162 καὶ
1586 1120 1656 1162 τὸν

179 1190 278 1233 ναὸν
309 1191 513 1247 ε’μπιπρᾷ,
549 1188 695 1240 καθώς
720 1186 926 1244 Ἰώσηπος
945 1189 1108 1246 ἱστορεῖ.
1178 1182 1296 1239 οὗτος
1319 1189 1502 1239 ἀπειλαῖς
1519 1189 1586 1231 καὶ
1607 1189 1656 1231 οὗ

178 1260 392 1316 τιμωρίαις
420 1257 516 1309 τούς
539 1256 795 1309 ὑπευθύνους
827 1257 981 1317 ἐφόβει.
1045 1256 1334 1311 βασιλεύοντος
1353 1258 1434 1316 γὰρ
1462 1258 1587 1301 αὐτοῦ
1607 1258 1655 1300 οὗ
1670 1266 1711 1302 15

179 1332 395 1386 παρῆλθεν
422 1325 558 1385 ήμέρα
579 1328 621 1370 ἓν
640 1322 668 1386 ᾗ
688 1326 822 1385 δῶρόν
843 1346 884 1371 τι
902 1332 983 1371 τῶν
1009 1326 1200 1383 ὑπηκόων
1221 1330 1298 1371 τινὶ
1316 1326 1344 1382 ἢ
1363 1328 1589 1385 εὐεργεσίαν
1608 1327 1657 1370 οὗ

125 1415 155 1449 B
181 1397 395 1454 παρέσχεν.
462 1396 569 1453 ἔλεγε
591 1397 670 1454 γὰρ
692 1398 893 1453 βασιλέως
914 1395 1013 1440 εἶναι
1036 1396 1200 1453 γνώμην
1221 1397 1267 1440 τὸ
1291 1397 1506 1455 εὐεργετεῖν
1529 1398 1597 1439 καὶ
1616 1397 1659 1439 ἓν

179 1474 270 1518 ταῖς
300 1465 505 1522 αι’τήσεσιν
540 1465 758 1523 εὗεπήκοον
784 1465 897 1510 εἷναι.
965 1465 1120 1517 πάντας
1150 1468 1193 1509 δὲ
1223 1467 1321 1518 τοὺς
1348 1465 1659 1523 ἐντυγχάνοντας

181 1539 294 1595 αὐτῷ’
313 1536 576 1590 αἰτουμένους
593 1554 633 1579 τι
651 1536 882 1580 συνετίθετο
904 1533 927 1578 ὅ
948 1553 987 1578 τι
1006 1538 1073 1578 καὶ
1090 1535 1318 1590 βούλοιντο.
1368 1537 1440 1578 καί
1456 1553 1562 1586 τινος
1578 1540 1658 1579 τῶν

180 1604 377 1661 συνήθων
411 1604 690 1662 ἐρωτήσαντος
717 1603 844 1648 Ἵίτου
875 1604 997 1661 χάριν
1030 1610 1149 1648 τοῦτο
1185 1611 1336 1656 ποιεῖς,
1379 1603 1574 1656 πολλάκις
1597 1605 1714 1661 μὴΞο

181 1677 391 1731 ἐκπληρῶν
412 1674 487 1724 τὰς
508 1673 806 1729 ὖποσχέσεις;”
837 1672 1044 1717 “abdira”
1080 1672 1185 1717 εἶπεν
1206 1672 1227 1716 ὅ
1250 1678 1373 1725 Τῖτος
1399 1672 1512 1716 “cina
1533 1678 1657 1729 βασι-

182 1745 282 1794 λε’ως
303 1745 368 1786 δεῖ
381 1742 630 1799 σκυθρωπὸν
650 1743 1012 1797 ἀποπέμπεσθαι.”
1084 1737 1238 1794 οὗτοςὸ
1260 1748 1383 1795 Τῖτος
1401 1743 1489 1804 ὥρα
1509 1745 1659 1801 θέρους

181 1812 416 1870 πανήμερον
453 1810 729 1869 ὁδοιπορήσας
768 1814 836 1854 καὶ
877 1811 1186 1869 αἱμορραγήσας
1220 1813 1290 1855 διὰ
1317 1818 1398 1856 τῶν
1423 1812 1658 1871 μυκτήρων,

180 1881 259 1925 ὑπὸ
291 1881 406 1937 ἡλίου
438 1898 478 1924 τε
508 1884 701 1939 φλεχθεὶς
732 1883 799 1924 καὶ
831 1880 937 1923 πάνυ
968 1880 1299 1937 λειποθυμήσας,
1336 1881 1392 1925 ἔτι
1420 1883 1658 1937 ε’,ιιπνεόντος

183 2039 312 2074 cedere
335 2036 451 2072 iussit.
500 2041 607 2081 atque
630 2034 657 2069 ii
679 2034 832 2071 libellum
852 2041 1078 2082 sparserunt,
1105 2049 1174 2083 qno
1201 2037 1252 2072 illi
1272 2039 1377 2073 finem
1398 2037 1495 2072 vitae
1514 2037 1558 2072 ad
1577 2050 1657 2072 cer-

182 2091 255 2119 tum
289 2093 425 2129 tempus
461 2081 727 2127 praedicebant.
782 2094 886 2129 quam
926 2083 1203 2130 praedictionem
1242 2084 1358 2120 exitus
1400 2084 1657 2130 comprobavit,

181 2131 325 2166 Vitellio
352 2143 374 2165 a
397 2129 566 2165 militibus
590 2129 721 2163 occiso.

274 2175 517 2223 Vespasianus
541 2175 697 2210 Neronis
720 2175 813 2211 filius
839 2187 948 2211 annos
972 2176 1113 2222 decem,
1138 2177 1215 2212 dies
1240 2182 1319 2212 octo
1343 2177 1544 2224 imperavit.
1592 2177 1659 2212 im-

181 2224 318 2270 perium
356 2222 391 2258 ei
424 2222 576 2257 delatum
611 2227 667 2256 est
698 2221 736 2256 in
767 2221 992 2267 Palaestina,
1027 2224 1141 2258 adhuc
1173 2224 1382 2258 Iudaeorum
1415 2225 1520 2259 urbes
1545 2235 1659 2270 oppu—

180 2269 319 2315 gnanti.
366 2269 397 2303 is
421 2269 610 2314 Iosephum
633 2267 839 2303 historicum
863 2268 971 2316 cepit.
1019 2271 1164 2304 Romam
1184 2270 1433 2315 proficiscens,
1469 2282 1546 2304 cum
1565 2274 1661 2305 esset

183 2319 230 2352 ab
266 2315 424 2351 exercitu
456 2314 648 2360 imperator
681 2315 899 2360 declaratus,
938 2315 1059 2351 Titum
1083 2317 1128 2350 ad
1152 2316 1277 2351 bellum
1301 2316 1339 2351 iu
1362 2317 1564 2351 Palaestina
1596 2329 1659 2361 ge-

182 2364 328 2398 rendum
361 2361 519 2406 reliquit.
568 2361 681 2407 primo
711 2361 926 2407 Vespasiani
958 2373 1049 2397 enno
1082 2362 1246 2408 templum
1270 2363 1506 2409 Capitolinum
1525 2363 1659 2398 confla-

182 2409 322 2455 gravit,
346 2414 382 2443 et
405 2407 528 2453 quinto
553 2419 644 2442 anno
666 2406 704 2441 id
725 2408 873 2443 reficere
898 2408 976 2454 ipse
1000 2409 1132 2455 coepit.

277 2454 497 2501 Vespasiano
521 2454 694 2489 successit
715 2455 808 2490 filius
833 2454 959 2500 Titus,
986 2454 1245 2501 imperavitque
1273 2468 1383 2491 annos
1409 2461 1496 2491 tres.
1544 2455 1576 2490 is
1597 2468 1660 2490 ex-

183 2501 356 2548 pugnavit
379 2500 649 2547 Hierosolyma,
686 2503 879 2546 urbemque
903 2507 940 2535 et
962 2502 1126 2547 templum
1150 2502 1320 2537 incendit.
1368 2502 1400 2536 is
1430 2501 1553 2548 minis,
1590 2514 1659 2536 non

184 2547 369 2593 suppliciis
403 2553 523 2582 sontes
557 2548 730 2583 terrebat.
778 2547 871 2582 nulla
904 2547 979 2582 dies
1006 2561 1047 2584 eo
1072 2548 1267 2593 imperante
1296 2548 1386 2583 abiit
1408 2560 1478 2594 qua
1501 2560 1571 2582 non
1594 2549 1660 2583 ali-

185 2606 289 2640 quem
309 2593 527 2629 subditorum
548 2595 639 2629 dono
671 2600 732 2628 aut
759 2594 931 2629 beneficio
956 2594 1072 2640 aliquo
1097 2595 1276 2630 afficeret:
1310 2596 1430 2630 dicere
1453 2595 1544 2630 euim
1566 2596 1660 2630 sole-

186 2642 248 2674 bat
281 2639 417 2684 regium
449 2651 530 2675 esse
560 2640 774 2675 benefacere
807 2645 845 2675 et
877 2641 1041 2686 precibus
1074 2641 1177 2676 facile
1209 2652 1377 2676 annuere.
1426 2641 1575 2675 omnium
1599 2641 1660 2687 qui

186 2686 302 2731 ipsum
331 2686 581 2732 compellarent
609 2686 842 2732 petitionibus
874 2689 1064 2722 annuebat.
1113 2694 1150 2722 et
1177 2700 1253 2723 cum
1278 2687 1417 2732 quidam
1438 2688 1661 2722 familiarium

185 2738 455 2778 percontaretur
478 2744 541 2768 cur
564 2733 603 2768 id
625 2733 782 2779 faceret,
815 2745 891 2768 cum
923 2740 1039 2769 tamen
1063 2746 1172 2780 saepe
1198 2735 1369 2780 promissa
1395 2747 1465 2769 non
1485 2734 1660 2793 impleret,

188 2777 373 2823 respondit
407 2774 516 2823 “quia
547 2781 591 2815 ab
622 2779 837 2825 imperatore
867 2792 967 2814 nemo
991 2781 1107 2826 *debet
1139 2786 1291 2814 moestus
1323 2776 1532 2815 discedere?
1603 2779 1661 2814 hic

189 2823 295 2859 Titus
324 2835 400 2857 cum
433 2830 569 2860 aestate
597 2831 709 2860 totum
741 2826 834 2861 diem
869 2826 939 2861 iter
969 2826 1137 2869 fecisset,
1171 2827 1275 2872 eique
1299 2827 1444 2872 sanguis
1469 2837 1533 2872 per
1559 2838 1662 2860 nares

191 2869 389 2916 erupisset,
414 2875 520 2915 atque
543 2883 566 2908 a
590 2872 665 2908 sole
689 2878 787 2909 ustus
815 2872 853 2908 in
881 2873 987 2909 animi
1010 2873 1201 2920 deliquium
1221 2873 1426 2919 incidisset,
1450 2873 1563 2909 adhuc
1585 2873 1662 2919 spi-
