1742 3184
388 200 786 253 HISTORIARUM
821 207 1217 255 COMPENDIUM.
1451 210 1551 257 237

66 324 114 369 τὸ
132 324 418 383 Σαρακηνικόν
431 323 587 380 ”Εμετ,
631 323 822 368 κάκεῖθεν
843 322 910 367 ἐπὶ
930 325 1142 382 Τρίκωμιν
1162 328 1237 380 τῆς
1255 326 1553 381 Παλαιστίνης.
1586 339 1592 346 ’

66 396 133 438 καὶ
161 394 213 451 δὴ
232 394 435 452 Ὀρέστου
455 394 655 449 μανέντος
674 394 712 437 οἱ
735 398 990 452 Τρικωμῖται
1012 393 1119 452 ἱερὸν
1136 394 1242 451 μέγα
1260 399 1313 452 τῇ
1328 393 1554 453 Ἀρτέμιδι

67 466 274 514 κτίσαντες
309 463 451 519 ἠξίουν
496 464 570 519 τὴν
597 463 841 522 Ἰφιγένειαν
848 495 862 517 ,
910 461 967 515 ὥς
1005 464 1151 521 ἱέρειαν
1181 468 1378 519 τιμῶντες
1409 462 1551 520 αὐτήν,

65 531 270 576 θυσιάσαι
286 531 412 590 κόρην
432 534 639 589 παρθένον
657 537 710 591 τῇ
727 537 830 592 θεῷ.
899 534 966 576 καὶ
990 533 1041 590 δὴ
1066 532 1211 590 ἶίγουσι
1231 534 1338 586 νέαν,
1375 533 1547 578 Νύσσαν
1570 552 1601 587 Β

34 601 238 658 5ὀνόματι
248 634 263 655 ‚
296 601 348 658 ἣν
369 604 438 645 καὶ
461 604 681 646 ἐθυσιάσεν
697 603 933 661 Ἰφιγένεια.
1003 605 1072 646 καὶ
1095 601 1250 659 στήλην
1269 607 1432 659 χαλκῆν
1452 602 1553 659 στή-

66 689 210 723 σαντες
235 669 411 715 Νύσσαν
442 671 515 714 τὸν
546 670 671 715 τόπον
707 670 939 727 ὠνόμασαν.
1009 677 1083 716 τοῦ
1112 677 1212 730 γοῦν
1238 673 1443 730 Ὀρέστου
1477 673 1554 724 τὰς

67 742 220 800 φρένας
248 739 526 795 ἀναλαβόντος
554 739 581 797 ἦ
613 741 833 799 Ἰφιγένεια
862 740 963 801 ι’)’ναρ
996 740 1124 795 εἶδεν,
1170 741 1325 801 ἔλαφον
1355 743 1554 799 λέγουσαν

68 811 173 868 αὐτῇ
195 808 331 868 αφύγε
361 810 440 853 ἀπὸ
472 815 546 866 τῆς
564 809 708 869 χώρας
728 809 927 867 ταύτης.”
1000 811 1130 864 εὐθὺς
1158 806 1231 855 οὖν
1261 810 1459 870 φυγόντες
1478 813 1554 868 τὴν

66 878 270 937 παράλιον
289 879 655 935 καταλαμβάνουσι
679 883 977 937 Παλαιστίνην,
1018 883 1209 925 κάκεῖθεν
1231 883 1288 932 εἷς
1309 883 1466 940 Συρίαν
1484 884 1555 925 καὶ

14 959 60 996 10
70 949 116 993 τὸ
138 947 374 994 Μελάντιον
388 948 503 1008 ὅρος.
572 952 641 994 καὶ
660 950 707 994 τὸ
733 950 840 1009 ἱερὸν
863 955 936 1007 τῆς
955 949 1126 1003 εΕστίας
1148 951 1252 995 κατὰ
1275 951 1346 994 τὸν
1364 951 1553 1009 χρησμὸν

69 1016 251 1077 εὗρηκώς
265 1018 469 1076 Ὀρέστης
487 1021 554 1063 καὶ
574 1018 785 1071 θυσιάσας
806 1024 881 1076 τῆς
898 1024 1083 1076 χαλεπῆς
1106 1019 1366 1080 ἀπήλλακται
1389 1023 1555 1076 μανιάς.

67 1086 155 1132 εἶτα
181 1088 252 1132 τὸν
278 1086 485 1146 Ὀρόντην
513 1088 697 1148 περάσας
732 1091 795 1132 ἐπὶ
828 1090 875 1133 τὸ
896 1092 1064 1134 Σιλπιον
1087 1089 1184 1147 ὅρος
1202 1085 1333 1146 ἦλθε,
1370 1091 1555 1142 καὶτοὺς

62 1157 284 1215 Ἀργείους
300 1157 489 1210 Ἰωνίτας
519 1157 576 1211 ὥς
604 1166 806 1216 συγγενεῖς
832 1158 1122 1215 ἀσπασάμενος
1156 1160 1216 1202 δι’
1252 1160 1389 1202 αὐτῶν
1423 1163 1481 1212 εἷς
1505 1160 1553 1204 τὸ

66 1226 270 1286 παράλιον
287 1232 360 1283 τῆς
378 1227 704 1280 Παλαιοπόλεως
724 1227 866 1288 πρῴην
886 1230 1114 1286 λεγομένης,
1143 1234 1216 1272 νῦν
1238 1230 1282 1272 δὲ
1300 1231 1549 1282 Σελευκείας,
1574 1248 1606 1283 c

15 1302 59 1340 15
72 1297 366 1355 παρεπέμφθη.
436 1298 628 1341 κάκεῖθεν
653 1303 754 1341 ναῦν
772 1297 954 1356 εὑρηκὼς
974 1300 1049 1350 ἕως
1062 1297 1269 1350 ιΕλλοῖὃος
1288 1300 1417 1355 διέβη.
1487 1302 1557 1343 καὶ

69 1367 146 1422 τὴν
164 1366 351 1424 ἀδελφὴν
364 1366 591 1425 Ἠλέκτραν
611 1370 669 1419 εἷς
687 1366 820 1424 γάμον
841 1373 901 1426 τῷ
920 1367 1101 1426 Πυλάδῃ
1124 1367 1286 1421 ζεύξας,
1323 1369 1399 1420 ἕως
1418 1368 1557 1412 θανά-

69 1453 143 1479 του
165 1440 240 1491 τῆς
255 1439 337 1479 τῶν
356 1439 571 1492 Μυκηνῶν
587 1437 796 1491 βασιλεύει
812 1436 969 1494 χώρας.
1043 1436 1159 1488 Θόας
1174 1439 1220 1480 δὲ
1238 1435 1328 1481 τότε
1347 1437 1558 1495 τοπάρχης

69 1504 128 1548 ὢν
157 1506 345 1556 Σκυθίας
381 1507 439 1557 εἷς
466 1508 710 1558 καταδίωξιν
733 1507 978 1564 Ἰφιγενείας
1013 1507 1081 1550 διὰ
1113 1507 1159 1550 τὸ
1191 1506 1358 1564 ἄγαλμα
1385 1506 1558 1559 Σκύθας

69 1575 282 1625 πλείστους
303 1574 553 1618 ἀπέστειλεν·
581 1578 664 1619 ἐπεὶ
686 1578 732 1620 δὲ
753 1579 809 1628 εἷς
829 1578 1040 1634 Τρίκωμιν
1062 1575 1253 1629 ἐλθόντες
1272 1575 1433 1631 ἔμαθον
1451 1577 1557 1621 ἀπο-

12 1648 242 1690 2οπλεῦσαι
265 1643 362 1695 τοὺς
382 1646 655 1700 διωκομένους
662 1678 676 1698 ,
711 1647 798 1689 ἐκεῖ
812 1645 986 1701 ἔμειναν,
1014 1647 1083 1689 καὶ
1108 1644 1226 1689 πόλιν
1250 1645 1325 1702 τὴν
1340 1648 1559 1703 λεγομένην

70 1711 334 1757 Σκυθόπολιν
352 1714 691 1771 οἰκοδομήσαντες
709 1716 842 1759 οὐκέτι
860 1714 1138 1773 ὑπέστρεψαν.

209 1785 381 1834 Αἰνείας
401 1785 516 1843 παρὰ
534 1784 776 1841 Διομήδους
798 1787 840 1828 ἐν
861 1787 1086 1846 Καλαβρία
1107 1784 1321 1837 ξενωθείς,
1351 1784 1434 1828 ε’πεὶ
1454 1783 1560 1828 ἀπο-

71 1856 222 1911 φοιτᾶν
239 1852 416 1909 ἔμελλεν,
450 1854 583 1913 ᾐτεῖτο
614 1859 756 1911 λαβεῖν
777 1854 823 1899 τὸ
842 1854 1089 1899 Παλλάδιον
1113 1855 1217 1914 παρ’
1246 1854 1387 1899 αὐτοῦ.
1456 1854 1561 1913 πρὸς

69 2032 114 2068 ad
134 2032 319 2069 Tricomin
342 2033 582 2070 Palaestinae.
629 2034 683 2070 ibi
706 2046 783 2070 cum
809 2034 959 2071 Orestes
981 2035 1132 2079 fureret,
1152 2031 1374 2068 Tricomitae
1397 2043 1561 2078 magnum

68 2079 206 2114 Dianae
237 2081 357 2116 fanum
381 2081 634 2123 condiderunt3
667 2082 983 2128 Iphigeniamque,
1020 2082 1115 2127 quod
1149 2091 1226 2114 eam
1261 2085 1302 2114 ut
1335 2079 1560 2114 sacerdotem

68 2126 302 2171 honorarent,
335 2132 553 2172 rogaverunt
580 2128 634 2162 uti
662 2129 751 2164 deae
771 2129 944 2174 virginem
968 2128 1118 2174 puellam
1142 2125 1350 2161 immolaret.
1399 2126 1559 2160 adduxe—

68 2178 223 2218 runtque
273 2173 396 2208 uellam
419 2174 559 2208 nomine
586 2175 752 2220 Nyssam,
776 2187 879 2222 quam
901 2174 1091 2222 Iphigenia
1114 2172 1264 2208 hostiam
1289 2172 1470 2207 mactavit.
1506 2171 1559 2206 ibi

71 2231 179 2255 aerea
201 2231 242 2254 co
259 2232 362 2255 umna
385 2220 502 2275 posita
524 2221 601 2256 loco
627 2223 771 2266 Nyssae
789 2235 915 2257 nomen
939 2222 1157 2256 indiderunt.
1207 2219 1341 2253 Oresta
1363 2224 1435 2253 tum
1460 2218 1558 2253 sani-

69 2266 137 2301 tati
160 2266 287 2301 mentis
310 2272 490 2312 restituto,
524 2267 712 2313 Iphigenia
734 2281 801 2314 per
823 2269 1031 2304 insomnium
1056 2273 1112 2302 est
1134 2279 1156 2301 a
1180 2276 1288 2300 cerva
1317 2264 1496 2299 admonita
1519 2269 1560 2300 ut

69 2313 161 2348 hanc
184 2318 314 2348 terram
339 2315 496 2358 fugeret.
528 2314 718 2361 statimque
740 2316 919 2361 fugientes
943 2314 1151 2350 maritimam
1174 2311 1409 2346 Palaestinam
1432 2316 1560 2346 tenue-

71 2365 168 2395 runt.
193 2359 278 2395 inde
300 2361 337 2394 in
361 2360 505 2405 Syriam
530 2366 567 2395 et
589 2362 634 2396 ad
658 2369 810 2398 montem
832 2362 1039 2397 Melantium
1063 2360 1174 2395 delati
1199 2363 1292 2401 sunt,
1321 2357 1381 2392 ubi
1407 2357 1559 2393 Orestes

71 2418 118 2442 ex
143 2407 286 2441 oraculo
309 2407 428 2442 fanum
453 2407 586 2442 Vestae
613 2410 795 2455 repperit,
834 2421 876 2444 ac
899 2409 1010 2444 sacris
1037 2412 1203 2453 operatus
1227 2404 1369 2439 difficili
1393 2409 1448 2439 est
1469 2403 1561 2439 libe-

68 2458 168 2488 ratus
190 2452 342 2489 insania.
389 2453 474 2488 inde
493 2454 631 2489 Oronte
649 2456 760 2490 fluvio
785 2456 936 2491 traiecto
963 2455 1007 2490 ad
1026 2453 1177 2499 Silpium
1199 2456 1351 2486 montem
1375 2450 1561 2497 pervenit3

70 2499 302 2546 salutatisque
330 2500 459 2535 Ionitis
493 2500 638 2546 Argivis
671 2507 795 2549 utpote
826 2500 1037 2548 propinquis
1069 2500 1164 2545 suis,
1202 2499 1246 2532 ab
1278 2497 1323 2532 iis
1352 2498 1396 2532 ad
1419 2503 1561 2543 portum

69 2545 268 2591 Seleuciae,
293 2559 384 2594 quae
405 2546 599 2591 antiquitus
614 2547 838 2595 Palaeopolis
861 2550 931 2583 fuit
953 2548 1142 2591 nominata,
1167 2545 1339 2580 deductus
1363 2555 1562 2590 navemque

68 2592 122 2628 ibi
145 2598 269 2628 nactus
292 2594 330 2628 in
356 2594 543 2628 Graeciam
567 2595 776 2631 transmisit.
825 2596 884 2630 hic
906 2595 1040 2630 tradita
1070 2593 1108 2628 in
1131 2590 1389 2627 matrimonium
1413 2590 1562 2626 Electra

71 2650 137 2674 sua
159 2651 283 2675 sorore
306 2640 454 2685 Pyladi,
490 2640 764 2685 Mycenaeorum
793 2653 939 2687 regnum
971 2652 1083 2686 usque
1115 2639 1160 2674 ad
1184 2638 1282 2672 vitae
1304 2637 1408 2672 finem
1433 2637 1562 2684 gessit.

71 2685 195 2722 Thoas
228 2691 343 2722 autem
378 2686 549 2732 Scythiae
575 2688 717 2733 regulus
751 2696 901 2735 propter
929 2687 1151 2723 simulacrum
1178 2683 1372 2730 permultos
1404 2683 1562 2729 Scythas

71 2732 188 2777 misit,
223 2733 286 2780 qui
307 2734 528 2780 Iphigeniam
564 2741 875 2780 persequerentur.
923 2734 960 2768 hi
984 2745 1061 2768 cum
1087 2730 1271 2767 Tricomin
1297 2730 1560 2777 pervenissent,

70 2780 227 2826 indeque
251 2792 313 2816 eos
335 2791 425 2825 quos
446 2781 726 2826 insequebantur
750 2782 883 2817 abiisse
906 2780 1182 2824 intellexissent,
1216 2777 1269 2813 ibi
1302 2783 1560 2823 remanserunt,

71 2827 244 2872 urbeque,
269 2828 326 2862 cui
344 2827 574 2874 Scythopolis
598 2834 654 2862 est
671 2840 811 2874 nomen,
833 2828 976 2864 condita
998 2827 1136 2862 domum
1158 2823 1298 2861 reversi
1321 2835 1392 2859 non
1415 2829 1512 2859 sunt.

165 2874 306 2908 Aeneas
328 2874 367 2908 in
391 2875 560 2911 Calabria
581 2885 665 2909 usus
689 2875 870 2910 Diomedis
895 2873 1064 2920 hospitio,
1090 2873 1160 2908 iam
1183 2872 1419 2915 discessurus,
1445 2872 1490 2905 ab
1516 2881 1560 2904 eo

71 2919 266 2958 Palladium
288 2920 409 2967 petiit.
456 2921 643 2971 respoudit
664 2921 855 2959 Diomedes
881 2933 927 2959 ex
950 2932 993 2958 eo
1017 2925 1188 2969 tempore,
1215 2930 1286 2968 quo
1307 2917 1459 2966 primum
1482 2928 1562 2954 cum
