1742 3184
190 209 290 258 300
673 210 918 256 GEORGII
948 210 1196 264 GEDRENI

187 328 256 371 καὶ
285 321 487 382 δικτάτωρ
516 322 698 383 ἐκλήθη,
734 325 758 370 ὅ
782 326 867 370 ἐστι
894 324 1126 386 μονάρχης·
1156 313 1357 386 δικτάτωρ
1377 330 1424 375 δέ
1439 330 1548 376 ἐστιν
1564 331 1672 392 ἀρχὴ

189 395 484 447 ἀνυπεύθυνος.
553 395 686 456 τούτῳ
715 397 863 452 ἐτέχθη
888 399 1015 448 ῗππος
1040 398 1129 441 ἀντὶ
1156 396 1283 455 ὁπλῆς
1310 401 1445 456 χηλὰς
1473 401 1576 457 ἔχων
1604 405 1672 446 καὶ

187 467 343 522 μηδένα
363 465 499 524 ἕτερον
520 465 730 522 ἀναβάτην
753 463 970 521 δεχόμενος
989 465 1017 522 ἢ
1041 465 1188 520 αῧτόν,
1225 467 1281 521 ὥς
1305 471 1573 528 Βουκέφαλος·
1594 466 1672 516 ιτὸν

185 536 479 593 Ἀλέξανδρον.
549 529 668 587 οὗτος
700 535 788 587 νέος
818 534 876 580 ὢν
908 536 1044 589 ἔδοξεν
1067 538 1109 581 ἐν
1132 544 1218 589 τοῖς
1236 538 1378 591 ὕπνοις
1397 539 1672 594 συνουσιάζειν

188 610 240 664 τῇ
258 607 343 664 ἰδία
360 605 497 662 μητρί.
1683 620 1705 655 5

320 673 413 717 ’Ότι
463 672 586 724 αὐτὸς
627 671 827 726 Ἰούλιος,
882 671 937 725 ὥς
984 690 1086 733 φησι
1124 673 1421 734 Πλούταρχος,
1473 678 1677 735 μεγίστοις

45 751 75 786 Ρ
101 752 168 788 171
192 743 319 800 ἀγῶσι
360 742 598 800 Γερμανοὺς
632 744 700 785 καὶ
740 740 929 794 Γάλλους
964 746 1033 786 καὶ
1070 747 1325 803 Βρεττανοὺς
1359 746 1675 804 χειρωσάμενος,

187 811 426 870 ὖποφόρους
460 818 546 863 τοῖς
573 810 792 868 Ῥωμαίοις
825 815 1090 866 πεντακοσίας
1119 813 1260 867 πόλεις
1290 817 1527 873 οἰκουμένης
1556 835 1676 861 κατε-

189 881 381 938 στήσατο.
773 897 775 899 ·

318 951 410 994 Ὃτι
442 949 469 1006 ἡ
500 950 655 1007 γαμετὴ
687 951 815 994 αὐτοῦ
839 949 882 993 ἐν
904 955 954 1009 τῇ
977 954 1091 995 νυκτὶ
1115 952 1219 1008 μεθ’
1244 952 1296 1010 ἢν
1319 951 1504 1012 ἐσφάγη,
1539 953 1674 1007 ἔδοξεν
1688 950 1732 999 1'0

190 1019 292 1079 ὃριῖν
312 1021 386 1076 τὴν
407 1021 538 1063 οἰκίαν
560 1021 775 1079 Καίσαρος
797 1022 1130 1075 συμπεπτωκὲναι
1140 1055 1153 1075 ,
1182 1025 1251 1066 καὶ
1274 1023 1400 1066 αὐτὸν
1418 1041 1677 1082 κατατετρω-

190 1091 312 1147 μένον
352 1092 419 1133 καὶ
462 1091 604 1144 αἵματι
645 1088 956 1148 περιρρεόμενον
995 1092 1181 1146 ἐμπεσεῖν
1215 1099 1302 1144 τοῖς
1336 1091 1502 1145 κόλποις
1537 1095 1677 1150 αὐτῆς.

192 1159 323 1218 τούτῳ
355 1160 543 1215 μέλλοντι
573 1158 648 1215 τὴν
681 1159 823 1202 αὔλιον
856 1161 1035 1211 ἐξελθεῖν
1064 1159 1204 1219 θύραν
1236 1162 1498 1222 ἀπερχομένῳ
1534 1164 1598 1205 ἐπὶ
1629 1163 1675 1206 τὸ

192 1228 485 1287 βουλευτήριον
511 1228 627 1272 εἰκών
657 1229 785 1272 αὐτοῦ
810 1233 886 1273 τοῦ
915 1231 1131 1288 Καίσαρος
1160 1233 1374 1289 ἐφεστῶσα
1393 1236 1452 1290 τῷ
1472 1231 1677 1291 προθύρῳ

193 1297 436 1354 αὐτομάτως
463 1298 667 1342 κατέπεσε.
737 1300 810 1341 καὶ
840 1298 943 1356 πρὸς
973 1298 1133 1352 τούτοις
1147 1300 1307 1359 χάρτην
1330 1300 1443 1360 αὐτῷ
1462 1319 1523 1352 τις
1543 1302 1676 1345 ἐπιδέ-
1690 1314 1734 1350 15

194 1371 300 1412 ὁωκε
323 1372 461 1411 πᾶσαν
484 1368 558 1424 τὴν
576 1367 670 1411 κατ’
699 1367 828 1411 αὐτοῦ
846 1370 1126 1426 μελετωμένην
1146 1370 1367 1427 ἐπιβουλὴν
1383 1369 1541 1426 ἔχοντα.
1609 1373 1679 1414 καὶ

193 1440 366 1494 νομίσας
398 1436 499 1480 ἄλλο
533 1455 572 1481 τι
604 1435 706 1481 εἶναι
734 1437 809 1481 οὐκ
841 1438 1042 1495 ἐνέτυχεν,
1078 1440 1183 1482 ἀλλὰ
1221 1440 1408 1491 δεδωκώς
1438 1439 1563 1499 ἑτέρῳ
1597 1458 1680 1500 φυ-

193 1506 353 1551 λάττειν
397 1505 558 1565 ἐσφάγη
599 1505 680 1551 ὑπὸ
719 1505 911 1566 Βρούτου
954 1511 1023 1552 καὶ
1065 1511 1228 1554 Κασίου
1269 1511 1311 1554 ἐν
1354 1514 1413 1570 τῷ
1453 1514 1680 1566 βουλευτη-

140 1592 170 1627 Β
195 1578 294 1636 ρίῳ,
348 1574 509 1635 χρόνων
552 1574 750 1635 ὑπάρχων
797 1575 871 1627 νς’.
941 1575 1195 1636 κληρονόμον
1234 1579 1281 1622 δὲ
1320 1580 1389 1622 καὶ
1427 1579 1552 1622 θετὸν
1591 1580 1682 1623 υἱὸν

192 1647 403 1690 κατέλιπεν
429 1643 650 1701 Ὀκτάβιον
677 1645 750 1689 τὸν
776 1646 866 1689 υἱὸν
893 1645 1076 1700 Ἰουλίας
1101 1649 1176 1704 τῆς
1205 1650 1310 1700 ἰδίας
1344 1649 1550 1707 ἀδελφῆς,
1592 1647 1738 1701 &tog-20

191 1715 346 1774 ἄγοντα
371 1713 438 1766 ις’.

328 1782 549 1839 Ὀκτάβιος
568 1782 815 1841 Αὔγουστος
837 1785 1005 1842 Καῖσαρ
1018 1816 1032 1838 ,
1068 1783 1090 1829 ὅ
1117 1785 1286 1842 ἀνεψιὸς
1303 1787 1505 1840 Ἰουλίας,
1539 1788 1685 1843 ἐβασί-

196 1859 336 1898 λευσεν
365 1853 434 1910 ἔτη
463 1851 536 1904 νς’.
607 1853 686 1911 ἀφ’
723 1848 775 1896 οὗ
798 1853 1036 1911 Αὕγουστοι
1066 1855 1104 1898 οἳ
1131 1855 1349 1912 εΡωμαίων
1368 1862 1553 1911 βασιλεῖς
1571 1856 1682 1901 καὶὸ

195 1925 279 1981 μὴν
307 1923 552 1981 Αὔγουστος
574 1920 754 1980 ἐκλήθη,
788 1923 810 1967 ὅ
830 1925 915 1968 ἐστι
933 1922 1157 1979 σεβαστός,
1186 1928 1393 1978 Σεξτίλιος
1414 1929 1508 1984 πρὶν
1528 1927 1684 1982 ὄνομα·

197 2079 305 2116 etiam
330 2078 502 2125 dictator,
525 2079 629 2126 quasi
650 2091 761 2128 penes
779 2090 882 2161 (inem
905 2090 1012 2115 unum
1033 2079 1145 2116 omnis
1168 2083 1265 2116 esset
1287 2084 1470 2130 potestas?
1493 2085 1549 2118 est
1570 2087 1687 2119 autem

196 2127 376 2163 dictatura
396 2126 624 2172 magistratus
643 2127 770 2163 nullius
801 2127 926 2173 egibus
945 2127 1139 2162 subiectus.
1185 2127 1335 2163 Caesari
1357 2132 1460 2164 natus
1483 2129 1553 2164 fuit
1576 2129 1689 2176 equ'us

196 2173 344 2220 ungulas
367 2174 503 2209 habens
525 2174 653 2219 fissas,
687 2174 888 2220 nullumque
911 2173 1016 2209 alium
1041 2185 1217 2209 sessorem
1241 2174 1452 2221 admittens,
1481 2175 1589 2212 sicuti
1611 2178 1687 2220 Bu-

196 2220 367 2267 cephalus
390 2219 502 2255 solum
522 2220 663 2268 recepit
683 2221 934 2256 Alexandrum.
981 2221 1013 2256 is
1037 2220 1152 2256 adhuc
1174 2220 1315 2256 iuvenis
1339 2233 1406 2269 per
1424 2222 1579 2270 quietem
1600 2223 1689 2260 ima-

197 2268 340 2313 ginatus
364 2271 422 2302 est
443 2279 484 2302 se
507 2278 586 2302 cum
609 2271 721 2303 matre
742 2278 807 2303 sua
829 2267 941 2302 coire.

291 2314 413 2360 Idem,
449 2317 489 2348 ut
514 2314 726 2350 Plutarchus
750 2313 898 2359 scribit,
931 2313 1092 2349 maximis
1114 2313 1259 2360 praeliis
1283 2315 1482 2351 Germanos
1507 2315 1631 2351 Gallos
1655 2320 1693 2352 et

199 2360 392 2396 Britannos
426 2359 580 2406 domuit,
612 2362 790 2408 urbesque
819 2359 1019 2396 hominibus
1051 2361 1259 2408 frequentes
1290 2361 1502 2409 quingentas
1521 2363 1692 2398 Romanis

198 2406 452 2454 stipendiarias
472 2407 624 2452 redegit.

293 2454 351 2488 Ea
375 2458 480 2488 nocte
504 2465 596 2500 quae
619 2454 762 2490 caedem
785 2452 898 2500 ipsius
921 2453 1137 2499 praecessit,
1165 2465 1256 2489 uxor
1278 2466 1344 2500 per
1367 2454 1694 2505 insomnium,vidit

201 2499 340 2534 domum
366 2500 484 2535 mariti
507 2501 563 2535 sui
584 2501 752 2536 Caesaris
774 2510 963 2545 corruere,
997 2500 1183 2547 ipsumque
1212 2501 1330 2535 multis
1350 2502 1549 2536 confectum
1567 2502 1692 2537 vulne-

201 2546 299 2581 ribus
333 2558 376 2581 ac
407 2551 589 2582 cruentum
619 2547 658 2582 in
689 2558 789 2584 suum
823 2546 952 2582 collabi
983 2547 1167 2593 gremium.
1216 2551 1253 2582 et
1287 2559 1365 2582 cum
1395 2547 1473 2593 ipse
1497 2547 1535 2583 in
1559 2549 1692 2584 curiam

202 2591 317 2626 iturus
340 2593 445 2628 ianua
470 2594 553 2628 atrii
575 2594 707 2639 exiret,
729 2594 846 2639 imago
870 2593 947 2628 eius
971 2605 1064 2639 quae
1086 2594 1124 2628 in
1145 2593 1323 2629 vestibulo
1341 2595 1462 2629 stabat
1481 2601 1608 2640 sponte
1626 2607 1693 2631 sua

203 2638 349 2673 decidit.
398 2644 586 2684 praeterea
616 2641 770 2676 chartam
796 2640 830 2674 ei
853 2638 996 2694 quidam
1020 2640 1204 2685 exhibuit,
1240 2640 1279 2674 in
1303 2651 1374 2686 qua
1396 2652 1516 2676 omnes
1542 2654 1633 2687 quae
1657 2642 1692 2677 ei

201 2687 415 2729 parabantur
438 2692 540 2721 erant
563 2687 741 2723 indicatae
764 2686 937 2730 insidlae3
960 2698 1064 2733 quam
1086 2687 1146 2721 ille
1164 2687 1209 2722 de
1229 2687 1297 2721 alia
1318 2698 1358 2721 re
1382 2687 1586 2723 existimans
1611 2700 1693 2723 esse

204 2741 273 2764 non
297 2730 382 2774 legit
395 2757 405 2775 ,
430 2734 493 2767 sed
517 2733 578 2768 alii
600 2735 808 2769 servandam
826 2733 938 2769 dedit.
987 2733 1066 2779 ipse
1087 2733 1124 2768 in
1143 2733 1243 2768 curia
1262 2737 1319 2767 est
1339 2744 1359 2767 a
1377 2734 1488 2769 Bruto
1509 2740 1546 2769 et
1564 2735 1690 2769 Cassio

204 2776 363 2820 occisus,
397 2789 507 2813 annos
541 2784 643 2815 natus
671 2781 731 2816 56.
793 2779 979 2827 adoptavit
1009 2785 1047 2815 et
1077 2780 1244 2815 heredem
1273 2779 1458 2815 coustituit
1488 2781 1690 2826 Octavium,

204 2822 312 2857 filium
340 2823 451 2857 Iuliae
474 2826 608 2860 sororis
632 2838 737 2871 suae,
760 2838 886 2861 annum
909 2833 1073 2872 agentem
1100 2828 1156 2862 16.

298 2869 471 2904 Octavius
494 2871 674 2915 Augustus
697 2873 856 2919 Caesar,
886 2884 1009 2908 sorore
1032 2873 1125 2908 Iulia
1147 2876 1270 2917 natus,
1307 2883 1418 2907 annos
1441 2872 1607 2918 regnavit
1629 2873 1690 2909 56.

205 2915 250 2951 ab
283 2914 352 2950 hoc
382 2916 616 2954 Romanorum
647 2931 752 2965 reges
774 2925 822 2956 *et
853 2919 984 2956 mensis
1016 2919 1165 2956 Sextilis
1190 2918 1343 2965 Augusti
1379 2931 1506 2956 nomen
1543 2920 1689 2955 habent.
