1742 3184
187 164 288 213 630
671 162 914 210 GEORGII
947 162 1196 208 GEDRENI

185 281 308 340 ἓντῷ
327 279 513 338 παλατίῳ
537 275 677 338 γνώμῃ
699 282 772 322 τοῦ
795 277 1020 334 βασιλέως,
1057 278 1244 336 χαίροντι
1263 283 1348 330 τοῖς
1369 279 1670 334 Μανιχαΐκοῖς·

185 350 287 394 ὅθεν
315 352 385 393 καὶ
412 349 556 401 στάσις
585 354 660 393 τοῦ
688 352 793 391 λαοῦ
820 348 956 405 γέγονε
983 347 1156 404 μεγάλη.
1220 346 1449 403 ’Λσχόλιον
1469 350 1518 392 δέ
1531 367 1622 392 τινα
1645 347 1666 392 c‘

183 418 450 470 Μακεδόνιος
469 420 511 462 ἒν
532 418 666 478 ἔχθρᾳ
689 422 834 476 φονικῇ
853 415 1114 473 σπασάμενον
1134 416 1230 460 κατ’
1253 417 1379 460 αὐτοῦ
1396 416 1605 476 μάχαιραν
1624 418 1668 470 ἐξ

182 488 396 545 ὗποβολῆς
421 493 503 532 τῶν
530 486 832 546 ἔχθραινόντων
855 488 1004 542 αὐτῆς,
1040 491 1236 530 τοσοῦτον
1255 487 1406 540 ἀπέσχε
1425 492 1498 530 τοῦ
1519 505 1668 543 μνησι-

183 563 362 614 κακῆσαι
401 557 504 601 ὥστε
540 559 608 599 καὶ
647 557 840 613 μηνιαίας
877 557 989 615 αὐτῷ
1028 554 1211 606 ἀννώνας
1250 557 1472 613 προσέταξε
1502 560 1700 610 λαβεῖν·5
1723 593 1726 596 ,

183 632 317 685 πρᾶος
340 628 417 684 γὰρ
443 621 493 682 ἦν
515 624 536 669 ὃ
562 623 680 684 ἀνήρ.
713 630 834 671 τοῦτο
859 626 904 668 δὲ
925 623 1066 685 πρῴην
1086 628 1153 669 καὶ
1176 627 1232 676 εἷς
1256 625 1486 682 ἱεροσυλίαν
1506 625 1669 682 ἔπραξε.

132 704 165 739 C
189 696 262 740 δύο
294 701 413 740 τινῶν
443 692 812 753 ἀμφισβητούντων
843 694 1071 739 ἐπισκόπων
1095 697 1185 752 περὶ
1207 695 1398 746 πίστεως,
1434 694 1667 752 ὄρθοδόξου

182 767 510 822 καὶ’Ἀρειανοῦ,
558 767 627 808 καὶ
657 770 732 809 τοῦ
763 765 838 821 μὲν
866 765 1075 823 Ἀρειανοῦ
1104 763 1497 814 ὃιαλεκτικοΰόντος
1526 769 1598 807 τοῦ
1623 764 1668 806 δὲ

179 834 411 894 ὃρθοὸόξου
444 834 636 890 εὐσεβοῦς
667 836 735 878 καὶ
764 838 936 888 πιστοῦ,
984 832 1005 877 ὃ
1039 832 1268 891 ὃρθόὸοξος
1299 831 1529 891 προύτεινεν
1562 832 1666 877 ὥστε

179 905 410 963 ἀφεμένους
436 909 518 948 τῶν
545 903 677 961 λόγων
697 905 755 955 εἲς
773 907 855 962 πῦρ
883 906 1094 956 εἰσελθεῖν,
1129 904 1196 945 καὶ
1222 901 1329 946 οὕτω
1355 904 1568 959 δειχθῆναι
1595 903 1666 945 τὸν
1678 910 1724 947 10

178 975 477 1032 εὐσεβέστερον.
530 978 606 1017 τοῦ
624 975 669 1017 δὲ
684 974 896 1030 Ἀρειανοῦ
913 977 1034 1017 τοῦτο
1057 973 1415 1030 παραιτησαμένου
1438 972 1562 1023 αὐτὸς
1582 973 1666 1016 εἰσ-

177 1048 299 1098 ῆλθε,
327 1046 395 1086 καὶ
418 1045 459 1086 ἐν
477 1043 590 1103 μέσῳ
612 1047 687 1086 τοῦ
705 1042 836 1101 πυρὸς
853 1041 1068 1100 ἱστάμενος
1090 1042 1286 1098 διελέγετο
1305 1045 1444 1095 πᾶσιν,
1480 1041 1668 1097 ἀβλαβὴς

177 1111 258 1167 ὑπὸ
281 1117 356 1156 τοῦ
377 1117 481 1155 θεοῦ
504 1111 822 1170 φυλαττόμενος.

323 1186 398 1241 Τῷ
427 1181 475 1235 ιζ’
505 1181 582 1225 ἔτει
613 1183 779 1237 ἐτείχισε
805 1181 852 1225 τὸ
871 1176 1060 1238 Λαράς,·
1072 1179 1228 1237 χωρίον
1254 1176 1301 1222 ὃν
1318 1183 1392 1236 τῆς
1413 1181 1669 1223 Μεσοποτα-

178 1252 279 1306 μίας
298 1251 404 1308 μέγα
426 1253 493 1294 καὶ
512 1250 675 1309 ὀχυρόν,
709 1252 837 1306 μέσον
858 1254 940 1294 τῶν
965 1249 1073 1307 ὅρων
1101 1251 1282 1305 κείμενον
1299 1247 1512 1304 Ῥωμαίων
1531 1266 1573 1292 τε
1596 1251 1663 1292 καὶ
1679 1254 1723 1292 15

179 1323 374 1377 Περσῶν.
443 1323 512 1364 καὶ
534 1322 720 1376 ἐποίησεν
743 1321 958 1376 ἐκκλησίαν
986 1320 1054 1361 καὶ
1082 1317 1206 1376 ὡρεΐα
1239 1321 1306 1365 καὶ
1338 1319 1573 1376 κινστέρνας
1600 1321 1669 1361 καὶ

180 1389 384 1444 ἐμβόλους
402 1392 470 1432 καὶ
493 1389 567 1433 δύο
591 1389 772 1446 δημόσια
792 1387 962 1445 λοετρά,
998 1387 1207 1444 ὀνομάσας
1233 1387 1362 1444 αὐτὴν
1374 1386 1669 1435 Ἀναστασιού-

126 1464 159 1500 D
183 1463 314 1512 πολιν,
350 1461 419 1503 καὶ
442 1459 588 1503 ἴὸωκεν
607 1460 711 1517 αὐτῇ
733 1460 871 1502 δίκαια
888 1457 1060 1508 πόλεως.

324 1533 398 1587 Τῷ
421 1527 457 1572 κ’
479 1529 557 1573 ἔτει
575 1530 796 1587 Δευτέριος
818 1526 839 1571 ὅ
863 1529 1082 1578 ἐπίσκοπος
1098 1531 1179 1570 τῶν
1194 1526 1425 1583 Ἀρειανῶν,
1459 1527 1667 1581 βαπτίζων

177 1598 267 1641 τινὰ
288 1597 516 1656 Βάρβαρον
537 1597 752 1655 λεγόμενον
760 1630 775 1650 ,
809 1596 925 1654 παρὰ
944 1596 1018 1651 τὴν
1040 1595 1281 1651 δεσποτικὴν
1303 1594 1534 1653 παράδοσιν
1550 1595 1724 1639 ‘'uia-20

176 1685 306 1722 μησεν
329 1671 450 1711 εἰπεῖν
471 1666 739 1722 “βαπτι’ζεται
755 1666 983 1725 Βάρβαρος
1001 1667 1057 1716 εἷς
1076 1665 1208 1720 ὄνομα
1229 1664 1397 1722 πατρός,
1418 1667 1477 1707 δι)
1497 1666 1602 1717 υἱοῦ,
1623 1667 1666 1710 ἓν

179 1734 280 1794 ἁγίῳ
297 1736 531 1792 aurificata?
561 1739 628 1780 καὶ
651 1737 778 1787 εὐθὺς
797 1734 1005 1793 ἐξηράνθη
1026 1733 1052 1789 ἡ
1073 1733 1365 1792 κολυμβήθρα,
1386 1732 1406 1777 ὃ
1429 1735 1475 1777 δὲ
1487 1733 1666 1793 Βάρβα-

178 1822 252 1863 ρος
282 1806 468 1869 ἔμφοβος
495 1805 709 1864 γενόμενος
734 1806 858 1864 ἔφυγε
877 1805 947 1848 καὶ
967 1807 1091 1849 πᾶσιν
1111 1802 1301 1862 ἐγνώρισε
1323 1802 1370 1848 τὸ
1389 1807 1553 1859 θαῦμα.
1622 1807 1666 1849 ἐν

175 1981 351 2028 peratoris
391 1983 497 2027 (nam
525 1983 559 2019 is
582 1982 817 2019 Manichaicis
850 1981 952 2028 nugis
977 1981 1246 2026 delectabatur)
1273 1982 1443 2028 quaedam
1466 1987 1667 2019 monstrosa

177 2034 214 2064 et
238 2031 282 2064 ab
306 2030 517 2075 imaginibus
543 2030 796 2066 ecclesiasticis
821 2029 937 2064 aliena
960 2029 1139 2075 pingeret.
1190 2030 1234 2063 ob
1258 2029 1296 2063 id
1319 2040 1445 2074 magna
1469 2030 1591 2075 populi
1610 2035 1666 2065 est

176 2080 299 2110 coorta
330 2076 474 2113 seditio.
524 2078 680 2113 ceterum
703 2076 935 2113 macedonius
960 2082 1093 2110 tantum
1118 2074 1235 2110 abfuit
1258 2082 1298 2110 ut
1318 2075 1477 2110 Ascholii
1500 2076 1666 2111 iniuriam

174 2129 471 2168 persequeretur,
505 2136 527 2159 a
555 2135 624 2170 quo
654 2124 780 2159 stricto
803 2122 921 2168 gladio
946 2123 1064 2156 fuerat
1086 2121 1306 2156 inimicorum
1331 2133 1471 2157 suorum
1495 2122 1667 2157 instinctu

174 2168 327 2213 petitus,
365 2174 404 2205 ut
433 2175 646 2205 menstruam
677 2171 711 2205 ei
743 2181 850 2216 porro
880 2181 1053 2204 annonam
1084 2168 1322 2203 constituerit.
1373 2174 1452 2203 erat
1481 2169 1572 2203 enim
1610 2168 1667 2203 vir

173 2220 388 2253 mansuetus.
449 2221 556 2262 atque
580 2218 703 2252 eodem
726 2227 852 2251 recens
884 2216 988 2250 modo
1015 2214 1224 2260 sacrilegum
1248 2219 1481 2250 tractaverat.
1530 2216 1666 2250 duobus

177 2261 355 2308 episcopis
378 2263 423 2298 de
445 2264 517 2298 fide
541 2262 807 2307 altercantibus,
832 2262 1029 2296 orthodoxo
1055 2268 1093 2296 et
1115 2262 1260 2305 Ariano,
1284 2273 1362 2296 cum
1385 2261 1443 2295 hic
1467 2261 1667 2297 disserendi

174 2307 347 2343 facultate
369 2310 542 2356 polleret,
579 2310 640 2346 ille
671 2310 806 2356 pietate
840 2313 877 2343 et
909 2308 980 2342 fide
1010 2308 1123 2342 fretus
1148 2308 1238 2343 hanc
1266 2308 1400 2345 Ariano
1424 2309 1666 2343 condicionem

176 2353 258 2388 tulit
281 2360 321 2390 ut
344 2357 472 2391 omissa
496 2357 736 2403 disputatione
760 2357 798 2390 in
823 2355 939 2400 ignem
963 2366 1045 2389 sese
1069 2355 1215 2399 darent,
1255 2354 1378 2399 itaque
1401 2362 1480 2389 uter
1507 2354 1664 2399 ipsorum

173 2401 311 2445 pietate
333 2409 552 2448 praestaret,
588 2409 707 2438 notum
730 2403 847 2437 fieret.
895 2405 1083 2436 recusante
1103 2401 1237 2435 Ariane
1266 2401 1345 2447 ipse
1363 2401 1512 2436 intravit
1534 2401 1663 2446 ignem,

176 2453 214 2481 et
237 2452 336 2482 stans
360 2449 398 2484 in
419 2450 534 2485 medio
560 2450 637 2485 eius
661 2450 772 2485 verba
798 2449 845 2483 ad
867 2447 1125 2483 multitudinem
1150 2447 1259 2493 fecit,
1291 2447 1357 2482 deo
1385 2447 1501 2495 ipsum
1523 2448 1664 2483 incolu-

172 2504 262 2528 mem
288 2501 535 2532 conservante.

266 2541 367 2576 Anno
396 2544 440 2578 17
463 2541 670 2577 Anastasius
691 2541 830 2586 Daras,
866 2543 1018 2575 castrum
1043 2539 1324 2586 Mesopotamiae
1358 2551 1521 2585 magnum
1553 2544 1662 2585 atque

173 2585 340 2633 validum,
376 2587 415 2623 in
438 2589 567 2624 finibus
590 2588 741 2623 Romani
765 2599 807 2622 ac
829 2586 968 2622 Persici
991 2587 1132 2633 imperii
1156 2586 1304 2628 muniit;
1342 2587 1586 2632 exstruxitque
1609 2586 1661 2621 ibi

174 2633 338 2678 templum
374 2640 411 2670 et
438 2635 567 2670 horrea
602 2641 638 2669 et
669 2635 843 2669 cisternas
872 2640 909 2668 et
932 2639 1050 2667 rostra
1074 2644 1115 2668 ac
1142 2634 1210 2667 dno
1233 2632 1373 2679 publica
1394 2633 1532 2671 balnea.
1579 2633 1659 2668 loco

173 2678 271 2713 urbis
295 2680 484 2726 privilegia
508 2682 617 2726 dedit,
643 2686 680 2716 et
698 2692 774 2715 eam
795 2679 1086 2725 Anastasiopolin
1110 2678 1318 2714 nominavit.

264 2725 364 2761 Anno
388 2729 434 2762 20
456 2728 646 2763 Deuterius
670 2727 859 2772 episcopus
883 2725 1093 2760 Arianorum
1117 2725 1290 2770 quendam
1309 2725 1449 2760 nomine
1464 2726 1660 2761 Barbarum

171 2769 369 2817 baptizans,
393 2784 498 2810 ausus
515 2780 571 2809 est
586 2780 709 2809 contra
725 2773 923 2808 institutum
939 2771 1072 2807 domini
1095 2772 1148 2807 sic
1172 2772 1292 2806 dicere
1316 2768 1546 2818 “baptizatur
1567 2773 1659 2806 Bar-

170 2815 345 2859 barusin
378 2830 503 2855 nomen
536 2821 647 2867 patris
680 2831 746 2866 per
780 2819 889 2854 filium
922 2818 960 2854 in
993 2818 1123 2864 spiritu
1156 2814 1318 2852 sancto.’'
1364 2819 1410 2853 ad
1433 2830 1524 2864 quae
1548 2819 1660 2853 verba

170 2863 289 2898 statim
321 2864 533 2902 exsiccatum
570 2873 626 2903 est
658 2865 829 2914 baptismi
861 2865 1055 2901 lavacrum.
1112 2869 1150 2900 et
1178 2865 1360 2900 Barbarus
1384 2865 1530 2902 territus
1553 2864 1658 2910 fugit,
