1742 3184
200 171 301 220 210
683 172 924 222 GEORGII
954 175 1200 222 CEDRENI
1232 208 1236 213 ·
1263 184 1278 200 ¹
1316 186 1331 231 ¹,

201 284 320 341 οὗτος
350 287 487 349 ὥσπερ
521 286 640 344 τόξοις
667 288 899 350 πυριφόρον
918 290 1043 347 μέσον
1065 291 1306 351 διαδραμών
1327 292 1488 337 ἅπαντα
1513 286 1682 350 κόσμον,

203 357 416 418 ζωγρήσας
450 362 574 418 πατρὶ
611 359 805 423 προσᾴξει
844 363 994 419 δῶρον.
1079 362 1205 418 αὐτῆς
1233 362 1346 406 ἔσται
1377 362 1504 419 δόμος
1537 359 1681 416 οὗτος·

202 431 357 488 Μαρία
380 429 425 473 δὲ
441 429 622 486 τοῖἰνομα
643 430 806 487 αὗτῆς.”
868 434 1013 478 τοῦτον
1030 431 1101 475 τὸν
1114 432 1365 489 χρησμόνιέν
1385 434 1492 492 λίθῳ
1509 451 1682 498 μαρμα-

200 501 299 558 ρίνῳ
327 499 518 554 χαλκέοις
548 498 762 559 γράμμασι
789 497 1024 557 γράψαντες
1053 503 1109 553 εἲς
1136 502 1182 545 τὸ
1215 506 1288 546 τοῦ
1318 506 1420 546 ναοῦ
1447 501 1683 571 ᾆπέρθυρον

204 568 405 612 ἀνέθεσαν
413 601 430 622 ,.
480 566 572 616 τότε
603 570 679 623 μὲν
705 570 945 621 καλέσαντες
979 570 1052 614 τὸν
1088 569 1197 614 οἶκον
1226 569 1342 623 Ῥέας
1370 572 1526 630 μητρὸς
1556 576 1718 625 θ·εῶν,5

202 637 373 697 ὕστερον
403 639 449 681 δὲ
479 638 543 680 ἐπὶ
565 637 759 694 Ζήνωνος
790 643 862 682 τοῦ
890 640 1093 694 βασιλέως
1121 641 1220 692 ναὸς
1245 645 1319 696 τῆς
1349 639 1466 698 ἆγίας
1486 640 1685 685 θεοτόκου

152 717 184 753 D
207 707 533 763 μετωνόμασταω
600 709 755 751 ἐκεῖθεν
770 709 904 751 τοίνυν
922 709 960 751 οἳ
975 710 1249 766 Ἀργωναῦται
1269 709 1564 768 ἐξορμήσαντες
1574 743 1587 763 ,
1621 713 1688 754 καὶ

207 778 277 821 διὰ
307 781 380 820 τοῦ
405 774 592 819 ἀνάπλου
623 775 866 832 βουλόμενοι
887 781 1123 836 παρελθεῖν,
1159 778 1382 824 ἐκωλύοντο
1406 778 1485 824 ὗπὸ
1509 779 1687 836 Ἀμύκου

207 847 529 904 στρατευομένου
551 846 645 889 κατ’
674 847 820 890 αὐτῶν.
892 846 1070 899 δεδιότες
1101 843 1173 892 οὖν
1202 847 1339 908 κόλπῳ
1365 851 1440 893 τινὶ
1467 850 1595 908 ἀγρίῳ
1620 851 1688 903 καὶ

202 914 383 959 ,ἀλσώδει
403 915 684 973 προσίσχουσι.
755 916 875 960 κάκεῖ
896 917 1094 961 ὃπτασιάν
1121 919 1240 961 θείαν
1269 920 1312 970 ἐξ
1341 920 1518 977 οὐρανοῦ
1550 920 1688 970 αὐτοῖς
1703 923 1742 958 10

208 986 471 1043 ἐπιφανεῖσαν
495 986 537 1028 ἓν
559 985 710 1043 ἀνδρὸς
732 991 916 1045 φοβεροῦ
935 987 1051 1040 εἴδει,
1087 988 1287 1046 πτέρυγας
1305 986 1362 1039 ὥς
1379 990 1497 1032 ἀετοῦ
1516 1006 1691 1047 περικει-

209 1055 361 1110 μένου,
409 1052 661 1109 θεασάμενοι
671 1087 684 1108 ,
732 1054 864 1114 τούτῳ
905 1056 1299 1114 καταθαρρήσαντες
1334 1060 1391 1109 εἷς
1422 1057 1599 1114 πόλεμον
1634 1062 1693 1118 τῷ

202 1121 367 1182 ,Ἀμύκῳ
390 1121 688 1178 συμβάλλουσι.
739 1127 806 1168 καὶ
830 1125 1131 1178 ἀποκτείναντες
1150 1126 1274 1170 αὐτὸν
1297 1126 1460 1171 ἔκτισαν
1479 1119 1521 1170 22«
1540 1133 1598 1187 τῷ
1620 1132 1694 1183 τῆς

211 1192 409 1244 ὀπτασίας
426 1191 539 1252 τόπῳ
563 1192 682 1252 ἱερόν.
753 1196 820 1237 καὶ
842 1195 897 1237 δι’
920 1194 1070 1246 εἰκόνος
1091 1201 1165 1252 τῆς
1187 1196 1325 1248 αὐτοῖς
1347 1195 1570 1254 ὁραθείσης
1588 1215 1693 1255 μορ-

213 1267 295 1322 φῆς
317 1262 363 1305 τὸ
386 1261 603 1318 ἔκτύπωμα
626 1262 984 1319 ἀναστηλώσαντες
1005 1266 1241 1309 Σωσθένιον
1267 1265 1314 1310 τὸ
1340 1266 1452 1324 ἱερὸν
1476 1266 1694 1322 ὠνόμασαν
1706 1276 1742 1311 15

65 1338 96 1374 P
123 1339 191 1375 120
214 1332 284 1375 διὰ
302 1332 348 1375 τὸ
369 1332 411 1374 ἓν
429 1329 561 1390 τούτῳ
583 1331 732 1383 αὐτοὺς
754 1337 957 1389 σωθῆναι.
1003 1339 1124 1378 τοῦτο
1146 1336 1193 1378 τὸ
1216 1335 1322 1393 ἱερὸν
1340 1335 1510 1395 ὕστερον
1532 1334 1553 1380 ὅ
1571 1337 1698 1393 μέγας

213 1402 256 1445 ἓν
284 1405 499 1456 βασιλεῦσι
518 1402 828 1453 Κωνσταντΐνος
857 1404 952 1445 κατ’
988 1403 1088 1461 ὄναρ
1119 1407 1419 1462 χρηματισθεὶς
1443 1407 1697 1462 μετεποίησε,

213 1472 283 1515 καὶ
315 1470 361 1513 τὸ
389 1471 467 1525 μὲν
495 1469 795 1529 θυσιαστήριον
823 1471 926 1528 πρὸς
957 1471 1162 1524 ἀνατολὰς
1185 1472 1287 1531 ὅρᾶν
1307 1473 1509 1528 ἐτύπωσε,
1555 1475 1629 1529 τὸν
1653 1475 1698 1517 δὲ

213 1540 313 1584 ναὸν
341 1544 414 1582 τοῦ
447 1539 697 1596 ἀρχαγγέλου
731 1540 909 1596 Μιχαὴλ
939 1539 1125 1594 ἐκάλεσε,
1174 1547 1312 1586 πᾶσαν
1345 1545 1601 1602 καλλιεργίαν
1629 1545 1698 1587 καὶ

214 1609 500 1667 καρποφορίαν
529 1609 571 1651 ἐν
594 1608 934 1667 αὐτῷτυπώσας.
1002 1611 1107 1666 μετὰ
1138 1612 1183 1654 δὲ
1216 1611 1290 1668 τὴν
1308 1613 1430 1675 Δνίκην
1452 1612 1697 1669 Ἀμύκου.οἶ
1707 1619 1742 1656 2(

209 1678 488 1735 Ἀργωναῢται
518 1678 623 1732 μεθ’
653 1676 907 1735 Ἠρακλέους
945 1679 1010 1722 ἐπὶ
1040 1679 1116 1736 τὴν
1141 1681 1348 1738 Ποντικὴν
1377 1680 1608 1735 θάλασσαν,
1632 1684 1700 1726 ἔκ-

215 1746 460 1797 πλεύσαντες
479 1745 596 1789 πόλιν
616 1748 826 1802 ἐδείμαντο
849 1749 913 1791 ε’πὶ
937 1754 995 1807 τῷ
1013 1754 1087 1793 τοῦ
1102 1747 1354 1808 (Ηρακλὲους
1377 1751 1560 1808 ὀνόματι.
1614 1751 1700 1797 εἶτα

218 1817 288 1860 διὰ
314 1815 360 1860 τὸ
385 1820 567 1875 χρυσοῦν
589 1816 709 1875 δέρας
728 1818 792 1860 ἐπὶ
810 1817 884 1874 τὴν
899 1819 1086 1875 Κολχίδα
1108 1819 1427 1878 διαπεράσαντες
1443 1820 1545 1867 αὐτό
1568 1840 1610 1866 τε
1631 1825 1699 1866 καὶ

441 1947 504 1993 qui
521 1947 620 1984 velut
641 1946 805 1993 igniferis
827 1947 977 1994 impulsa
1000 1949 1130 1995 sagitta
1152 1950 1331 1998 procellis,

442 1994 630 2030 edomitum
650 1995 778 2030 reddet
798 1996 892 2041 patri
915 2006 980 2041 pro
1006 2006 1150 2032 munere
1172 1999 1349 2042 mundum.

404 2060 421 2075 v
440 2038 558 2086 huius,
582 2053 686 2087 quam
711 2041 849 2077 Mariae
871 2054 997 2077 nomen
1019 2050 1148 2090 manet,
1173 2041 1264 2080 alma
1286 2043 1454 2092 genitrix,

444 2093 615 2132 agnoscet
635 2087 803 2134 templum.
825 2089 1017 2135 proprium,
1042 2090 1111 2125 sibi
1133 2091 1203 2127 rite
1227 2091 1394 2128 dicatum.
1694 2126 1699 2131 .

221 2129 292 2167 hoc
321 2130 498 2168 oraculum
529 2134 644 2169 aereis
671 2134 787 2170 literis
810 2134 848 2170 in
871 2146 1022 2170 marmor
1042 2137 1225 2183 impressis
1249 2139 1483 2186 conscriptum
1502 2137 1555 2173 illi
1578 2137 1615 2173 in
1639 2150 1700 2175 su-

222 2189 312 2225 pero
346 2182 471 2224 portae
499 2179 620 2215 limine
642 2186 849 2227 posuerunt.
896 2187 1004 2227 atque
1035 2183 1105 2229 ipsi
1135 2185 1275 2230 quidem
1306 2191 1391 2221 tunc
1422 2186 1545 2221 aedem
1578 2185 1703 2220 Rheae

222 2224 346 2259 matris
369 2224 471 2265 deum
494 2227 670 2270 dixerunt,
694 2228 758 2263 sed
781 2239 824 2263 ea
846 2234 972 2275 postea
989 2229 1135 2265 Zenone
1155 2232 1351 2278 imperante
1373 2232 1536 2278 templum
1558 2237 1703 2268 sanctae

223 2270 284 2306 dei
309 2271 491 2316 genitricis
525 2274 748 2310 denominata
774 2275 856 2310 fuit.
905 2287 949 2309 ex
973 2287 1016 2310 eo
1039 2276 1116 2312 loco
1142 2284 1325 2314 moventes
1346 2279 1593 2324 Argonautae,
1624 2289 1702 2315 cum

224 2316 358 2352 vellent
380 2330 444 2363 per
466 2319 718 2366 Propontidem
742 2321 933 2366 navigare,
966 2324 1009 2357 ab
1031 2323 1164 2368 Amyco
1190 2325 1360 2371 prohibiti
1386 2329 1486 2371 sunt,
1521 2325 1534 2360 i
1560 2326 1610 2361 sis
1637 2328 1702 2361 ob-

224 2363 320 2398 viam
343 2375 420 2399 cum
445 2366 559 2412 copiis
581 2367 757 2415 profecto.
793 2368 891 2403 cuius
915 2374 1009 2413 metu
1033 2382 1108 2405 cum
1134 2371 1170 2406 in
1194 2372 1307 2407 sinum
1331 2373 1503 2418 quendam
1551 2373 1704 2408 esertum

225 2414 333 2455 atque
365 2413 567 2449 nemoribus
598 2414 748 2449 obsitum
779 2426 888 2450 naves
912 2416 1182 2462 subduxissent,
1217 2418 1413 2464 conspicati
1443 2423 1527 2454 sunt
1556 2419 1719 2466 caelitus,

225 2454 314 2501 ipsis
337 2465 565 2503 apparentem
583 2460 653 2496 viri
675 2461 819 2497 formam
838 2461 1008 2496 terribilis
1028 2464 1262 2510 aquilinisque
1281 2465 1445 2500 instructi
1461 2466 1608 2512 pennis;
1633 2477 1703 2512 quo

226 2501 305 2536 viso
330 2505 525 2541 confirmati
546 2518 800 2553 pugnam,cum
821 2509 955 2553 Amyco
979 2516 1245 2556 conseruerunt,
1270 2523 1382 2557 eoque
1405 2512 1607 2557 interfecto,
1632 2523 1702 2558 quo

228 2546 304 2600 loco
328 2548 366 2584 id
390 2551 502 2587 visum
523 2552 612 2600 ipsis
637 2554 788 2590 oblatum
812 2555 950 2598 suerat,
975 2556 1138 2602 templum
1163 2558 1418 2601 condiderunt3
1442 2559 1704 2606 exemplarique

229 2604 305 2627 elus
337 2598 430 2640 quod
459 2605 672 2644 apparuerat
700 2601 813 2636 visum
844 2601 881 2635 in
911 2606 1026 2637 statua
1060 2615 1249 2650 expresso,
1284 2603 1450 2650 templum
1473 2618 1494 2640 a
1515 2606 1628 2642 salute
1652 2605 1704 2642 ibi

226 2644 334 2684 parta
354 2642 577 2680 Sosthenium
599 2648 879 2687 nominaverunt.
928 2647 995 2683 hoc
1017 2655 1142 2694 postea
1161 2651 1415 2686 Constantinus
1438 2664 1597 2698 magnus,
1622 2664 1703 2687 ora-

229 2683 306 2718 culo
331 2697 395 2731 per
418 2691 569 2735 quietem
595 2694 810 2739 admonitus,
843 2695 1014 2740 mutavit,
1046 2707 1178 2742 araque
1204 2698 1250 2732 ad
1279 2702 1392 2732 ortum
1421 2698 1505 2734 solis
1530 2711 1705 2734 conversa

227 2731 392 2776 templum
413 2735 586 2774 Michaelo
610 2741 811 2786 angelorum
834 2739 987 2787 principi
1011 2743 1245 2788 consecravit,
1270 2744 1449 2789 expressis
1470 2744 1506 2780 in
1526 2758 1568 2780 eo
1592 2746 1705 2781 omni-

227 2776 294 2810 bus
319 2778 515 2824 elegantiae
538 2790 575 2820 et
604 2788 839 2822 abundantiae
864 2787 1045 2832 operibus,
1093 2789 1188 2824 victo
1217 2790 1350 2833 Amyco
1378 2790 1605 2837 Argonautae
1628 2803 1706 2826 cum

226 2821 380 2877 Heracle
397 2826 434 2860 in
457 2840 551 2864 mare
574 2831 758 2869 Ponticum
780 2834 922 2876 advecti
945 2840 1038 2878 sunt,
1063 2835 1256 2882 urbemque
1272 2835 1438 2872 Herculis
1462 2837 1705 2883 cognominem

225 2870 469 2909 condiderunt.
523 2875 606 2913 inde
628 2880 728 2916 aurei
751 2879 892 2917 velleris
915 2891 1022 2918 causa
1043 2880 1082 2916 in
1106 2881 1309 2926 Colchidem
1332 2894 1471 2921 cursum
1493 2890 1704 2930 tenuerunt3
