1742 3184
195 194 260 243 68
677 190 921 238 GEORGII
955 188 1203 236 CEDRENI

196 309 412 371 Λῗγῦπτου
426 344 440 364 ,
480 309 666 370 Ἐφραῖμ
695 309 798 367 λέγω
830 309 898 351 καὶ
931 309 1197 363 Μανασσῆν,
1238 301 1361 349 dunin
1388 301 1478 356 “u‘zg
1494 300 1687 359 Ῥουβεῗμ

144 395 175 432 Β
201 386 268 428 καὶ
295 383 468 438 Συμεὼν
487 376 607 425 οὗτοί
622 397 694 436 μοι
716 379 874 423 ἔσονται
885 409 898 430 ,
933 377 986 420 τὰ
1010 377 1058 420 δέ
1074 394 1118 434 γε
1139 376 1285 433 ἔκγονα
1307 374 1464 419 τούτων
1484 375 1550 418 σοὶ
1571 373 1687 417 ἴσοι·-

199 453 314 499 ium-²²
387 451 448 496 ὅτι
482 451 562 509 γὰρ
592 449 755 506 ἔζιιελλεν
790 447 926 506 ὥσπερ
956 442 1088 491 τᾶλλα
1117 446 1225 490 οὕτω
1255 447 1323 488 καὶ
1355 444 1452 496 τοὺς
1482 443 1599 495 υἱοὺς
1627 446 1688 502 τῷ

201 528 290 584 θεῷ
319 522 597 566 ἇποδεκατοῧν
626 519 647 564 ὃ
670 519 845 576 Ἰσραὴλ
876 518 971 573 (καὶ
998 517 1078 575 γὰρ
1100 515 1122 559 ὃ
1142 517 1253 560 Λευὶ
1275 517 1333 567 εἷς
1352 519 1502 573 κλῆρον
1523 512 1687 573 ἀφώρι-

202 609 295 638 σται
315 593 419 649 μετὰ
440 596 571 636 ταῦτα
590 595 646 650 τῷ
668 589 784 648 θεῷ)
795 621 808 641 ,
843 589 914 630 ἰ’να
936 586 996 643 μὴ
1018 585 1040 630 ὃ
1058 591 1139 631 τῶν
1158 585 1318 629 δώδεκα
1340 589 1484 644 φυλῶν
1505 585 1722 642 ἆριθμὸςό

202 667 441 721 ἔλαττωθῇ,
477 659 623 704 τούτου
645 657 771 717 ’χάριν
802 656 917 713 οἶμαι
948 655 969 701 ὃ
997 656 1174 715 Ἰσραὴλ
1201 657 1273 700 τὸν
1297 655 1460 714 ’Ῑωσὴφ
1493 654 1581 698 ἀντὶ
1614 652 1690 697 δύο

202 736 303 779 υἱῶν
339 730 594 790 ἡγησάμενος
636 729 733 781 τοὺς
772 728 889 779 υἱοὺς
929 726 1058 771 αὐτοῦ
1093 729 1150 779 εἰς
1184 726 1321 786 φυλὰς
1356 724 1567 777 διετάξατο
1601 723 1689 776 δύο,

187 806 383 863 ’Ἔᾳιραῖζιι
423 800 586 858 δηλαδὴ
627 801 694 842 καὶ
736 800 990 853 Μανασσῆν.
1059 799 1130 841 καὶ
1174 797 1213 840 οἱ
1252 797 1328 852 μὲν
1363 796 1580 854 ὀφθαλμοὶ
1616 798 1692 838 τοῦ

199 874 374 932 Ἰσραὴλ
394 873 710 930 βαρυωποῦντες
730 868 810 911 ἀπὸ
831 872 906 912 τοῦ
925 866 1062 925 γήρως
1083 862 1189 923 ἦσαν
1199 900 1212 920 ,
1249 867 1418 924 ἀμυδρὰ
1447 867 1493 909 δὲ
1518 864 1692 923 ὁρῶντες

203 942 332 1003 δρῶσι
348 942 445 994 τοὺς
466 940 581 992 υἱοὺς
603 938 790 998 Ἰωσήφ,
825 940 893 982 καὶ
911 936 1163 982 ἐπυνθάνετο
1182 939 1286 989 τίνες
1305 936 1355 981 ἄν
1375 935 1462 981 εἷεν.
1533 934 1605 987 οὓς
1620 937 1687 978 καὶ
1705 937 1742 973 10

202 1017 545 1073 προσεγγίσαντας
563 1010 775 1069 περιέλαβε
794 1010 861 1052 καὶ
880 1010 1171 1067 κατεφίλησεν,
1198 1010 1266 1051 καὶ.
1286 1009 1387 1066 φησὶ
1407 1006 1511 1065 πρὸς
1527 1004 1691 1064 Ἰωσήφ

153 1086 185 1123 C
203 1084 324 1128 “woh
343 1087 418 1128 τοῦ
438 1078 659 1140 προσώπου
683 1097 758 1124 σου
779 1079 854 1122 οὐκ
874 1079 1065 1137 ἔστὲρησέ
1084 1097 1135 1133 με
1158 1076 1179 1121 ὅ
1196 1076 1320 1130 θεός,
1358 1077 1452 1120 ἀλλ’
1478 1075 1604 1128 ἴδειξέ
1619 1093 1694 1132 μοι

204 1157 272 1199 καὶ
293 1153 340 1198 τὸ
361 1152 524 1210 σπέρμα
541 1150 663 1195 nov-’²
736 1148 944 1207 ἐξαγαγὼν
976 1149 1022 1193 δὲ
1047 1148 1213 1207 Ἰωσὴφ
1238 1148 1389 1199 αὐτοὺς
1412 1147 1494 1190 ἀπὸ
1517 1151 1599 1190 τῶν
1619 1165 1693 1204 yo-

203 1224 337 1270 νάτων
355 1223 532 1281 Ἰσραὴλ
551 1225 625 1264 τοῦ
642 1224 920 1278 προσκυνῆσαι
942 1218 1076 1278 αὐτῷ,
1106 1217 1192 1262 εἶτα
1210 1218 1280 1263 τὸν
1300 1221 1539 1274 Μανασσῆν
1555 1217 1631 1273 μέν
1651 1219 1693 1260 ἓν

203 1299 256 1354 τῇ
276 1296 388 1354 δεξιᾷ
407 1294 450 1344 ἐξ
467 1292 692 1350 ἀριστερῶν
714 1291 759 1333 δὲ
778 1289 850 1333 τὸν
866 1289 1050 1347 Ἔφραΐμ
1061 1322 1074 1342 ,
1111 1288 1235 1340 αὐτὸς
1257 1289 1331 1340 τὰς
1344 1295 1490 1346 χεῖρας
1511 1288 1693 1344 ἀμείβων
1706 1295 1742 1331 15

203 1366 280 1421 τὴν
306 1364 381 1420 μὲν
408 1362 542 1414 δεξιὰν
569 1361 634 1404 ἐπὶ
663 1365 736 1404 τοῦ
762 1360 959 1418 νεωτέρου
982 1359 1057 1414 τὴν
1080 1359 1301 1417 ἀριστερὰν
1322 1359 1367 1402 δὲ
1386 1359 1450 1401 ἐπὶ
1472 1362 1548 1402 τοῦ
1569 1375 1695 1416 πρεσ-

202 1435 379 1492 βυτέρου
398 1433 472 1488 τὴν
491 1431 673 1490 κεφαλὴν
695 1431 848 1483 τιθείς,
876 1431 935 1480 εἷς
951 1427 1178 1487 μυστήριον
1198 1433 1423 1488 σταυρικοῦ
1439 1427 1569 1472 τύπου
1579 1460 1591 1480 ,
1621 1427 1695 1471 οἱέ-

202 1519 284 1556 τιος
314 1500 527 1560 εὐλόγησεν
556 1500 706 1551 αὖτοὺς
732 1499 837 1544 ὥστε
860 1503 1157 1556 πληθυνθῆναι
1179 1499 1330 1551 αὐτοὺς
1351 1499 1415 1542 ἐπὶ
1437 1503 1512 1555 τῆς
1529 1503 1604 1556 γῆς
1625 1499 1695 1541 καὶ

203 1573 307 1618 ὥστε
329 1572 480 1623 αὐτοὺς
498 1573 769 1626 ἐπικληθῆναι
788 1570 835 1613 τὸ
854 1569 985 1624 ὄνομα
1009 1570 1136 1613 αὐτοῦ
1155 1571 1224 1613 καὶ
1246 1574 1328 1613 τῶν
1346 1569 1532 1628 πατέρων
1553 1569 1695 1612 αὐτοῦ.

203 1644 314 1701 βαρὺ
347 1643 393 1685 δὲ
427 1638 634 1699 κατεφάνη
662 1644 781 1684 τοῦτο
813 1644 870 1699 τῷ
899 1638 1091 1698 Ἰωσήφ,
1127 1642 1195 1683 καὶ
1226 1644 1303 1697 τῆς
1329 1645 1529 1697 πατρικῆς
1560 1642 1742 1692 ὁεξιᾶςὲ(

205 1710 475 1767 ἀντελάβετο,
512 1711 674 1769 ἀφελεῖν
701 1708 951 1765 βουλόμενος
982 1710 1062 1752 ἀπὸ
1093 1715 1166 1766 τῆς
1195 1714 1379 1767 κεφαλῆς
1407 1709 1591 1768 Ἔφραῖμ
1626 1711 1696 1753 καὶ

204 1784 404 1827 ἐπιθεῖναι
427 1782 490 1824 ἐπὶ
509 1780 585 1837 τὴν
606 1779 789 1840 κεφαλὴν
811 1783 1054 1836 Μανασσῆ,
1088 1774 1240 1832 ιιοὗτός
1271 1781 1379 1834 ἔστι,
1414 1778 1543 1840 πάτερ
1551 1780 1598 1834 ,”
1637 1781 1696 1824 εἶ-

293 1919 317 1953 1
342 1914 514 1963 Αἰγύπτῳ
540 1914 574 1951 R
675 1912 807 1972 ἱείποόν
830 1925 886 1950 om
910 1914 943 1951 R
1061 1916 1085 1951 2
1109 1906 1239 1972 ρῦτω]
1266 1911 1381 1959 λέγων
1406 1914 1440 1950 R
1553 1911 1636 1959 ἐμοὶ
1662 1914 1695 1951 R

292 1965 321 2000 5
345 1958 410 1999 ὅτε
433 1961 467 1998 R
603 1962 627 1997 9
648 1960 712 2008 ὃε]
737 1973 832 2007 ’γουν
854 1962 888 1997 R
1030 1963 1072 1998 19
1097 1973 1150 2002 ως
1174 1958 1219 1996 ἐπ
1261 1961 1356 2008 lego.
1385 1973 1505 2008 margo
1522 1960 1552 1996 P

203 2078 432 2128 Ephraimum
464 2077 543 2114 dico
573 2082 610 2113 et
631 2078 853 2123 Manmzsem,
886 2077 1053 2125 adoptat,
1089 2078 1265 2127 pollicitus
1291 2091 1353 2114 eos
1379 2078 1452 2114 sibi
1475 2079 1600 2114 eodem
1622 2088 1694 2123 quo

204 2127 373 2163 Rubenus
398 2131 493 2162 esset
518 2129 625 2171 atque
648 2125 792 2160 Simeon
816 2125 894 2160 loco
916 2126 1056 2162 futuros
1070 2153 1080 2170 ‚
1118 2138 1238 2161 eorum
1262 2132 1379 2162 tamen
1403 2126 1610 2173 progeniem
1634 2126 1696 2160 Io-

205 2174 308 2221 sephi
339 2174 504 2209 futuram.
554 2172 685 2207 etenim
711 2172 865 2208 Israelus
898 2184 975 2208 cum
1008 2178 1104 2209 esset
1135 2179 1174 2209 ut
1201 2173 1437 2220 reliquorum,
1474 2174 1524 2209 ita
1543 2172 1696 2208 filiorum

203 2232 346 2267 quoque
367 2221 534 2256 decimam
561 2225 697 2265 partem
723 2220 791 2255 deo
817 2226 1088 2256 consecraturus
1112 2221 1219 2265 (nam
1250 2222 1436 2267 postmodo
1460 2220 1571 2255 Levis
1598 2226 1696 2255 sorte

203 2269 271 2304 deo
306 2272 360 2303 est
393 2267 600 2312 addictus),
638 2278 682 2301 ne
712 2266 899 2302 duodecim
931 2267 1084 2302 tribuum
1112 2278 1276 2302 numerus
1306 2268 1582 2312 diminueretur,
1618 2266 1696 2301 eius

204 2315 331 2360 opinor
348 2314 403 2350 rei
421 2325 527 2349 causa
543 2314 734 2359 Iosephum
751 2315 900 2349 duorum
918 2314 1069 2349 filiorum
1093 2314 1171 2350 loco
1194 2314 1314 2360 duxit,
1335 2314 1491 2361 filiisque
1511 2315 1588 2350 eius
1606 2314 1696 2349 duas

203 2361 317 2397 tribus
349 2361 564 2407 assignavit,
597 2360 793 2407 Ephraimo
829 2361 990 2396 nimirum
1023 2373 1146 2406 unam,
1187 2362 1331 2398 alteram
1364 2363 1568 2398 Manassae.
1626 2361 1697 2395 iam

201 2414 366 2444 senectus
393 2408 512 2443 oculos
545 2407 671 2443 Israeli
699 2407 952 2443 hebetaverat:
987 2408 1110 2454 itaque
1141 2421 1217 2445 cum
1251 2410 1402 2445 obscure
1432 2409 1526 2444 filios
1550 2407 1698 2455 Iosephi

202 2460 384 2500 cerneret,
409 2455 551 2501 quinam
575 2460 695 2490 essent
711 2460 961 2501 percontatur,
986 2456 1267 2503 accedentesque
1284 2456 1468 2503 amplexus
1488 2462 1525 2491 et
1543 2456 1695 2491 deoscu-

202 2501 294 2536 latus
319 2506 394 2546 est,
419 2502 472 2536 ita
495 2502 682 2548 Iosephum
705 2502 888 2548 alloquens
909 2499 1018 2537 “ecce
1042 2510 1235 2549 conspectu
1257 2509 1319 2539 tuo
1343 2505 1433 2539 deus
1453 2515 1507 2538 me
1526 2514 1597 2537 non
1620 2502 1696 2550 pri-

203 2548 323 2583 vavit:
356 2548 441 2594 quin
465 2554 501 2584 et
523 2550 682 2584 sobolem
705 2555 800 2584 tuam
829 2550 1017 2584 videndam
1041 2546 1177 2585 dedit.”
1224 2551 1400 2597 Iosephus
1424 2549 1517 2585 filios
1548 2562 1570 2584 a
1593 2549 1698 2595 geni-

203 2595 269 2630 bus
290 2594 403 2640 patris
426 2595 567 2641 eduxit,
596 2597 647 2631 uti
672 2597 945 2643 procumberent
963 2596 1000 2631 in
1019 2609 1135 2642 genua
1155 2609 1273 2634 coram
1299 2610 1364 2633 eo:
1390 2597 1474 2632 inde
1494 2597 1698 2632 Manassexn

203 2640 329 2676 Israeli
352 2642 396 2676 ad
419 2642 619 2688 dexteram,
650 2644 880 2690 Ephraimum
906 2645 951 2678 ad
974 2644 1153 2679 sinistram
1178 2644 1316 2681 statuit.
1365 2649 1403 2680 at
1431 2643 1588 2679 Israelus
1622 2655 1697 2678 mu·

202 2686 306 2723 nibus
330 2687 365 2722 in
391 2687 550 2724 diversas
574 2697 694 2736 partes
718 2691 884 2736 diductis,
908 2690 960 2725 ita
984 2691 1036 2726 uti
1057 2692 1218 2727 dextram
1236 2691 1398 2736 iunioris,
1422 2690 1563 2726 laevam
1582 2690 1696 2725 maio-

202 2733 253 2770 ris
277 2734 386 2780 capiti
409 2735 606 2781 imponeret
638 2738 732 2784 (quo
756 2739 853 2773 facto
875 2738 992 2773 crucis
1024 2739 1230 2783 mysterium
1262 2738 1512 2784 designavit),
1548 2739 1600 2774 ita
1623 2737 1693 2772 illis

228 2791 375 2836 rospera
397 2786 452 2816 est
475 2791 638 2828 precatus
661 2784 712 2820 uti
734 2791 865 2821 terram
891 2785 1079 2831 implerent
1103 2786 1274 2833 progenie
1297 2797 1339 2821 ac
1361 2797 1470 2831 super
1494 2786 1540 2821 iis
1563 2784 1694 2820 Israeli

238 2838 315 2863 aaci
339 2832 375 2862 et
396 2828 586 2865 Abrahami
607 2832 746 2866 nomina
767 2832 1046 2868 celebrarentur.
1094 2833 1248 2880 Iosepho
1268 2838 1385 2867 autem
1404 2844 1447 2868 ea
1463 2845 1522 2868 res
1543 2831 1695 2878 indigna

200 2874 300 2916 visa3
330 2874 557 2922 dextramque
581 2878 692 2922 patris
716 2879 972 2926 apprehensam
997 2880 1042 2914 ab
1065 2879 1253 2925 Ephraimi
1278 2879 1396 2925 capite
1420 2879 1456 2914 in
1479 2885 1587 2925 caput
1608 2879 1692 2914 Ma-

198 2932 325 2958 nassae
346 2922 542 2959 transferre
566 2929 711 2961 conatus
736 2931 810 2973 est,
847 2927 940 2964 hunc
962 2927 1131 2964 maiorem
1152 2933 1237 2964 natu
1259 2939 1339 2964 esse
1361 2932 1499 2975 patrem
1527 2938 1688 2972 monens,
