1742 3184
382 176 783 223 msToRIARmu
816 176 1207 223 GOMPENDIUM.
1426 175 1528 226 487

59 304 183 348 στρος
203 287 282 350 ἔφη
301 288 399 334 “nal
421 295 508 343 πῶς
529 292 604 335 οὐκ
621 289 821 349 η’κοόσατε
841 295 918 336 τοῦ
937 291 1099 348 Δανιὴλ
1116 291 1381 350 προλέγοντος
1398 308 1527 352 φανε-

61 365 145 417 ρῶς
171 362 239 404 καὶ
262 359 334 403 τὸν
358 361 501 418 καιρὸν
531 363 599 404 καὶ
619 363 695 418 τὴν
713 364 832 406 θείαν
853 366 928 405 τοῦ
945 366 1129 419 σωτῆρος
1144 362 1381 417 ἐπιδημίανς
1424 365 1524 420 φησὶ
1548 364 1576 399 Ρ
1600 365 1669 401 278

62 430 146 486 γὰρ
174 427 196 471 ὅ
229 428 620 486 προσδιαλεγόμενος
652 431 764 490 αὐτῷ·
792 430 957 488 ἄγγελος
982 429 1282 486 εἑβδομήκοντα
1303 429 1530 486 ἕβδομάδες

62 497 380 552 συνετμήθησαν
407 499 471 541 ἐπὶ
499 499 570 543 τὸν
595 498 696 543 λαόν
726 517 801 544 σου
822 502 890 543 καὶ
914 501 977 543 ἐπὶ
994 500 1067 556 τὴν
1087 499 1206 542 πόλιν
1225 500 1299 556 τὴν
1316 498 1435 557 ἆγίαν
1455 505 1530 543 τοῦ

27 570 379 622 ὄσυντελεσθῆναι
409 565 612 626 ἁμαρτίαν
643 571 710 611 καὶ
739 574 813 612 τοῦ
843 568 1112 621 ἐξιλάσασθαι
1141 570 1301 612 ἀδικίαν
1306 601 1321 622 ,
1359 571 1427 612 καὶ
1454 574 1530 612 τοῦ

61 636 287 692 σφραγίσαι
315 633 518 693 ἁμαρτίαν
538 637 604 680 καὶ
627 641 701 680 τοῦ
717 638 944 694 ἀπαλεῖψαι
966 638 1139 690 ἀδικίαν,
1169 640 1236 682 καὶ
1266 642 1339 682 τοῦ
1364 638 1529 695 ἀγαγεῖν

62 701 322 759 δικαιοσύνην
351 703 514 749 αἰώνιον
550 708 619 749 καὶ
657 711 732 750 τοῦ
763 709 988 765 σφραγίσαι
1018 706 1160 764 ὅρασιν
1187 709 1255 750 καὶ
1284 711 1358 750 τοῦ
1384 714 1527 766 χρῖσαι

62 771 178 829 ἅγιον
205 771 342 829 ἁγίων.
410 775 479 816 καὶ
509 773 645 832 γνώσῃ
672 777 739 818 καὶ
768 774 975 831 συνήσεις,
1019 776 1099 819 ἀπὸ
1129 775 1271 827 ἐξόδου
1304 774 1425 832 λόγου
1453 780 1528 819 τοῦ

62 841 340 899 ἀποκριθῆναι
356 844 425 884 καὶ
440 849 513 886 τοῦ
531 846 798 899 οἰκοδομῆσαι
810 844 1085 903 Ἰερουσαλὴμ
1102 845 1178 896 ἕως
1195 847 1384 903 Χριστοῦ
1401 843 1528 900 ἦγον-

9 911 186 965 1ομίνου
206 908 434 966 ἓβδομάδες
454 910 487 965 ζ’
508 915 575 955 καὶ
597 911 824 968 ἓβὸομάὸες
846 912 943 968 ξβ’.’
990 916 1058 956 καὶ
1081 914 1183 971 πρὸς
1198 915 1272 968 μὲν
1288 920 1373 964 τοῖς
1392 913 1530 964 ἄλλοις

62 980 162 1030 ἴσως
187 979 530 1038 προφασιζόμενοι
568 985 625 1032 εἷς
660 983 860 1036 μέλλοντα
896 980 1047 1039 χρόνον
1075 982 1356 1037 ἀναβάλλεσθε
1385 982 1436 1025 τὰ
1462 999 1530 1038 γε-

61 1048 297 1105 γραμμένα·
330 1050 375 1092 τί
397 1051 442 1092 δὲ
465 1050 570 1108 πρὸς
597 1056 728 1094 ταῦτα
758 1052 885 1108 λέγειν
907 1050 932 1106 ἢ
952 1049 1056 1102 ὅλως
1077 1052 1311 1107 ἀντωπῆσαι
1331 1049 1526 1101 δύνασθε,
1549 1060 1578 1095 Β

62 1116 168 1160 ὅπου
188 1134 233 1174 γε
253 1119 322 1160 καὶ
342 1117 365 1160 ὅ
380 1120 510 1176 χρίων
531 1121 724 1175 δηλοῦται
746 1123 814 1163 καὶ
838 1118 859 1163 ὅ
874 1118 1091 1177 χριόμενος
1109 1121 1182 1163 οὐκ
1202 1120 1424 1178 ἄνθρωπος
1442 1119 1529 1162 ἀλλ’

65 1185 179 1242 ἅγιος
194 1185 320 1243 ἁγίων
335 1189 671 1244 καταγγέλλεται,
704 1191 771 1232 καὶ
794 1190 868 1239 ἕως
890 1194 963 1244 τῆς
983 1190 1210 1247 παρουσίας
1227 1189 1355 1232 αὐτοῦ
1370 1187 1532 1244 Ἵερου-

8 1257 53 1294 16
65 1255 204 1310 σαλὴμ
223 1256 453 1310 συνίστατο,
476 1259 543 1300 καὶ
563 1257 706 1300 λοιπὸν
723 1256 830 1308 ἅπας
849 1256 1064 1315 προφήτης
1083 1258 1284 1301 πέπαυται
1304 1260 1370 1300 καὶ
1390 1256 1534 1312 ὅρασις

63 1325 107 1366 ἓν
130 1328 189 1382 τῷ
214 1324 412 1382 Ἰσραήλς
457 1327 630 1384 ἔχρίσθη
658 1327 795 1381 μέντοι
820 1324 947 1369 πάλαι
974 1327 1116 1380 Λαβὶδ
1146 1328 1213 1369 καὶ
1239 1329 1437 1380 Σολομῶν
1464 1327 1532 1368 καὶ

58 1393 263 1445 Ἐζεκίας·
298 1394 393 1436 ἀλλ’
420 1392 699 1452 Ἰερουσαλὴμ
726 1396 795 1438 καὶ
824 1393 847 1438 ὅ
869 1393 993 1447 τόπος
1014 1394 1261 1450 συνειστήκει
1281 1396 1348 1438 καὶ
1368 1398 1532 1452 προφῆ-

63 1479 133 1504 ται
151 1460 442 1520 προεφήτευον.
511 1463 646 1514 ἄλλως
671 1465 716 1507 δὲ
744 1466 811 1507 καὶ
847 1464 963 1506 αὐτοὶ
996 1464 1035 1507 οἱ
1059 1465 1301 1522 χρισθέντες
1325 1463 1432 1519 ἅγιοι
1460 1462 1535 1506 ἄν-

63 1534 229 1587 θρωποι
249 1533 318 1574 καὶ
338 1532 413 1587 οὐχ
437 1531 545 1588 ἅγιοι
567 1531 692 1589 ἁγίων
709 1531 959 1588 ἐκλήθησαν.
1026 1533 1124 1576 πότε
1153 1533 1199 1575 δὲ
1228 1534 1295 1575 καὶ
1322 1530 1537 1590 προφήτης

8 1598 273 1644 2οἐπαῦσατο
294 1603 362 1643 καὶ
381 1601 523 1658 ὅρασις
544 1603 623 1643 ἀπὸ
639 1606 715 1645 τοῦ
726 1600 926 1658 Ἰσραήλ,
967 1604 1003 1645 εἴ
1022 1603 1081 1657 μὴ
1100 1605 1195 1654 νῦν,
1233 1601 1299 1644 ὅτε
1323 1599 1345 1643 ὅ
1372 1618 1537 1658 προφη-
1580 1643 1583 1648 ,

63 1667 277 1723 τευόμενος
298 1672 365 1713 καὶ
393 1668 414 1714 ὁ
435 1669 548 1726 ἅγιος
566 1669 690 1727 ἁγίων
710 1669 732 1712 ὅ
749 1670 938 1727 Χριστὸς
955 1672 1206 1729 παρεγένετο.
1274 1676 1442 1724 σημεῖον
1463 1663 1534 1712 οὖν
1557 1683 1588 1717 c

65 1736 193 1789 ὄντως
213 1739 318 1795 μέγα
335 1737 541 1797 πρόδηλον
563 1742 631 1782 καὶ
650 1738 863 1796 γνώρισμα
883 1744 959 1782 τοῦ
986 1743 1090 1782 θεοῦ
1117 1738 1240 1795 λόγου
1269 1740 1336 1781 καὶ
1363 1742 1437 1792 τῆς
1464 1738 1540 1780 αὗ-

63 1811 139 1850 ‘tofi
159 1810 388 1866 παρουσίας
403 1808 450 1853 τὸ
467 1809 611 1866 μηκέτι
630 1808 704 1865 τὴν
719 1807 999 1868 Ἰερουσαλὴμ
1024 1806 1189 1852 ἑστάναι
1206 1805 1309 1864 μήτε
1327 1805 1542 1865 προφήτην

61 1980 246 2016 Danielum
268 1980 403 2016 diserte
423 1985 562 2028 tempus
586 1981 851 2029 designantem,
885 1992 955 2027 quo
977 1980 1014 2015 in
1039 1985 1155 2016 terras
1180 1983 1344 2015 servator
1366 1980 1541 2015 adventu-

63 2039 124 2063 rus
149 2028 272 2062 esset?
320 2028 374 2062 sie
397 2028 489 2063 enim
514 2028 549 2062 ei
571 2027 660 2063 dicit
682 2028 839 2073 angelus,
862 2028 926 2074 qui
950 2039 1026 2062 cum
1050 2027 1129 2073 ipso
1148 2026 1411 2072 colloquebatur
1431 2027 1541 2070 (Dan.

62 2074 104 2118 9)
126 2070 292 2109 “decisae
313 2078 397 2108 sunt
417 2072 547 2120 populo
571 2080 633 2109 tuo
658 2075 807 2119 urbique
829 2080 975 2109 sanetae
993 2075 1036 2109 71
1059 2072 1278 2119 septimanae
1301 2071 1430 2117 quibus
1455 2084 1542 2117 pec-

64 2124 180 2154 catum
203 2119 408 2166 perficiatur
430 2126 467 2154 et
489 2120 617 2154 delicta
640 2120 845 2166 expientur,
878 2120 1156 2165 obsigneturque
1183 2123 1386 2173 peccatum,
1414 2124 1452 2152 et
1471 2117 1542 2152 ini-

64 2166 184 2212 quitas
215 2166 395 2211 deleatur,
431 2178 474 2201 ac
496 2172 641 2201 aeterna
662 2166 799 2201 iustitia
820 2167 1082 2201 introducatur:
1118 2166 1326 2209 obsignetur
1354 2163 1467 2208 visio,
1505 2167 1543 2198 et

65 2218 208 2247 sanetus
231 2219 430 2247 sanctorum
451 2218 614 2257 ungatur.
661 2223 923 2259 cognoscesque
956 2218 994 2246 et
1023 2210 1200 2256 intelliges
1233 2211 1277 2244 ab
1311 2221 1354 2244 eo
1382 2215 1544 2255 tempore

66 2270 137 2304 quo
161 2260 340 2294 decretum
364 2259 488 2294 edetur
508 2260 553 2293 de
570 2258 833 2304 Hierosolymis
849 2257 1089 2293 instaurandis
1126 2267 1240 2301 usque
1262 2256 1307 2291 ad
1330 2256 1453 2290 ducem
1475 2266 1542 2289 un-

67 2311 182 2350 ctum,
219 2306 371 2340 effluere
399 2305 615 2350 septimanas
646 2305 668 2339 7
699 2310 736 2340 et
767 2305 981 2351 septimanas
1014 2299 1084 2338 62?
1141 2309 1261 2337 cetera
1284 2302 1424 2347 quidem
1450 2311 1544 2346 quae

67 2351 179 2386 sacris
203 2352 410 2396 consignata
431 2356 514 2385 sunt
537 2350 671 2395 literis,
704 2351 868 2386 fortassis
897 2347 1126 2385 causabimini
1156 2348 1225 2383 alio
1255 2360 1335 2382 esse
1365 2347 1543 2394 implenda

65 2402 240 2444 tempore.
288 2398 344 2432 his
365 2403 479 2432 autem
506 2397 591 2442 quid
614 2397 752 2432 habetis
776 2397 871 2442 quod
894 2396 1113 2443 opponatis?
1158 2405 1237 2429 cum
1260 2399 1296 2429 et
1318 2405 1453 2439 ungens
1475 2405 1540 2428 no-

66 2444 243 2487 minatur,
279 2449 317 2478 et
339 2443 369 2477 is
393 2443 455 2489 qui
476 2443 620 2488 ungitur
642 2454 712 2477 non
734 2444 838 2478 homo
861 2445 925 2478 sed
947 2446 1089 2476 sanctus
1110 2446 1308 2475 sanctorum
1330 2439 1542 2486 appellatur.

66 2490 113 2524 ad
136 2490 291 2524 eiusdem
316 2501 427 2535 usque
448 2490 634 2524 adventum
655 2489 906 2535 Hierosolyma
927 2489 1041 2523 stetit.
1088 2492 1274 2533 postqum
1295 2486 1454 2531 advenit,
1475 2497 1542 2520 ne-

67 2547 138 2581 que
170 2542 288 2570 vatem
320 2547 363 2570 ex
394 2547 437 2570 eo
467 2535 572 2570 ullum
595 2535 718 2570 Iudaei
749 2535 948 2571 habuerunt
967 2545 1082 2579 neque
1106 2532 1263 2567 visiones
1289 2532 1342 2567 eis
1365 2542 1542 2578 apparue-

66 2587 163 2616 runt.
210 2593 296 2617 sane
318 2581 453 2628 pridem
479 2587 516 2616 et
535 2581 695 2616 Davidus
715 2581 785 2616 fuit
806 2587 932 2616 unctus
956 2585 994 2615 et
1016 2579 1182 2614 Solomon
1204 2583 1242 2613 et
1262 2578 1452 2623 Ezechias,
1477 2577 1546 2612 sed·

66 2628 113 2671 iis
147 2627 242 2662 vivis
277 2634 315 2662 et
345 2630 428 2663 urbs
452 2627 553 2662 stetit
576 2633 684 2672 atque
706 2639 808 2662 sacer
829 2628 948 2672 locus,
983 2631 1021 2661 et
1051 2631 1153 2660 vates
1176 2625 1319 2660 oracula
1340 2623 1541 2660 ediderunt.

68 2679 142 2708 tum
162 2673 262 2708 uncti
283 2673 334 2708 illi
356 2674 471 2709 sancti
492 2673 631 2719 quidem
655 2673 835 2719 homines,
871 2685 940 2707 non
963 2678 1080 2706 tamen
1102 2670 1216 2706 sancti
1236 2676 1436 2706 sanctorum
1460 2675 1543 2705 sunt

69 2719 253 2765 appellati.
299 2725 402 2755 vates
434 2725 547 2755 autem
580 2726 617 2754 et
639 2719 794 2754 visiones
818 2720 956 2765 quando
981 2717 1088 2753 desiit
1110 2717 1242 2752 habere
1262 2717 1415 2752 israelus
1440 2727 1542 2763 quam

70 2776 175 2811 nunc,
199 2766 353 2801 adventu
373 2766 467 2801 vatis
487 2772 524 2800 et
543 2766 657 2800 sancti
680 2772 877 2801 sanctorum
902 2763 1067 2800 christi?
1113 2763 1151 2798 id
1173 2773 1262 2798 vero
1282 2763 1442 2810 apprime
1464 2762 1544 2797 evi-

71 2812 159 2846 dens
183 2812 321 2858 signum
343 2818 450 2858 atque
470 2812 638 2847 indicium
663 2817 720 2847 est
739 2813 911 2847 adventus
934 2809 1036 2845 verbi
1058 2809 1130 2853 dei,
1183 2811 1251 2845 uod
1271 2821 1388 2855 neque
1409 2809 1541 2844 Hiero-

72 2857 209 2903 solyma.
230 2858 337 2894 hodie
357 2864 466 2904 stant,
491 2870 607 2905 neque
629 2864 731 2893 vates
753 2858 850 2894 inter
867 2857 1020 2893 Iudaeos
1042 2855 1131 2891 ullus
1190 2855 1271 2893 lave
1295 2856 1388 2891 visio
1412 2861 1549 2891 exstat.
