1742 3184
181 159 279 210 348
657 159 895 205 GEORGII
929 159 1175 204 GEDRENI

180 276 350 332 κλησίαν
379 271 627 332 πηξάμενος,
671 273 804 318 πολλὰ
830 271 1084 332 μοναστήρια
1113 270 1408 330 συνεστήσατο,
1451 271 1552 332 ἅπερ
1582 292 1650 318 σε-

128 361 160 396 Β
179 352 298 402 μνεῖα
318 343 406 389 τότε
426 342 829 403 προσηγορεύθησαν,
855 341 998 395 καθώς
1015 360 1138 401 φησιν
1158 344 1356 399 Εὐσέβιος
1378 342 1400 387 ὅ
1421 344 1649 403 Παμφίλου

180 414 243 458 ὅτι
266 414 447 473 Μάρκον
465 417 626 471 πρῶτον
647 412 761 468 ἴσμεν
781 413 823 455 ἓν
843 410 1042 471 Αἰγύπτῳ
1060 413 1105 456 τὸ
1126 411 1352 470 εὐαγγέλιον
1374 414 1650 470 συγγεγραφέ-

180 502 248 528 ναι
270 486 339 528 καὶ
368 483 581 538 ἐκκλησίαν
603 486 765 539 πρῶτον
785 481 850 524 ἐπ’
878 482 1003 538 αὐτῆς
1023 483 1325 540 Ἀλεξανδρείας
1350 480 1651 536 συστήσασθαι.

179 552 358 609 τοσαύτη
381 554 425 596 δὲ
444 556 526 595 τῶν
547 550 698 595 αὐτόθι
725 550 1044 595 πεπιστευκότων
1063 551 1226 608 πληθὺς
1251 551 1411 610 ἀνδρῶν
1426 569 1470 594 τε
1492 552 1560 594 καὶ
1579 555 1684 607 γυ-5

180 627 332 667 ναικιῦν
352 623 396 665 ἐκ
415 619 580 680 πρώτης
598 621 788 676 ἐπιβολῆς
807 621 976 676 συνέστη
996 620 1054 663 δι’
1080 620 1290 677 ἀσκήσεως
1316 619 1654 680 φιλοσοφωτάτης

180 695 248 735 καὶ
272 689 577 750 σφοδροτάτης,
628 688 684 741 ὡς
708 691 777 733 καὶ
808 693 1046 748 συγγραφῆς
1073 691 1242 742 ἀξιῶσαι
1273 690 1349 741 τὰς
1377 688 1590 746 διατριβάς
1610 707 1653 732 τε

181 763 249 804 καὶ
269 759 516 811 συνελεύσεις
544 761 612 803 καὶ
641 763 778 803 πᾶσαν
807 758 933 815 ἄλλην
953 763 1027 802 τοῦ
1049 759 1216 817 ἀρίστου
1237 761 1330 814 βίου
1352 759 1554 816 διαγωγὴν
1575 759 1653 800 Φί-

182 835 293 874 λωνα
323 829 393 873 τὸν
421 826 682 888 σοφώτατον,
718 827 775 880 ὥς
802 830 871 871 καὶ
902 826 1105 885 αὐτόπτην
1136 832 1211 871 τοῦ
1240 826 1470 872 ἀποστόλου
1489 828 1654 886 Πέτρου

183 901 252 942 καὶ
275 897 473 954 αὐτήκοον
500 900 568 941 καὶ
590 896 808 953 συνόμιλον
831 899 873 940 ἓν
895 895 1032 955 Ῥώμῃ
1053 895 1278 954 γενόμενον.
1345 902 1426 941 τῶν
1448 897 1528 954 γὰρ
1548 896 1652 954 παρ’
1669 901 1713 937 10

183 967 301 1024 ἡμῶν
320 969 507 1024 ἀσκητῶν
527 967 824 1023 ἀποδεχόμενος
844 967 914 1011 τὸν
933 969 1038 1022 βίον,
1082 966 1278 1020 ἔκθειάζει
1305 966 1471 1024 σφόδρα
1498 968 1566 1009 καὶ
1589 983 1657 1009 σε·-

131 1051 163 1086 c
185 1037 324 1093 μνύνει
352 1038 448 1089 τοὺς
470 1037 566 1081 κατ’
590 1037 714 1081 αὐτὸν
735 1036 1027 1088 ἀποστολικούς
1056 1035 1212 1095 ἄνδρας
1221 1069 1234 1089 ,
1273 1037 1316 1088 ἐξ
1341 1034 1564 1094 ςΕβραίων,
1602 1033 1658 1085 ὡς

187 1109 310 1160 ἔοικε,
345 1105 557 1164 γεγονότας
579 1108 647 1149 καὶ
668 1110 750 1150 τῶν
771 1107 971 1150 Ἔσσαίων
998 1105 1073 1162 τὴν
1100 1106 1271 1162 ἄσκησιν
1295 1106 1363 1148 καὶ
1388 1105 1592 1148 πολιτείαν
1614 1099 1659 1147 εὖ

186 1176 300 1232 μάλα
319 1177 721 1235 προακουτισθέντων
731 1208 744 1228 ,
779 1174 867 1231 ἥτις
884 1193 927 1232 γε
947 1180 1027 1218 τῶν
1043 1175 1313 1234 γραμματέων
1330 1176 1398 1217 καὶ
1421 1174 1660 1231 Φαρισαίων

187 1247 262 1301 τὴν
286 1244 544 1302 δικαιοσύνην
560 1248 602 1297 ἐξ
622 1246 836 1302 ἕπιμέτρου
851 1246 1111 1300 ὃιενὲστηκεν.
1149 1244 1228 1288 ἀπὸ
1248 1244 1326 1302 γὰρ
1341 1244 1554 1299 ’Ῑωναὸὰμ
1568 1243 1661 1286 υἱοῦ
1673 1254 1716 1290 15

180 1315 325 1371 Ῥιχὰβ
334 1314 599 1372 καταγόμενοι
612 1309 723 1358 οὗτοι
732 1314 805 1370 τὴν
816 1313 1066 1372 πανάρεστον
1078 1311 1361 1370 ἀκτημοσύνην
1371 1315 1439 1356 καὶ
1452 1310 1662 1356 δικαιοσύ-

187 1404 261 1441 νην
279 1388 349 1428 καὶ
367 1384 636 1443 σωφροσύνην
653 1386 722 1427 καὶ
741 1385 1047 1441 σκληραγωγίαν
1065 1384 1278 1436 ε’πέτειναν,
1309 1381 1452 1433 καθώς
1473 1399 1574 1440 φησι
1594 1382 1663 1425 καὶ

182 1454 379 1511 Ἰώσηπος
396 1457 486 1512 περὶ
504 1455 639 1498 αὐτῶν
652 1453 714 1498 ὅτι
727 1455 909 1497 Ἐσσαῖοι
923 1454 1112 1496 Ἰουδαῖοι
1129 1454 1204 1508 μέν
1219 1454 1292 1496 εἶσι
1305 1453 1351 1496 τὸ
1366 1452 1491 1509 γένος,
1512 1450 1662 1510 φιλάλ-

187 1529 304 1580 ληλοι
335 1525 380 1568 δὲ
409 1527 475 1567 καὶ
503 1528 584 1568 τῶν
617 1523 751 1566 ἄλλων
776 1523 959 1576 εὐλαβεῖς
987 1524 1121 1575 πλέον,
1165 1522 1211 1565 οἳ
1227 1523 1300 1577 τὴν
1328 1522 1402 1577 μὲν
1433 1519 1584 1577 ἡδονὴν
1607 1519 1663 1571 ὥς

187 1596 332 1637 κακίαν
351 1593 676 1651 ἀποστρέφονται
690 1625 703 1646 ,
737 1592 811 1647 τὴν
830 1593 873 1634 dt?
893 1591 1163 1650 σωφροσύνην
1189 1593 1256 1634 καὶ
1278 1588 1510 1649 ἐγκράτειαν
1528 1592 1595 1633 καὶ
1615 1589 1719 1638 τὸ20

186 1663 244 1718 μὴ
273 1670 358 1714 τοῖς
387 1661 563 1706 πάθεσιν
590 1661 826 1705 ὑποπίπτειν
857 1661 1003 1719 ἀρετὴν
1027 1659 1378 1716 ὑπολαμβάνουσι.
1447 1662 1514 1703 καὶ
1533 1658 1664 1717 γάμος

135 1745 167 1779 Ι)
191 1734 265 1788 μὲν
281 1732 384 1790 παρ’
411 1732 548 1783 αὐτοῖς
569 1730 816 1790 ὖπερορᾶται
825 1763 839 1784 ,
871 1731 967 1782 τούς
986 1731 1030 1774 δὲ
1049 1731 1287 1790 ἀλλοτρίους
1308 1731 1459 1781 παῖδας
1477 1730 1590 1781 νέους
1608 1728 1665 1773 ἔτι

284 1866 327 1900 18
349 1861 554 1908 Ἰδουμαῖοι
575 1864 690 1899 codex
714 1862 891 1908 Xylandri

190 1980 247 2015 ria
269 1979 436 2024 instituit,
461 1990 552 2024 quae
577 1990 598 2013 a
621 1977 796 2024 gravitate
820 1978 928 2013 vitam
947 1977 999 2012 ibi
1024 1978 1225 2023 degentium
1250 1978 1414 2013 Semneia
1437 1979 1521 2011 tunc
1543 1976 1665 2022 appel-

189 2026 365 2070 labantur,
388 2027 673 2072 quemadmodum
694 2025 871 2060 Eusebius
891 2025 1063 2069 Pamphili
1086 2025 1228 2059 scribit:
1254 2025 1402 2070 primum
1418 2024 1577 2058 Marcum
1598 2023 1670 2058 sci—

193 2085 269 2107 mus
300 2072 337 2106 in
365 2073 529 2118 Aegypto
565 2071 783 2117 evangelium
815 2071 1076 2118 composuisse,
1112 2072 1328 2117 primumque
1360 2070 1543 2106 ecclesiam
1576 2070 1669 2116 apud

191 2120 303 2165 ipsam
332 2119 584 2153 Alexandream
619 2118 832 2153 instituisse.
879 2123 980 2152 tanta
1014 2123 1127 2152 autem
1155 2118 1266 2163 primo
1292 2130 1334 2152 eo
1358 2128 1529 2163 aggressu
1553 2116 1671 2151 multi-

192 2167 278 2200 tudo
303 2167 457 2200 virorum
480 2166 733 2211 mulierumque
762 2165 867 2199 fidem
898 2164 1080 2209 evangelio
1117 2164 1289 2199 adhibens
1324 2163 1570 2199 exercitationi
1593 2162 1669 2197 vir-

192 2217 304 2247 tutum
339 2212 666 2247 vehementissimae
698 2217 735 2246 et
767 2223 870 2257 quam
904 2210 1052 2245 maxime
1083 2210 1348 2257 philosophicae
1371 2222 1451 2245 sese
1474 2210 1591 2254 dedit,
1632 2213 1670 2243 ut

194 2271 313 2294 eorum
348 2259 619 2293 consuetudines
649 2264 843 2294 conventus
867 2261 1091 2303 ceteramque
1115 2258 1269 2302 optimae
1291 2257 1390 2292 vitae
1411 2256 1583 2291 rationem
1607 2256 1671 2290 de-

192 2306 351 2340 scribere
373 2305 535 2351 dignatus
560 2305 607 2340 sit
625 2304 727 2339 Philo
746 2304 970 2339 doctissimus
989 2303 1057 2347 vir,
1082 2304 1142 2349 qui
1162 2305 1296 2339 Romae
1314 2305 1457 2339 Petrum
1477 2301 1672 2349 apostolum

193 2352 296 2397 vidit,
324 2352 471 2396 audivit,
497 2363 643 2397 cumque
665 2363 707 2386 eo
733 2356 788 2386 est
807 2350 1009 2386 collocutus.
1032 2350 1064 2385 is
1089 2351 1180 2385 enim
1204 2356 1416 2394 nostrorum,
1440 2361 1527 2395 quos
1547 2350 1590 2383 ab
1609 2361 1671 2383 ex-

193 2398 402 2433 ercitatione
427 2400 594 2433 bonorum
621 2409 763 2444 operum
790 2403 927 2432 ascetas
950 2398 1138 2443 vocabant,
1164 2399 1319 2443 probans
1343 2396 1465 2441 vitam,
1491 2395 1613 2430 mirum
1635 2395 1673 2429 in

192 2446 329 2479 modum
348 2445 510 2479 laudibus
534 2445 627 2479 tollit
650 2456 693 2479 ac
715 2444 899 2489 magnifice
924 2444 1106 2490 praedicat
1129 2444 1340 2490 apostolicos
1365 2455 1450 2478 suae
1470 2441 1598 2477 aetatis
1616 2441 1672 2475 vi-

192 2502 264 2535 ros,
285 2493 329 2526 ab
344 2491 510 2536 Ebraeis,
536 2496 575 2526 ut
591 2491 745 2536 videtur,
771 2490 951 2535 oriundos,
976 2502 1017 2525 ac
1033 2491 1247 2526 Essaeorum
1264 2490 1418 2524 moribus
1436 2494 1471 2523 et
1488 2488 1674 2534 disciplina

193 2538 375 2582 praeclare
401 2537 497 2584 prius
521 2537 717 2573 institutos.
764 2538 978 2572 Essaeorum
1006 2543 1104 2572 secta
1127 2537 1321 2572 scribarum
1346 2541 1383 2570 et
1404 2535 1672 2570 Pharisaeorum

192 2583 362 2618 iustitiam
386 2595 510 2629 magno
537 2589 620 2630 post
643 2596 682 2619 se
704 2583 850 2630 reliquit
872 2583 1072 2618 intervallo.
1122 2584 1147 2618 ii
1171 2596 1192 2618 a
1221 2583 1399 2617 Ionadabo
1426 2581 1578 2617 Richabi
1601 2581 1674 2615 filio

193 2641 304 2674 genus
330 2631 509 2674 ducentes,
533 2630 872 2685 praestantissimam
895 2630 1000 2674 longe
1023 2630 1110 2664 nihil
1135 2629 1338 2676 possidendi
1362 2629 1547 2672 rationem,
1571 2627 1674 2662 iusti-

194 2678 302 2718 tiam,
335 2680 601 2722 temperantiam
625 2682 732 2723 atque
754 2676 891 2712 duriter
915 2677 1072 2721 agendae
1095 2676 1192 2711 vitae
1220 2675 1418 2710 institutum
1435 2675 1676 2716 intenderunt,

199 2722 292 2756 sicut
315 2727 352 2756 et
371 2723 542 2767 Iosephus
570 2725 615 2758 de
642 2724 687 2758 iis
718 2723 854 2759 scribit.
902 2722 1031 2758 Essaei
1053 2723 1195 2758 natione
1219 2722 1340 2758 Iudaei
1364 2728 1458 2758 sunt.
1508 2721 1534 2755 ii
1557 2732 1674 2754 amore

199 2773 316 2802 mutuo
341 2773 378 2802 et
399 2768 568 2812 religione
593 2770 672 2805 aliis
696 2770 920 2815 antecellunt,
944 2770 1161 2815 voluptatem
1184 2775 1347 2814 tanquam
1373 2767 1545 2813 flagitium
1569 2778 1674 2800 aver-

200 2821 334 2856 santur,
358 2816 624 2859 temperantiam
649 2816 899 2851 continentiam
923 2820 959 2850 et
983 2817 1170 2851 affectuum
1198 2815 1407 2850 vacuitatem
1432 2812 1573 2848 virtutis
1597 2811 1674 2846 loco

200 2866 390 2897 sectantur.
438 2861 657 2898 matrimonia
681 2863 752 2909 ipsi
774 2862 976 2909 negligunt,
1010 2862 1145 2899 alienos
1170 2869 1285 2898 autem
1312 2861 1444 2898 liberos
1467 2866 1591 2895 tenera
1611 2860 1673 2893 ad-
