1742 3184
225 215 326 262 222
538 239 541 242 -
711 212 951 260 GEORGII
976 207 1224 259 GEDRENI

223 334 306 374 τῶν
320 326 531 387 Ἑλλήνων
552 331 609 382 εἷς
622 331 859 387 συμμαχίαν
876 327 1228 384 ἐπικαλεσάμενος,
1252 327 1388 385 ἐπειδὴ
1409 322 1483 385 ἧκε
1501 327 1578 373 σὺν
1595 326 1705 388 ὄχλῳ

223 404 361 460 πολλῷ
381 403 449 444 καὶ
470 405 597 460 θυμῷ
618 405 762 458 βαρεῖ,
797 405 856 459 τῷ
878 400 1055 454 Ἀχιλλεῖ
1067 398 1296 454 Δσυμβαλὼν
1315 398 1363 441 οὗ
1380 396 1507 453 μόνον
1526 398 1602 455 τὴν
1619 403 1704 442 θυ-

221 471 372 527 γατέρα
391 473 458 513 καὶ
479 471 576 522 τοὺς
599 469 805 529 ἀδελφοὺς
825 470 952 525 αὐτῆς
971 471 1038 512 καὶ
1059 469 1133 524 τὴν
1155 469 1283 512 αὐτοῦ’
1303 467 1420 511 πόλιν
1447 468 1565 511 οὐδέν
1594 467 1701 524 ὤνη-

218 558 300 593 σεν,
336 540 441 583 ἀλλὰ
460 544 527 583 καὶ
549 538 672 591 αὐτὸς
693 542 762 582 καὶ
785 540 824 582 οἳ
845 539 920 582 σὺν
943 541 1055 598 αὐτῷ
1077 537 1223 589 πάντες
1242 538 1360 595 ἔργον
1380 538 1560 592 πολέμου
1582 536 1700 594 γεγό-

216 627 327 654 νασι.
374 612 441 653 καὶ
462 610 514 653 τὰ
535 611 609 666 μὲν
627 609 733 652 ἄλλα
755 608 889 652 πάντα
908 613 967 667 τῷ
987 613 1150 667 στρατῷ
1168 609 1380 665 ἐμερίσθη,
1416 607 1492 663 τὴν
1515 608 1560 650 δὲ
1576 610 1733 664 Χρυ-5

217 682 344 736 ση”ι’”δα
367 678 679 736 ὃἈγαμέμνων,
708 677 998 733 Ἱπποδάμειαν
1022 679 1067 721 δὲ
1094 678 1168 734 τὴν
1195 679 1263 721 καὶ
1289 679 1499 735 Βρισηΐδα
1523 675 1542 720 ὁ
1565 677 1700 732 Ἀχιλ-

214 750 307 801 λεὺς
328 748 435 808 λόγῳ
457 748 685 807 ἐκράτησαν
703 753 936 791 παλλακῶν.
977 746 1210 802 λοιμώδους
1233 748 1278 790 δὲ
1294 746 1418 790 νόσου
1436 745 1701 802 ἒνσκηψάσης

213 824 272 878 τῷ
290 823 475 878 στρατῷ,
511 823 563 876 τῇ
583 823 656 862 τοῦ
679 817 922 874 Κάλχαντος
939 819 1110 878 μαντείᾳ
1128 820 1319 875 Χρυσηῒς
1335 821 1392 876 τῷ
1413 818 1536 874 πατρὶ
1552 817 1699 859 ἀποδί-

161 898 193 934 D
219 891 357 942 δοται,
401 891 608 945 Βρισηΐδα
644 889 689 931 δὲ
717 889 792 944 τὴν
821 893 894 931 τοῦ
922 889 1136 944 Ἀχιλλέως
1168 887 1404 946 ἀφαιρεῖται
1435 887 1699 943 Ἀγαμέμνων

214 958 311 1016 ἄχρι
345 963 504 1013 καιροῦ.
574 959 761 1001 ἐντεῦθεν
787 959 993 1014 χολωθεὶς
1020 957 1228 1012 Ἀχιλλεὺς
1261 957 1454 1012 ἀπέσχετο
1484 955 1588 1012 μετὰ
1617 959 1698 998 τῶν
1712 960 1742 995 1(

213 1027 503 1086 Μυρμιδόνων
531 1033 605 1071 τοῦ
638 1035 724 1080 τοῖς
755 1029 899 1086 Τρωσὶ
932 1032 1121 1083 πολεμεῖν
1129 1059 1143 1080 ,
1187 1027 1262 1078 ἕως
1294 1029 1476 1083 ἰσχυροῖς
1505 1016 1700 1080 πολέμοις

212 1098 383 1156 ὕστερον
405 1098 444 1141 οἳ
472 1099 562 1155 περὶ
587 1098 657 1141 τὸν
685 1098 981 1154 ’Λγαμέμνονα
1010 1094 1325 1152 κατανικώμενοι
1357 1095 1506 1154 δώροις
1534 1099 1699 1145 πολλοῖς

214 1170 281 1212 καὶ
304 1167 608 1226 παρακλήσεσιν
627 1166 896 1223 ἓδυσώπησαν
919 1167 1044 1210 αὐτὸν
1064 1169 1242 1218 ἐξελθεῖν
1264 1165 1359 1220 μετ’
1383 1166 1537 1209 αὖτῶνξ
1584 1165 1701 1215 Αἴας

215 1239 260 1282 δὲ
280 1236 301 1281 ὅ
326 1236 589 1293 Τελαμώνιος
610 1237 713 1294 πρὸς
731 1238 827 1288 τοὺς
849 1239 890 1280 ἓν
911 1235 1165 1294 Χερρονήσῳ
1183 1236 1354 1296 Θρᾷκας
1370 1233 1582 1292 γενόμενος
1600 1235 1697 1277 ἔπο-

211 1307 388 1365 λιόρκει·
438 1306 483 1350 ὃν
503 1305 796 1365 Πολυμήστωρ
831 1305 852 1349 ὃ
888 1305 1044 1349 τούτων
1074 1306 1268 1360 βασιλεὺς
1302 1307 1508 1362 φοβηθεὶς
1538 1304 1695 1363 χρυσὸν
1709 1307 1742 1341 l!

210 1379 347 1421 ἐδίδου
372 1376 514 1429 πολύν,
551 1379 619 1420 καὶ
643 1385 754 1421 σῖτον
784 1380 979 1419 τοσοῦτον
1012 1374 1108 1419 ὅσον
1137 1380 1196 1434 τῷ
1223 1376 1419 1433 Ἀχαϊκῷ
1448 1378 1610 1433 στρατῷ
1639 1375 1697 1424 εἷς

206 1447 390 1491 ’ἐνιαυτὸν
420 1447 646 1504 ἐξαρκέσαι.
732 1445 810 1501 εἶχε
845 1446 890 1488 δὲ
918 1446 1003 1488 ἐκεῖ
1028 1443 1288 1502 Πολύδωρον
1320 1444 1390 1487 τὸν
1421 1443 1585 1487 πάντων
1613 1447 1696 1486 τῶν

203 1515 403 1576 Πριάμου
434 1517 534 1560 υἱῶν
565 1513 820 1573 μικρότερον,
864 1514 910 1558 ὃν
940 1515 1142 1573 παρέθετο
1174 1512 1473 1571 Πολυμήστορι
1500 1514 1696 1570 Πριάμος

56 1589 88 1626 P
113 1590 180 1627 127
205 1588 514 1645 ἀνατραφῆναι·
547 1586 642 1628 ἀλλ’
668 1586 792 1636 αὐτὸς
814 1584 938 1628 αὐτὸν
962 1584 1128 1627 ἔκδοτον
1148 1588 1207 1642 τῷ
1221 1584 1373 1627 Αἴαντι
1396 1581 1597 1634 δεδωκώς,
1625 1583 1694 1625 καὶ

203 1656 436 1714 ἐγγράφους
456 1653 670 1711 συνθήκας
691 1654 921 1710 πεποιηκὼς
941 1655 1143 1709 μηδέποτε
1161 1651 1463 1711 ὖπερμαχήσειν
1475 1651 1690 1709 Πριάμου,
1703 1653 1742 1689 20

203 1727 434 1769 ἀπέστειλεν
463 1724 600 1768 αὐτόν.
671 1722 691 1767 ὃ
715 1725 829 1775 Αἴας
851 1725 895 1766 δὲ
920 1725 1076 1766 ἐκεῖθεν
1100 1721 1288 1781 ὁρμήσας
1315 1722 1418 1780 πρὸς
1439 1721 1689 1779 Τεύθραντα

202 1791 307 1852 ἦλθε
326 1793 557 1851 τοπάρχην·
582 1793 628 1837 ὃν
642 1792 807 1846 ἀνελών,
828 1795 896 1836 καὶ
915 1793 988 1849 τὴν
1009 1793 1136 1836 αὐτοῦ
1154 1791 1271 1836 πόλιν
1288 1790 1608 1848 ἐκπολιορκήσας
1619 1793 1689 1835 καὶ

200 1866 277 1921 τὴν
298 1865 510 1922 θυγατέρα
532 1864 780 1919 Τέκμησσαν
801 1864 1106 1919 αῗχμαλωτίσας
1128 1862 1253 1920 ἤγαγε
1272 1862 1405 1906 πάντα
1424 1862 1497 1906 τὸν
1514 1866 1691 1905 πλοῦτον

203 1935 348 1986 νυκτὸς
361 1935 424 1976 ἐπὶ
441 1928 713 1992 τὸν”στρατόν.
742 1937 795 1992 τῇ
815 1938 913 1990 γοῦν
933 1931 1028 1989 ἑξῆς
1047 1933 1187 1977 ἲστῶσι
1210 1934 1420 1976 κατέναντι
1441 1936 1515 1977 τοῦ
1534 1932 1691 1988 τείχους

205 2135 244 2169 et
265 2133 471 2179 L'ycaonum
497 2131 652 2179 auxiliis,
675 2144 801 2178 magua
825 2143 901 2167 cum
924 2131 1099 2167 hominum
1123 2132 1230 2166 turba
1252 2129 1354 2176 gravi
1377 2129 1433 2165 ira
1455 2129 1612 2177 percitus
1630 2141 1691 2165 re-

204 2180 285 2215 diit.
323 2180 374 2214 ibi
396 2191 472 2216 cum
492 2179 628 2215 Achille
653 2190 862 2225 congressus
885 2190 1001 2225 neque
1022 2179 1117 2213 filiae
1140 2178 1294 2223 filiisque
1318 2182 1356 2212 et
1378 2177 1458 2213 urbi
1479 2189 1566 2212 suae
1589 2177 1692 2222 quic-

204 2238 308 2273 quam
331 2227 488 2273 profuit,
524 2232 562 2262 et
592 2226 671 2273 ipse
701 2236 778 2261 cum
811 2225 970 2261 exercitu
996 2237 1060 2260 suo
1093 2226 1301 2260 interfectus
1337 2230 1405 2259 est.
1452 2223 1585 2258 divisa·
1597 2224 1693 2259 inter

203 2273 333 2308 milites
363 2275 497 2319 praeda
525 2273 758 2319 Chryseidem
790 2273 1047 2318 Agamemnon,
1079 2271 1351 2319 Hippodamiam
1375 2270 1528 2305 Achilles
1552 2269 1692 2316 pellicis

199 2316 280 2355 loco
313 2320 478 2356 obtinuit.
526 2326 627 2367 peste
667 2325 783 2355 autem
824 2319 1016 2354 exercitum
1055 2320 1249 2354 infestante
1281 2317 1483 2353 Calchantis
1518 2316 1690 2352 vaticinio

200 2366 376 2412 Chryseis
408 2367 502 2413 patri
527 2367 707 2413 redditur,
742 2367 939 2402 Briseidem
971 2365 1099 2401 Achilli
1126 2366 1365 2412 Agamemnon
1388 2365 1524 2407 aufert,
1560 2369 1597 2398 et
1615 2363 1689 2398 ‘ali-

198 2413 366 2459 quamdiu
390 2425 508 2448 secum
530 2419 642 2449 tenet.
690 2414 915 2460 quamobrem
939 2412 1094 2448 Achilles
1125 2413 1238 2448 iratus
1268 2423 1308 2446 se
1337 2416 1373 2446 et
1396 2410 1641 2456 Myrmidonas
1665 2422 1688 2446 a

198 2471 319 2506 pugna
344 2460 516 2495 abstinuit
537 2460 736 2506 tantisper,
771 2460 884 2495 donec
906 2459 1144 2505 Agamemnon
1169 2459 1338 2506 gravibus
1362 2458 1521 2493 cladibus
1546 2457 1689 2492 attritus

196 2507 314 2541 multis
335 2518 411 2541 eum
434 2507 536 2542 donis
556 2520 597 2542 ac
619 2506 931 2553 deprecationibus
956 2507 1132 2553 permovit
1155 2513 1194 2541 ut
1216 2510 1354 2540 rursum
1377 2515 1455 2539 cum
1477 2503 1627 2538 Graecis
1651 2503 1689 2538 in

198 2553 310 2587 aciem
334 2553 460 2589 exiret.
509 2554 600 2589 Aiax
625 2559 740 2589 autem
765 2551 993 2588 Telamonius
1016 2554 1176 2589 Thraces
1202 2553 1400 2595 obsidebat,
1426 2550 1487 2596 qui
1509 2550 1547 2584 in
1572 2550 1689 2585 Cher-

195 2610 324 2633 roneso
351 2599 526 2635 habitant.
577 2612 655 2636 eum
686 2601 814 2635 timens
844 2611 909 2634 rex
940 2600 1063 2634 horum
1088 2600 1313 2645 Polymestor
1345 2596 1422 2632 auri
1446 2596 1589 2632 multum
1615 2596 1687 2643 ipsi

196 2645 309 2690 dedit,
343 2650 548 2693 tantumque
569 2647 736 2682 frumenti
761 2651 926 2693 quantum
951 2646 1105 2682 Achaico
1131 2645 1304 2681 exercitui
1326 2644 1365 2678 in
1388 2653 1516 2678 annum
1539 2643 1687 2678 suffice-

197 2696 267 2725 ret.
317 2691 470 2727 habebat
497 2705 615 2729 secum
642 2694 868 2739 Polymestor
897 2693 1030 2728 Priami
1054 2693 1205 2728 filiorum
1229 2694 1347 2727 aetate
1370 2690 1548 2725 minimum
1571 2689 1685 2735 Poly-

198 2737 344 2783 dorum,
380 2739 450 2773 sibi
483 2752 504 2774 a
533 2746 635 2786 patre
659 2741 875 2777 educandum
896 2740 1078 2775 traditum.
1125 2740 1218 2774 hunc
1237 2748 1378 2785 quoque
1399 2736 1501 2772 Aiaci
1524 2736 1684 2780 tradidit,

196 2783 395 2829 foedusque
418 2786 587 2832 scriptum
610 2787 768 2834 pepigit,
801 2797 976 2833 nunquam
1007 2798 1046 2821 se
1072 2786 1215 2821 Priamo
1239 2795 1342 2831 opem
1363 2784 1534 2818 laturum:
1561 2783 1684 2828 itaque

197 2829 340 2864 Aiacem
364 2836 525 2876 pacatum
555 2834 700 2869 dimisit.
750 2834 840 2869 Aiax
861 2834 945 2868 inde
972 2833 1016 2868 ad
1041 2833 1298 2868 Teuthrantem
1320 2830 1477 2876 regulum
1497 2841 1537 2865 se
1556 2835 1681 2865 contu-

196 2874 250 2920 lit,
277 2887 379 2920 quem
402 2882 437 2911 et
458 2880 609 2924 necavit,
635 2882 756 2915 urbem
778 2881 855 2916 eius
876 2880 1106 2928 expugnavit,
1127 2879 1303 2924 filiamque
1319 2878 1545 2912 Tecmessam
1566 2875 1679 2921 capti-

197 2930 276 2958 vam
299 2923 457 2970 abduxit,
485 2936 527 2960 ac
548 2931 655 2963 noctu
680 2938 800 2964 omnes
823 2929 910 2975 opes
930 2927 970 2963 in
985 2931 1108 2964 ‘castra
1126 2929 1344 2963 Graecorum
1364 2923 1522 2961 advexit.
1547 2922 1680 2971 postri-
