1742 3184
202 171 305 222 514
685 170 927 218 GEORGII
961 167 1210 215 GEDRENI

203 289 380 349 ἄχρονον
397 289 466 334 καὶ
486 286 559 332 &115
561 305 621 333 ιον
640 288 708 332 καὶ
727 286 990 342 ἆμεσίτευτον
1005 285 1074 328 καὶ
1093 284 1247 337 παντὸς
1262 282 1463 343 λόγουκαὶ
1474 287 1548 329 νοῦ
1557 284 1692 343 κρείτ-

203 378 305 406 τονα
323 358 502 418 πρόοδον
520 363 593 403 τοῦ
615 358 710 402 υἷοῢ
732 357 811 400 ἀπὸ
836 360 910 401 τοῦ
930 355 1087 413 πατρὸς
1106 355 1288 411 γέννησιν
1309 358 1502 398 καλοῦσιν
1525 354 1567 397 αἱ
1587 371 1693 411 γρα-

206 432 286 490 φαὶ
305 430 382 486 οὔχ
399 431 470 472 ἵνα
490 427 630 479 πάθος
644 425 945 484 ὗπογράψωσιν
955 458 969 478 ,
1004 425 1100 468 ἀλλ’
1119 427 1190 468 ‘Ira
1210 425 1257 469 τὸ
1282 422 1503 479 ὅμοοῦσιον
1525 421 1693 467 ὑποδεί-

205 504 353 554 ξωσιν·
389 496 592 554 ὃμοοῦσια
614 496 694 554 γὰρ
717 501 776 555 τῷ
800 495 887 539 ὄντι
904 496 958 539 τὰ
987 492 1204 550 τικτόμενα
1232 501 1318 546 τοῖς
1338 495 1556 538 τίκτουσιν.
1620 495 1693 536 ‘iva

205 571 252 614 δὲ
270 569 330 626 μὴ
350 569 579 627 φαντασίαν
597 564 763 618 πάθους
783 566 1011 623 ἓπικομῖσῃ,
1039 563 1160 621 λόγον
1180 562 1567 623 προσαγορεύουσιν.
1620 565 1692 605 ἵνα
1704 568 1726 604 5

1149 632 1164 647 ε

206 638 266 696 μὴ
305 636 500 696 νεώτερος
536 637 760 694 ἕπινοηθῇ,
800 634 875 679 “ε’ν
910 635 1017 693 ἀρχῇ
1055 630 1106 692 ἦν
1145 652 1167 677 ο
1208 632 1358 691 λόγος”
1399 634 1539 691 φασίν.
1608 630 1696 676 εἶτα

1518 700 1532 716 ζ

154 714 188 750 D
213 710 282 752 καὶ
327 709 404 764 τὴν
450 706 555 764 πρὸς
600 705 671 748 τὸν
706 705 863 763 πατέρα
897 705 1034 761 σχέσιν
1068 702 1335 762 κηρύττοντες
1370 701 1472 746 ι(καὶ
1514 720 1536 745 ο
1578 700 1698 758 λόγος

1588 766 1609 786 T
1677 768 1691 784 C

65 1401 189 1439 9294

207 773 259 835 ἧν
295 777 399 835 πρὸς
426 777 500 820 τὸν
541 774 692 818 &aiv-²²
765 774 852 819 εἶτα
893 777 962 818 καὶ
999 774 1076 829 τὴν
1118 774 1260 827 ἀξίαν,
1300 771 1405 816 “nai
1444 771 1545 823 θεὸς
1581 790 1632 827 ην
1672 788 1695 813 ο

208 846 371 904 λόγος.”
443 847 488 889 ἔκ
519 845 595 901 μέν
625 848 700 889 τοῦ
725 845 818 888 υἱοῦ
855 844 901 888 τὸ
936 842 1178 899 ὅμοούσιον,
1223 845 1268 886 ἔκ
1307 844 1352 886 δὲ
1390 846 1467 886 τοῦ
1495 841 1618 898 λόγου
1649 840 1696 883 τὸ

209 916 393 968 ἀπαθές,
428 917 497 960 καὶ
531 915 575 958 ἐκ
604 915 679 970 μὲν
707 918 782 957 τοῦ
813 915 856 957 ἓν
886 914 996 971 ἀρχῇ
1031 912 1131 957 εἶναι
1155 913 1202 956 τὸ
1227 915 1459 964 συναῖῖῖιον,
1495 913 1540 955 ἐκ
1561 912 1605 953 δὲ
1623 914 1695 953 τοῦ
1711 917 1742 953 1(

207 987 314 1045 πρὸς
344 985 416 1029 τὸν
446 985 605 1042 πατέρα
640 982 739 1027 εἶναι
767 984 842 1040 τὴν
873 984 979 1041 πρὸς
1009 983 1134 1026 αὐτὸν
1166 981 1415 1039 οἲκειότητα,
1452 980 1522 1024 διὰ
1552 981 1596 1023 δὲ
1625 983 1701 1023 τοῦ

207 1056 312 1100 θεὸν
342 1053 442 1099 εἶναι
475 1054 550 1110 τὴν
579 1054 696 1106 ἀξίαν
719 1053 848 1097 αὐτοῦ
867 1051 1203 1108 καταμαθόντες,
1253 1055 1323 1096 καὶ
1344 1054 1386 1103 ἓξ
1408 1050 1583 1094 ἑκάστου
1606 1048 1702 1092 ὀνό-

207 1143 342 1182 ματος
369 1124 416 1168 τὸ
447 1123 507 1179 μὴ
542 1125 754 1181 ἓφορμοῦν
787 1125 856 1166 καὶ
888 1123 1065 1180 ἀπρεπὲς
1095 1121 1464 1177 ἀποπεμψάμενοι,
1511 1118 1599 1163 οἷον
1620 1119 1699 1164 ἀπὸ

208 1196 285 1252 μὲν
319 1198 395 1238 τοῦ
423 1194 516 1237 υἱοῦ
548 1193 594 1236 τὸ
628 1191 847 1251 νεώτερον,
896 1192 976 1234 ἀπὸ
1009 1193 1056 1235 δὲ
1082 1197 1158 1234 τοῦ
1185 1190 1309 1248 λόγου
1330 1192 1377 1234 τὸ
1407 1189 1703 1240 ἀνυπόστατον,

208 1265 313 1308 θεὸν
344 1264 479 1306 ἀΐδιον
514 1260 735 1317 ὅμυούσιον
764 1264 833 1305 καὶ
862 1261 1026 1318 ἀγαθὸν
1057 1263 1125 1304 καὶ
1158 1259 1344 1319 ἄχρόνως
1373 1261 1418 1304 ἐκ
1447 1263 1523 1305 τοῦ
1545 1258 1702 1317 πατρὸς
1715 1267 1742 1304 14

209 1331 470 1393 προελθόντα
494 1332 692 1387 εἷδειήμέν
711 1349 754 1375 τε
777 1334 844 1375 καὶ
864 1329 1236 1389 προσκυνήσωμεν.

350 1402 479 1447 Μετὰ
509 1400 695 1444 θάνατον
718 1401 961 1445 Εὗσταθίου
994 1405 1070 1444 τοῦ
1102 1397 1333 1457 ἆγιωτάτου
1365 1395 1587 1443 ἐπισκόπου
1611 1396 1706 1442 ,Ἀν-

210 1473 386 1529 τιοχειάς
412 1472 653 1526 Φλαβιανὸς
673 1469 695 1514 ὃ
719 1472 847 1527 μέγας
868 1471 1178 1529 προχειρίζεται.
1246 1468 1408 1520 τούτοις
1433 1475 1519 1520 τοῖς
1539 1469 1707 1525 χρόνοις

212 1541 371 1602 ἂνεφύη
392 1543 461 1585 καὶ
478 1539 505 1597 ἡ
526 1546 609 1585 τῶν
627 1543 919 1585 Μασαλιανῶν
944 1542 1098 1598 αἵρεσις
1117 1539 1192 1584 εἴτ’
1217 1534 1290 1582 οὖν
1311 1539 1498 1594 Εὗχιτιῦν
1521 1540 1589 1581 καὶ
1613 1538 1706 1581 Ἐν·-

211 1615 479 1656 θουσιαστῶν
514 1613 584 1654 καὶ
611 1612 925 1666 Λαμπετιανῶν
950 1612 1018 1653 καὶ
1045 1611 1289 1667 Βογομίλων
1319 1607 1607 1665 (πολυώνυμος
1626 1605 1742 1664 γάρὲ

212 1682 323 1726 ἔστιν
343 1680 468 1737 αὕτη)
490 1680 570 1723 ἀπὸ
585 1681 805 1738 Ἀδελφιοῦ
824 1682 894 1723 καὶ
905 1679 1067 1736 Λαδιῦη
1090 1682 1156 1723 καὶ
1169 1678 1293 1734 Σάβα
1310 1680 1378 1723 καὶ
1390 1681 1609 1734 Συμεῶνος
1628 1681 1710 1720 τῶν

216 1751 506 1811 αἱρεσιαρχιῦν.
558 1748 638 1808 ἀφ’
664 1743 723 1794 ὧν
743 1749 766 1794 ὃ
789 1750 919 1808 μέγας
942 1749 1182 1806 Φλαβιανός
1199 1748 1408 1806 μοναχοῦς
1428 1748 1712 1807 συναθροίσας

309 1878 335 1914 9
354 1873 424 1922 μὲν
446 1868 520 1913 οὖν
541 1876 645 1913 tofi?

218 2004 314 2038 num,
337 1991 431 2027 nullo
453 1990 570 2027 medio
595 1991 853 2038 interceptum,
878 1992 1044 2039 omnique
1062 1991 1203 2029 ratione
1228 1995 1265 2029 et
1287 1991 1472 2029 intellectu
1497 1992 1717 2039 superiorem

217 2041 287 2077 filii
310 2052 332 2075 a
356 2045 459 2086 patre
482 2051 709 2086 progressum
731 2039 929 2085 genituram
951 2045 1104 2085 vocant,
1137 2053 1208 2076 non
1232 2046 1272 2075 ut
1292 2040 1459 2076 accidens
1485 2041 1627 2086 aliquod
1651 2041 1717 2076 de-

218 2087 376 2132 signent,
402 2086 466 2121 sed
490 2091 530 2121 ut
554 2085 726 2121 unitatem
750 2090 899 2121 naturae
923 2087 1136 2132 exprimant.
1178 2099 1308 2123 revera
1330 2088 1423 2123 enim
1447 2099 1539 2134 quae
1562 2087 1717 2133 gignun-

217 2138 278 2169 tur
303 2138 341 2168 et
364 2144 458 2178 qnae
481 2132 645 2178 gignunt,
670 2132 827 2169 eiusdem
854 2139 938 2169 sunt
959 2134 1054 2169 inter
1077 2146 1118 2169 se
1140 2139 1303 2170 naturae.
1352 2147 1395 2170 ac
1418 2146 1464 2169 ne
1487 2140 1527 2170 tu
1553 2135 1719 2169 accidens

218 2179 366 2225 aliquod
389 2179 618 2224 imagineris,
653 2179 746 2214 filius
773 2181 920 2215 verbum
950 2192 1014 2215 seu
1039 2180 1132 2216 ratio
1156 2181 1308 2224 dicitur3
1343 2193 1389 2216 ne
1412 2186 1516 2227 patre
1539 2181 1719 2227 posterio-

219 2238 297 2262 rem
319 2230 486 2272 putares,
523 2226 695 2284 scriptum
725 2230 781 2261 est
802 2221 862 2261 “in
888 2227 1063 2273 principio
1091 2233 1170 2263 erat
1192 2224 1378 2263 verbum.”
1427 2228 1570 2263 additur
1592 2240 1650 2263 res
1679 2240 1719 2262 e-

221 2278 300 2309 ctus
325 2273 371 2307 ad
395 2277 550 2319 patrem:
581 2269 589 2283 ³
608 2277 645 2308 et
667 2274 816 2307 verbum
842 2280 919 2308 erat
943 2276 1036 2320 apud
1061 2271 1201 2309 deum.”
1248 2274 1435 2309 subiicitur
1459 2274 1635 2321 dignitas:
1670 2272 1721 2309 ‘et

221 2320 370 2355 verbum
395 2324 475 2354 erat
497 2316 624 2354 deus?
669 2319 843 2355 vocabulo
868 2320 933 2355 filii
958 2321 1115 2356 essentia
1136 2322 1271 2365 eadem,
1295 2321 1422 2365 verbi,
1448 2322 1610 2357 vacuitas
1634 2333 1720 2367 per-

222 2366 448 2414 pessionum,
482 2364 520 2400 in
545 2366 724 2412 principio
748 2366 882 2411 fuisse,
908 2368 1102 2402 aeternitas
1127 2379 1204 2403 cum
1229 2371 1332 2414 patre
1353 2368 1386 2402 ei
1409 2368 1599 2403 communis
1624 2368 1721 2403 indi-

224 2418 349 2455 catum
379 2411 474 2459 apud
499 2419 636 2458 patrem
657 2412 771 2448 fuisse
796 2413 1112 2458 necessitudinem,
1138 2414 1242 2449 deum
1266 2426 1368 2459 esse,
1391 2414 1601 2459 dignitatem
1625 2415 1718 2450 eius.

224 2459 353 2504 quibus
378 2458 633 2504 consideratis,
665 2471 707 2494 ac
728 2460 773 2494 de
800 2460 949 2505 singuiis
983 2472 1025 2495 ea
1058 2472 1150 2506 quae
1182 2473 1253 2496 non
1274 2460 1492 2496 conveniunt
1515 2473 1631 2507 neque
1653 2463 1719 2497 de-

224 2510 307 2540 cent
330 2505 558 2550 amolientes,
584 2511 623 2541 ut
647 2506 692 2541 de
714 2506 809 2550 filio,
834 2507 1090 2552 posteriorem,
1114 2509 1159 2542 de
1182 2509 1316 2552 verbo,
1350 2507 1498 2553 propria
1519 2508 1720 2543 substantia

225 2563 366 2597 carens,
388 2551 441 2587 ita
462 2551 602 2598 quidem
623 2552 733 2588 filium
752 2558 932 2589 aeternum
955 2554 1059 2589 deum
1083 2554 1240 2589 eiusdem
1263 2565 1339 2588 cum
1361 2559 1464 2600 patre
1486 2555 1720 2600 substantiae,

227 2598 378 2679 δοιιιιέι),
403 2603 441 2634 et
463 2599 526 2645 qui
550 2604 652 2635 extra
674 2604 813 2646 tempus
837 2612 859 2635 a
881 2604 985 2647 patre
1008 2612 1216 2647 progressus
1239 2600 1306 2646 sit,
1330 2612 1562 2646 agnoscemus
1586 2613 1629 2636 ac
1653 2612 1719 2636 ve-

227 2655 315 2679 nera
340 2656 443 2680 1mur.

320 2690 464 2726 Mortuo
488 2690 708 2727 Antiocheae
732 2692 900 2739 episcopo
933 2693 1157 2728 sanctissimo
1191 2692 1380 2728 Eustathio
1414 2693 1612 2729 Flavianus
1643 2705 1719 2729 ma-

225 2746 316 2781 gnus
341 2739 568 2784 subrogatur.
614 2739 659 2774 iis
680 2739 899 2785 temporibus
921 2740 1215 2775 Messalianorum
1237 2739 1395 2775 haeresis
1413 2741 1552 2776 initium
1573 2741 1720 2782 habuit3

228 2781 291 2827 qui
316 2786 353 2816 et
375 2783 554 2820 Euchitae
578 2797 599 2820 a
621 2786 808 2831 precibus,
844 2791 880 2821 et
914 2788 958 2822 ab
990 2787 1159 2822 instinctu
1189 2785 1341 2821 numinis
1362 2787 1638 2832 Enthusiastae,
1678 2799 1721 2822 ac

227 2832 416 2874 praeterea
438 2831 663 2877 Lampetiani
686 2839 792 2877 atque
815 2833 990 2878 Bogomili
1014 2834 1248 2868 nominantur.
1273 2832 1454 2879 principes
1490 2839 1612 2870 sectae
1637 2834 1719 2869 sue-

228 2878 314 2910 runt
336 2874 543 2924 Adelphius,
563 2878 701 2927 Dadoa,
724 2880 823 2917 saba
844 2886 883 2916 et
903 2880 1062 2916 Simeon.
1093 2880 1139 2916 de
1164 2879 1230 2916 hac
1254 2884 1352 2916 secta
1374 2880 1568 2918 Flavianus
1589 2880 1719 2917 multos
