1742 3184
211 170 312 220 576
547 167 567 205 j
687 169 930 216 GEORGII
963 164 1207 216 UEDRENI

209 283 529 346 παρειστήκεσαν
567 290 618 346 τῇ
659 283 908 344 θεομήτορι,
956 282 1148 344 σύνεγγυς
1191 285 1236 330 δὲ
1273 281 1424 343 ταύτης
1451 284 1524 329 τὸν
1547 282 1683 341 ’μέγαν

209 357 523 415 Χρυσόστομον.
593 357 697 399 ἔνθα
731 357 775 398 δὲ
808 357 1055 414 πειραθέντα
1089 354 1298 413 Κύριλλον
1328 353 1553 412 πλησιάσαι
1581 357 1683 406 ἐξω-

209 431 383 471 θεῖσθαι
406 425 621 485 προστάξει
642 430 716 468 τοῦ
728 423 931 478 Ἰωάννου,
965 425 1039 481 τὴν
1057 426 1213 483 μητέρα
1235 427 1279 469 δὲ
1297 431 1370 469 τοῦ
1389 426 1530 483 κυρίου
1554 439 1682 480 πρεσ-

206 496 410 552 βεύουσαν
437 495 537 554 ὑπὲρ
569 495 695 538 αὐτοῦ
715 497 783 537 καὶ
801 497 1118 553 παραδεχθῆναι
1140 496 1355 548 ἀξιοῦσαν,
1390 493 1446 546 ὥς
1473 494 1545 537 οὐκ
1566 493 1681 549 ὀλίγα

206 564 307 623 ’ὅπερ
329 571 404 622 τῆς
425 564 546 620 δόξης
568 565 696 620 αὐτῆς
716 563 980 620 πεποιηκότος
1004 567 1060 616 εἷς
1082 565 1128 608 τὸ
1149 564 1347 608 θεοτόκον
1376 563 1502 619 αὐτὴν
1529 560 1714 617 ὄνομά-5

207 637 367 688 ζεσθαι.
437 638 493 685 εἷς
524 632 669 676 ἑαυτὸν
701 635 745 676 δὲ
773 631 794 676 ὅ
828 634 933 691 ἱερὸς
954 633 1158 691 Κύριλλος
1178 632 1389 691 γενόμενος
1411 633 1587 688 κατέγνω
1607 632 1682 686 μὲν

207 703 353 748 ἑαυτοῦ
364 737 377 756 ,
411 711 497 754 τοῖς
525 705 568 746 δὲ
595 708 667 746 τοῦ
689 703 990 760 Χρυσοστόμου
1012 702 1206 758 ἑπόμενος
1225 710 1326 747 πᾶσι.
1345 705 1413 746 καὶ
1434 701 1592 745 δώδεκα
1613 718 1682 743 κε-

151 785 183 821 D
210 772 367 832 φάλαια
395 773 557 824 ἐξέθετο
588 772 811 828 δογματικοὶ
835 775 902 816 καὶ
923 775 1134 832 Νεστορίῳ
1154 773 1333 829 ἔπεμψεν
1355 774 1398 816 ἓν
1420 774 1683 814 Κωνσταντι-

207 841 406 887 νουπόλει.
476 836 532 885 ὧν
551 844 697 893 ἐκεῖνος
716 842 1034 901 καταφρονήσας
1051 843 1125 898 τὴν
1143 844 1237 886 κατ’
1261 844 1389 886 αὐτοῦ
1405 843 1542 899 τρίτην
1561 838 1682 884 σύνο-

169 920 171 923 ’
206 915 278 956 δον
320 912 511 968 γενέσθαι
552 911 864 969 παρεσκεύασεν.
925 913 1127 970 Ἀρσένιος
1165 913 1210 955 δὲ
1253 910 1275 955 ὃ
1319 912 1447 967 μέγας
1488 915 1568 953 τῶν
1604 913 1676 952 τοῦ
1692 914 1737 950 10

205 980 361 1036 κόσμου
392 979 553 1024 πάντων
581 980 898 1040 καταφρονήσας
925 984 992 1025 καὶ
1021 986 1096 1025 τοῦ
1122 980 1278 1038 κόσμου
1311 979 1582 1035 ἀναχωρήσας
1609 978 1684 1033 τὴν

205 1052 325 1094 θείαν
368 1052 617 1110 φιλοσοφίαν
662 1052 704 1094 εἶν
744 1050 945 1112 Αἰγύπτῳ
986 1050 1208 1110 μετήρχετο
1254 1052 1297 1094 ἓν
1333 1048 1542 1106 μοναδικῷ
1581 1045 1684 1100 σχή-

206 1137 319 1176 ματι.

346 1193 420 1248 Τῷ
451 1186 476 1231 ι’
508 1187 586 1233 ἴτει
609 1188 826 1246 Ἀρκαὸίου
858 1188 885 1240 ἢ
918 1183 1058 1242 πρώτη
1092 1185 1228 1241 ἔξορία
1269 1187 1344 1227 τοῦ
1378 1181 1682 1242 Χρυσοστόμου

206 1257 385 1315 γέγονεν,
434 1259 514 1312 ἀφ’
550 1253 599 1308 ἧς
629 1253 875 1313 ὑποστρέφει
911 1253 1104 1310 ἑξήκοντα
1140 1251 1368 1297 ἐπισκόπων
1404 1251 1683 1297 συνελθόντων
1697 1259 1740 1296 1⁵

200 1329 276 1369 ’καὶ
302 1325 434 1383 ἄκυρα
455 1322 588 1367 πάντα
609 1325 662 1367 τὰ
684 1325 788 1367 κατὰ
807 1328 881 1367 τοῦ
900 1326 1018 1367 θείου
1034 1321 1223 1367 Ἰωάννου
1245 1323 1360 1381 παρὰ
1381 1328 1455 1366 τοῦ
1479 1323 1684 1379 Θεοφίλου

62 1404 94 1440 P
118 1404 186 1443 329
210 1399 278 1440 καὶ
307 1399 389 1438 τῶν
418 1393 492 1437 σὺν
524 1394 636 1452 αὐτῷ
663 1393 918 1449 ποιησάντων
948 1395 1127 1444 δικαίως.
1195 1397 1254 1451 τῷ
1286 1394 1330 1435 δὲ
1355 1390 1409 1435 ια’
1439 1394 1505 1435 καὶ
1531 1390 1584 1446 ιβ’
1607 1391 1685 1434 ἔτει

206 1464 329 1509 πάλιν
363 1463 554 1507 nieman)
586 1467 660 1518 τῆς
690 1464 908 1519 ἐπιβουλῆς
938 1462 1049 1514 αὔξει
1076 1468 1151 1506 τοῦ
1178 1459 1498 1520 Χρυσοστόμου.
1569 1461 1611 1503 ἓν
1641 1461 1686 1503 δὲ

206 1540 265 1594 τῷ
291 1533 356 1591 ιγ’,
393 1532 458 1576 ὅτε
486 1535 554 1575 καὶ
583 1532 654 1575 τὸν
679 1531 798 1589 λόγον
825 1534 1008 1588 ἐποίησεν
1038 1526 1088 1575 οὗ
1117 1530 1143 1588 ἦ
1175 1531 1280 1590 ἀρχή
1301 1530 1454 1574 “πάλιν
1475 1529 1687 1588 Ἠρωδιὰς

207 1605 392 1661 μαίνεται
403 1603 451 1655 ,²²
488 1601 577 1645 τότε
602 1602 735 1660 ἔχθρα
755 1603 885 1646 τελεία
903 1607 975 1658 τῆς
989 1603 1233 1658 βασιλίσσης
1254 1601 1348 1645 κατ’
1373 1600 1499 1643 αὐτοῦ
1519 1601 1682 1657 γίνεται,
1694 1607 1742 1643 20

207 1676 274 1718 καὶ
297 1672 420 1716 πάλιν
441 1673 682 1729 καθαίρεσις
703 1674 771 1714 καὶ
793 1673 927 1728 ἓξορία
950 1674 1006 1722 εἷς
1029 1669 1270 1714 Κούκουσον
1280 1703 1295 1722 ,
1330 1671 1486 1713 ἐκεῖθεν
1517 1672 1573 1720 εἷς
1598 1672 1685 1711 Πι-

207 1747 404 1786 τυοῦντα·
440 1743 508 1784 καὶ
539 1740 750 1798 γενόμενος
770 1742 812 1783 ἓν
830 1740 1040 1795 Κομάνοις
1059 1745 1132 1795 τῆς
1147 1741 1357 1798 Ἀρμενίας
1378 1738 1483 1781 κατὰ
1503 1737 1687 1795 πάροδον

208 1810 424 1868 ἐτελειώθη
457 1812 499 1853 ἓν
529 1812 668 1871 κυρίῳ.
738 1809 849 1863 ἄξιον
874 1811 922 1854 δέ
944 1812 1028 1854 ἔστι
1051 1810 1198 1869 μικρὸν
1219 1811 1487 1864 ἐπαναλαβεῖν
1504 1812 1562 1869 τῷ
1580 1806 1687 1869 λόγῳ

300 1944 344 1980 19
366 1942 418 2003 τῷ
445 1954 500 1978 om
521 1942 552 1977 P

168 2088 177 2100 ,
207 2059 308 2104 loco,
349 2058 411 2092 ubi
445 2057 628 2094 multitudo
659 2058 860 2104 angelorum
893 2057 1058 2104 genitrici
1088 2057 1146 2094 dei
1179 2058 1355 2102 adstaret,
1395 2068 1579 2104 propeque
1611 2067 1688 2091 eam

209 2106 497 2149 chrysostomus.
547 2117 606 2150 se,
633 2117 708 2140 cum
733 2107 902 2141 accedere
925 2111 1130 2149 conaretur,
1155 2106 1199 2140 ab
1225 2118 1266 2140 eo
1288 2104 1431 2151 repellix
1456 2111 1600 2139 matrem
1625 2114 1689 2138 au-

207 2157 279 2187 tem
304 2151 363 2186 dei
387 2151 608 2186 intercedere
631 2164 695 2199 pro
724 2164 784 2195 se,
815 2158 850 2187 et
882 2165 1030 2199 poscere
1053 2158 1091 2187 ut
1114 2152 1335 2197 admittatur,
1367 2150 1449 2196 quia
1471 2162 1542 2186 non
1565 2161 1689 2196 parum

208 2203 356 2244 propter
379 2197 491 2243 ipsam
514 2198 644 2233 laboris
676 2198 900 2244 pertulisset,
934 2199 1014 2232 dum
1043 2210 1167 2233 nomen
1189 2198 1246 2233 dei
1270 2197 1453 2243 genitricis
1476 2197 1686 2232 vindicaret.

209 2251 393 2291 postquam
417 2245 461 2279 ad
486 2257 527 2279 se
549 2245 656 2280 rediit
680 2245 855 2290 Cyrinus,
879 2245 934 2280 sui
956 2245 1067 2291 ipsius
1091 2244 1307 2290 poenitentia
1330 2245 1454 2279 ductus
1473 2244 1510 2278 in
1529 2243 1689 2277 omnibus

208 2291 499 2337 chrysostomum
523 2292 651 2326 exinde
676 2298 731 2327 est
751 2299 906 2327 secutus.
955 2291 1066 2326 edidit
1090 2292 1195 2326 etiam
1219 2291 1402 2325 duodecim
1426 2290 1599 2336 capitula,
1624 2290 1689 2323 de·

207 2343 306 2372 creta
338 2337 510 2372 ecclesiae
541 2338 779 2382 continentia,
814 2338 978 2382 misit-que
1008 2338 1177 2373 Nestorio
1212 2337 1356 2383 cpolin.
1412 2347 1503 2381 quae
1534 2336 1565 2371 is
1601 2347 1687 2370 con·

205 2390 364 2421 temnens
404 2395 509 2418 causa
549 2384 618 2420 fuit
658 2390 697 2419 ut
734 2384 841 2419 tertia
876 2390 1000 2419 contra
1037 2384 1151 2430 ipsum
1194 2383 1348 2430 synodus
1391 2382 1687 2417 conscriberetur.

206 2442 351 2475 magnus
386 2436 499 2464 autem
532 2429 592 2465 ille
623 2430 815 2475 Arsenius‚
854 2428 979 2466 mundo
1004 2435 1204 2477 contempto
1229 2435 1333 2476 atque
1354 2428 1499 2475 relicto,
1533 2428 1689 2464 divinam

206 2477 464 2523 philosophiam
487 2476 525 2511 in
548 2477 713 2523 Aegypto
739 2477 847 2512 coluit
869 2477 992 2512 habitu
1015 2478 1188 2512 monachi.

299 2545 444 2580 Decimo
471 2546 612 2581 Arcadii
636 2558 725 2581 anno
751 2547 1023 2590 chrysostomus
1056 2546 1203 2592 primum
1228 2548 1282 2581 est
1301 2544 1502 2590 relegatus,
1536 2555 1688 2579 revoca-

207 2595 335 2637 tusque
367 2593 517 2636 deinde,
556 2605 631 2627 cum
654 2595 698 2629 60
720 2593 880 2638 episcopi
904 2593 1151 2628 convenissent
1177 2593 1340 2637 iustoque
1365 2591 1496 2626 iudicio
1511 2591 1687 2625 ¹rescidis-

208 2644 287 2672 sent
320 2650 411 2684 quae
446 2645 567 2674 contra
601 2651 677 2674 eum
701 2639 920 2684 Theophilus
944 2651 1020 2674 cum
1044 2639 1290 2675 suavfactione
1311 2643 1470 2683 egerant.
1518 2637 1618 2673 annis
1644 2639 1688 2672 11

209 2688 244 2717 et
270 2685 312 2718 12
343 2696 464 2720 rursus
488 2685 741 2730 chrysostomo
765 2686 915 2720 insidiae
937 2686 1103 2720 maiorem
1126 2686 1163 2721 in
1187 2685 1322 2719 modum
1345 2685 1548 2719 tenduntur,
1597 2693 1689 2718 anno

210 2730 276 2772 13,
311 2742 386 2764 cum
408 2732 602 2766 orationem
626 2733 879 2778 composuisset
902 2732 999 2767 cuius
1020 2732 1158 2768 initium
1182 2729 1342 2766 “rursum
1365 2730 1543 2765 Herodias
1566 2726 1692 2774 furit‚’'

210 2775 325 2809 odium
350 2776 582 2822 imperatricis
605 2778 642 2813 in
668 2791 745 2814 eum
761 2781 913 2825 'prorsus
941 2779 1095 2823 exarsit,
1129 2788 1334 2823 rursumque
1359 2778 1565 2823 episcopatu
1588 2776 1689 2810 deie-

209 2826 287 2855 ctus
310 2821 487 2868 relegatur
511 2825 622 2870 primo
647 2825 842 2870 cncusum‚
865 2825 949 2860 inde
971 2825 1188 2869 Pityuntem.
1235 2835 1382 2871 cumque
1401 2823 1518 2858 obiter
1535 2823 1690 2857 comana

209 2867 396 2903 Armeniae
431 2871 597 2917 oppidum
628 2871 876 2919 pervenisset,
908 2873 958 2908 ad-
984 2871 1159 2908 dominum
1180 2881 1226 2907 ex
1249 2870 1314 2907 hac
1339 2871 1414 2907 vita
1434 2869 1690 2915 commigravit.
