1742 3184
398 199 801 246 HISTORIARUM
833 199 1225 250 COMPENDIUM.
1447 207 1549 257 547

215 317 290 374 Τῷ
310 311 364 357 ια’
382 311 460 358 z‘m
483 315 814 368 Οὐαλεντινιανὸς
832 314 854 360 ὅ
873 317 1001 375 μέγας
1018 316 1269 377 ἐτελεύτησε,
1302 323 1550 378 βασιλεύσας

76 382 145 439 ἴτη
180 382 248 434 ια’,
283 382 421 442 τρόπῳ
450 387 608 443 τοιῷδε.
678 387 718 429 οἱ
749 387 1017 445 Σαυρομάται
1046 387 1120 432 ὑπ’
1153 391 1280 434 αὐτοῦ
1308 391 1550 449 ἡττηθέντες

75 454 266 510 πρέσβεις
284 453 387 509 πρὸς
406 453 530 497 αὐτὸν
552 453 741 509 ἔπεμψαν
760 458 964 508 αἰτοῦντες
995 457 1168 515 εῗρήνην.
1238 460 1365 504 αὐτοῦ
1388 463 1432 505 δὲ
1452 463 1550 507 τού-

74 539 172 572 τους
189 522 420 577 ἐρωτῶντος
439 526 475 566 εἷ
491 521 637 575 πάντες
656 525 695 566 οῗ
713 524 982 583 Σαυρομάται
1000 530 1181 571 τοιοῦτοί
1195 532 1294 573 εἶσιν
1313 530 1543 588 ἇκρότατοι,
1569 540 1601 576 C

39 592 139 632 ὁκαὶ
177 590 311 634 αὐτῶν
341 589 532 634 εἰπόντων
560 591 622 635 ὅτι
653 593 751 646 τούς
783 598 1012 653 κρείττονας
1043 595 1206 642 πάντων
1236 592 1316 642 ὧδε
1348 600 1450 656 ἰύζεις
1480 605 1548 645 καὶ

70 657 192 719 ὁρᾷς,
225 658 457 715 ἀνακράξας
481 663 629 715 βιαίως
655 660 735 720 ἔφη
764 662 906 708 “aava
934 663 1144 720 Ῥωμαίων
1173 666 1200 723 ἦ
1229 672 1417 722 βασιλεία
1443 668 1549 714 ὕπο-

68 729 180 783 μένει
208 731 264 779 εἰς
297 728 632 774 Οὐαλεντινιανὸν
661 731 843 787 λήξασα,
879 737 915 777 εἴ
942 734 1211 794 Σαυρομάται
1237 742 1412 781 τοιοῦτοι
1438 738 1550 792 ὄντες

70 795 323 855 οἶκτρότατοι
351 795 566 853 Ῥωμαίοις
599 804 1000 853 κατεξανι’στανται.”
1071 806 1115 848 ἐκ
1140 806 1186 848 δὲ
1211 810 1285 861 τῆς
1304 806 1459 859 τάσεως
1478 811 1548 852 καὶ

68 870 143 909 τοῦ
159 865 307 924 κρότου
328 871 410 909 τῶν
425 874 576 926 χειρῶν
596 872 751 927 φλεβὸς
771 871 959 929 ῥαγείσης
977 875 1043 915 καὶ
1062 876 1251 918 πλείστου
1271 875 1548 930 ἄναὸοθέντος

14 940 60 977 10
72 938 264 990 αἵματος,
295 935 336 978 ἕν
358 953 435 978 τινι
459 940 643 997 φρουρίῳ
664 941 844 992 Γαλλίας
863 939 1046 996 θνήσκει.

204 1005 291 1047 Καὶ
324 1006 615 1063 ἀναγορεύουσι
639 1006 833 1063 Ῥωμαῖοι
869 1010 1080 1056 Οὐάλεντα
1110 1009 1181 1052 τὸν
1211 1010 1392 1069 ἀδελφὸν
1417 1011 1547 1055 αὐτοῦ’

65 1073 332 1131 Αὔγουστον,
369 1074 414 1125 ὃς
446 1075 664 1132 ἐκράτησεν
696 1077 764 1134 ἴτη
800 1077 852 1134 γ’.
921 1080 985 1123 ἐπὶ
1016 1081 1141 1123 αὐτοῦ
1170 1079 1209 1122 οἱ
1236 1081 1278 1121 Γ
1274 1078 1547 1138 ότθοιπερά-

65 1160 209 1194 σαντες
238 1142 313 1196 τὴν
342 1143 572 1188 Μαιώτιδα
602 1148 747 1202 λιζιινην
772 1146 928 1205 ἐλάφου
957 1149 1213 1205 ἥγησαμένης
1245 1149 1383 1199 αὐτοῖς
1411 1144 1546 1200 ’ἦλθον

63 1215 123 1263 ἐἷς
165 1211 240 1267 τὴν
278 1210 472 1271 Θρᾴκην,
517 1215 586 1256 καὶ
619 1211 693 1256 δύο
725 1215 931 1271 γεγονότες
963 1219 1068 1273 μέρη
1103 1216 1295 1272 ἀλλήλοις
1325 1216 1538 1272 ἐμάχοντο.
1561 1225 1594 1260 D

9 1291 53 1326 15
65 1283 131 1324 καὶ
167 1283 404 1335 συμμαχίαν
436 1279 675 1337 αἰτήσαντες
704 1284 744 1325 οἱ
771 1289 846 1326 τοῦ
869 1283 958 1335 ἑνὸς
985 1287 1137 1344 μέρους
1168 1285 1282 1342 παρὰ
1316 1285 1546 1338 Οὐάλεντος

63 1351 204 1406 ἴτυχον
221 1348 434 1404 ὖποσχέσει
453 1355 529 1394 τοῦ
542 1352 820 1408 Χριστιανοὺς
834 1354 1047 1410 γενέσθαι·
1084 1353 1183 1398 ὅθεν
1203 1356 1270 1396 καὶ
1287 1356 1544 1407 βαπτισθέν-

62 1437 128 1470 τες
144 1419 340 1476 Ἀρειανοὶ
363 1419 719 1475 ἀποκατέστησαν,
745 1423 889 1473 καθώς
906 1417 956 1478 ἦν
976 1425 1044 1466 καὶ
1068 1421 1245 1477 Οὐάλης.
1297 1423 1401 1476 μετὰ
1421 1428 1541 1467 τοῦτο

63 1484 134 1532 οὖν
155 1490 197 1531 ἓν
215 1488 348 1547 Συρίᾳ
366 1492 441 1531 τοῦ
464 1488 693 1540 Οὐάλεντος
712 1493 1013 1549 διατρίβοντος,
1051 1493 1091 1535 οἱ
1109 1490 1274 1534 Σκύθαι
1294 1490 1542 1549 περάσαντες

61 1557 167 1601 κατὰ
187 1562 274 1612 Δτῆς
299 1555 456 1608 πόλεως
484 1559 753 1616 εἶσέφρησαν,
787 1560 863 1611 τὰς
884 1561 1065 1612 σπονδὰς
1083 1560 1142 1617 μὴ
1165 1559 1417 1618 φυλάξαντες
1435 1561 1539 1617 μετὰ

3 1627 107 1672 Ξοτὸ
129 1630 414 1681 βαπτισθῆναι
441 1625 603 1679 αὐτούς.
671 1635 756 1680 τοῖς
778 1629 915 1680 αὐτοῖς
934 1630 1060 1673 ἔτεσιν
1080 1629 1106 1686 ἦ
1125 1634 1206 1673 τῶν
1225 1632 1540 1673 Μασσαλιανῶν

62 1698 216 1753 αἵρεσις
239 1694 364 1751 ἤγουν
391 1695 577 1751 Εὐχιτῶν
602 1695 630 1752 ἢ
653 1697 1005 1751 Ἔνθουσιαστῶν,
1049 1703 1131 1742 τῶν
1173 1699 1241 1741 καὶ
1284 1700 1539 1755 Βογομίλων,

59 1764 179 1824 ἐφύη.
251 1763 418 1820 Οὐάλης
436 1766 481 1808 δὲ
496 1764 634 1817 πάσας
651 1766 726 1818 τὰς
746 1769 959 1823 ἐκκλησίας
977 1773 1150 1826 πορθῶν
1172 1763 1269 1824 ἧκεν
1293 1770 1350 1817 εἷς
1371 1767 1537 1811 Καισά-

59 1853 192 1893 ρειαν,
227 1833 334 1878 κατὰ
356 1838 430 1877 τοῦ
450 1834 631 1892 μεγάλου
651 1838 870 1880 Βασιλείου
890 1836 1148 1893 μαινόμενος.
1218 1837 1364 1895 ἔπραξε
1394 1837 1439 1880 δὲ
1464 1834 1532 1881 οἶα
1555 1841 1585 1877 Ρ
1608 1845 1678 1884 313

146 1931 172 1967 4
194 1929 231 1966 εἰ
249 1927 411 1976 πάντες]
433 1928 602 1972 εἰπόντες
621 1932 651 1967 Ρ

147 2009 250 2046 Anno
289 2010 345 2046 sui
381 2010 522 2056 imperii
558 2012 602 2047 11
637 2011 906 2049 Valentinianus
942 2023 1088 2058 magnus
1122 2011 1190 2047 hoe
1227 2011 1330 2047 modo
1368 2011 1536 2049 decessit.

55 2059 287 2093 Sauromatae
317 2057 362 2091 ab
396 2056 475 2102 ipso
501 2057 588 2092 victi
613 2060 788 2105 petendae
810 2061 908 2106 pacis
932 2071 1037 2094 causa
1059 2059 1195 2103 legatos
1218 2059 1398 2093 miserant.
1446 2069 1536 2104 quos

55 2116 133 2140 cum
156 2103 235 2150 ipse
258 2102 492 2148 examinaret,
520 2106 780 2150 responderunt
801 2118 840 2140 se
865 2106 1015 2141 omnium
1037 2116 1117 2139 esse
1140 2103 1270 2149 primos
1292 2108 1399 2149 atque
1421 2104 1536 2149 potis·-

54 2152 174 2186 simos.
221 2150 426 2195 imperator,
449 2160 526 2183 cum
547 2150 609 2184 isti
631 2151 792 2186 dicerent
812 2163 851 2187 se
875 2153 1026 2187 omnium
1043 2150 1364 2197 praestantissimos
1387 2150 1424 2184 in
1448 2161 1535 2184 con-

54 2202 210 2244 spectum
243 2196 319 2230 eius
349 2195 513 2239 venisse,
545 2207 670 2241 magna
696 2198 734 2232 vi
765 2198 974 2233 exclamavit
1004 2195 1117 2231 “male
1138 2195 1255 2240 agitur
1278 2206 1353 2230 cum
1375 2195 1534 2234 Romano

53 2243 222 2289 imperio,
256 2242 351 2289 quod
373 2241 410 2276 in
434 2241 719 2278 Valentinianum
741 2244 868 2288 desiit,
905 2256 981 2279 cum
1004 2244 1254 2286 Sauromatae,
1289 2241 1352 2276 tali
1374 2241 1534 2276 homines

53 2289 262 2325 condicione
292 2288 515 2333 omniumque
545 2290 741 2325 mortalium
770 2291 919 2325 maxime
954 2288 1192 2330 miserabiles,
1237 2288 1407 2322 adversus
1446 2287 1534 2322 illud

51 2331 273 2382 insurgunt.”
319 2346 389 2381 qua
426 2345 470 2368 ex
502 2335 727 2371 contentione
759 2336 858 2371 vocis
893 2341 929 2371 et
962 2346 1124 2371 manuum
1153 2334 1277 2381 plausu
1301 2344 1391 2368 vena
1414 2339 1532 2379 rupte,

47 2393 130 2463 lcum
153 2381 336 2428 sanguinis
359 2380 546 2427 plurimum
569 2381 749 2428 eiecisset,
774 2383 813 2418 in
837 2383 986 2429 quodam
1010 2380 1150 2416 Galliae
1172 2379 1318 2415 castello
1341 2379 1450 2414 vitam
1473 2390 1535 2414 re-

63 2429 75 2462 i
102 2428 167 2464 uit.

78 2440 100 2475 q
144 2473 287 2509 Exinde
309 2472 460 2507 Romani
482 2473 666 2509 Valentem
690 2475 766 2510 eius
787 2476 932 2510 fratrem
955 2472 1148 2519 Augustum
1170 2470 1341 2506 salutant:
1366 2470 1398 2505 is
1418 2469 1532 2516 impe—

51 2521 148 2557 ravit
172 2519 374 2556 triennium.
424 2531 467 2554 eo
498 2519 694 2566 imperante
724 2522 852 2556 Gotthi
874 2520 1024 2556 traiecta
1046 2519 1224 2554 Maeotide
1246 2517 1392 2563 palude,
1426 2527 1532 2562 prae-

53 2572 159 2603 eunte
189 2576 334 2610 cerva‚'
353 2565 390 2599 in
423 2565 614 2601 Thraciam
648 2573 840 2612 venerunt,
873 2567 981 2612 inque
1010 2567 1096 2601 duas
1127 2564 1234 2600 divisi
1256 2568 1376 2610 partes
1403 2562 1532 2598 bellum

51 2612 164 2648 altera
187 2613 291 2648 alteri
313 2613 486 2646 fecerunt.
536 2612 649 2647 altera
670 2625 753 2660 pars
778 2625 799 2648 a
817 2613 970 2648 Valente
993 2611 1174 2667 suppetias
1199 2608 1409 2656 postulavit,
1445 2620 1532 2655 pro*—

51 2660 194 2695 mittens
218 2671 258 2695 se
278 2657 424 2693 Christo
447 2669 573 2693 nomen
595 2659 775 2701 daturam3
804 2659 920 2705 iisque
943 2658 1069 2704 potiti,
1093 2655 1263 2704 baptizati
1284 2655 1451 2690 Arianam
1470 2665 1531 2689 re*-

51 2706 218 2752 ligionem
241 2709 324 2741 sunt
346 2704 480 2748 secuti,
503 2715 605 2751 quam
630 2711 668 2741 et
689 2706 820 2740 Valens
845 2705 994 2740 colebat.
1041 2710 1165 2750 postea
1187 2702 1339 2737 Valente
1360 2700 1398 2735 in
1420 2700 1531 2746 Syria

51 2758 201 2798 agente,
236 2750 395 2796 Scythae
421 2762 522 2785 amne
545 2753 751 2787 transmisso
775 2753 895 2787 urbem
911 2778 921 2795 ,
954 2750 1096 2785 violatis
1120 2753 1203 2795 post
1223 2748 1429 2795 baptismum
1488 2758 1529 2781 a-

50 2798 139 2843 ctis,
164 2798 280 2835 adorti
299 2802 392 2833 sunt.
441 2797 564 2832 iisdem
589 2798 689 2833 annis
712 2798 1003 2833 Massalianorum
1021 2795 1197 2840 haeresis,
1222 2805 1312 2840 quae
1335 2798 1372 2828 et
1394 2793 1473 2827 Eue
1498 2792 1531 2826 i-

0 2851 1 2856 ’
48 2849 161 2880 tarum
186 2851 222 2880 et
247 2843 558 2880 Enthusiastarum
583 2850 619 2879 et
641 2845 901 2891 Bogomilorum
922 2843 1072 2888 dicitur,
1098 2848 1176 2878 orta
1197 2845 1263 2877 est.
1312 2839 1444 2875 Valens
1467 2847 1531 2874 au-

49 2895 122 2927 tem
152 2903 272 2928 omnes
304 2889 472 2929 ecclesias
503 2892 695 2928 devastans
727 2891 938 2929 Caesaream
961 2890 1081 2937 venit,
1119 2892 1242 2925 contra
1263 2885 1438 2923 Basiliam
1455 2897 1530 2921 ma-
