1742 3184
382 184 783 231 ms‘romfflum
815 185 1206 231 COMPENDIUM.
1429 187 1528 235 189

58 298 185 351 αῧτὸς
198 299 243 342 δὲ
255 299 405 356 χρίσας
422 299 592 352 ἀνέδειξε
610 300 800 355 βασιλέα,
834 302 877 344 Γ
871 299 1225 346 οθολιάν·ἇνε).ὥν.
1292 299 1464 358 ε’ὗσεβὴς
1483 305 1528 347 δὲ

58 368 154 412 κατ’
187 369 318 426 ἀρχὰς
345 369 557 426 γενόμενος
587 369 721 413 πάντα
761 375 961 429 καθαιρεῖ
993 370 1046 414 τὰ
1087 371 1260 423 εἴδωλα,
1312 372 1417 427 πλὴν
1446 378 1528 416 τῶν

56 436 284 497 μετεώρων.
319 440 606 496 εἴδωλολατρεῖ
622 440 666 482 δὲ
682 441 745 482 ἐπὶ
767 445 827 499 τῷ
845 442 948 484 τέλει
967 439 1105 492 Ἰωάς,
1138 442 1204 483 καὶ
1227 443 1441 499 Ζαχαρίαν
1456 442 1528 485 τὸν

57 511 133 551 τοῦ
151 507 301 550 'Imaus'
321 507 410 551 υἱὸν
438 509 508 559 τὴν
536 507 762 565 προφήτην,
799 509 1034 564 αἰτιώμενον
1054 509 1128 564 τὴν
1153 510 1363 567 ἓκτροπήν,
1397 528 1528 554 κατα-

22 574 204 628 5λεῦσας
224 576 392 634 ἀναιρεῖ.
460 577 664 632 βασιλεύει
698 579 743 621 δὲ
771 577 840 634 ἔτη
867 578 925 634 μ’.
987 578 1176 633 Ἀμεσίας
1197 579 1287 630 υἱὸς
1310 580 1437 623 αὐτοῦ
1456 579 1525 636 ε’τη

54 643 150 689 23'·
217 646 283 688 ἐπὶ
310 643 456 688 τούτου
474 649 659 701 Σιβυλλα
678 645 705 702 ἡ
724 649 895 702 Κυμαία
923 650 1164 705 ἔγνωρίζετο.
1228 648 1374 702 Ὀζίας
1402 648 1424 693 ὅ
1458 651 1527 692 καὶ

54 715 290 772 Ζαχαρίας,
323 715 412 766 υἱὸς
435 715 644 771 Ἀμεσίου,
692 715 760 773 ἔτη
783 716 862 771 νβ’.
931 712 1049 768 οὗτος
1078 718 1282 774 θεοσεβὴς
1312 718 1415 777 ἀνὴρ
1448 713 1526 775 ἦν·

53 782 223 839 ὕστερον
241 785 287 827 δὲ
310 789 392 827 τῶν
417 783 540 841 ἁγίων
559 787 745 840 ἐπιβῆναι
767 789 1003 843 πειρασθεὶς
1026 791 1243 843 λεπροῦται
1254 819 1268 840 ,
1302 790 1367 831 καὶ
1388 789 1526 832 ἐδίκα-

55 854 118 905 ζεν
137 852 228 896 ἀντ’
253 852 379 896 αὐτοῦ
398 851 419 896 ὃ
437 854 525 905 υἱὸς
543 855 682 897 αὐτοῦ.
716 851 766 911 ἦν
788 857 833 899 δὲ
854 856 1063 913 ἀρχιερεὺς
1073 856 1284 914 Ἀζαρίας,
1312 857 1526 916 προφήτης

2 928 44 963 10
55 922 100 964 δὲ
114 921 249 976 Ἀμώς
269 924 336 965 καὶ
352 923 532 974 'Hediae
553 921 574 967 ὅ
599 925 688 975 υἱὸς
710 925 836 968 αὐτοῦ
859 928 925 967 καὶ
944 926 1066 980 Ὠσηὲ
1095 928 1162 968 καὶ
1188 926 1349 977 Ἰωνᾶς.
1419 927 1523 970 κατὰ

0 1274 38 1318 15

50 989 221 1042 τούτους
235 992 333 1042 τοὺς
348 990 524 1049 χρόνους
541 995 790 1049 Λυκοῦργος
807 996 1152 1049 Λακεδαιμονίων
1171 997 1416 1050 ἐνομοθέτει.

183 1059 381 1116 Ἰωάθαμ
403 1059 424 1103 ὃ
443 1063 532 1113 υἱὸς
553 1062 695 1115 Ὂζίου
719 1063 786 1119 ἔτη
808 1062 871 1114 ις’.
942 1065 1005 1106 ἐπὶ
1026 1063 1172 1107 τούτου
1200 1069 1259 1122 τῷ
1275 1064 1423 1123 πρώτῳ
1444 1064 1520 1109 ἔτει

41 1128 205 1187 Ἴφιτος
221 1130 295 1182 τὰς
314 1131 608 1186 Ὀλυμπιάδας
630 1133 850 1188 ε’νέστησεν,
886 1131 908 1175 ὅ
931 1134 1015 1176 ε’στι
1042 1134 1344 1190 τετραετηρικὸς
1359 1133 1522 1191 χρόνος.

49 1200 151 1256 παρ’
177 1201 420 1255 Αἰγυπτίοις
447 1201 493 1244 δὲ
523 1203 674 1258 κυρίως
700 1200 983 1257 Ὄλυμπιὰςὴ
1006 1201 1151 1258 σελήνη
1173 1207 1351 1246 καλεῖται
1382 1205 1450 1246 διὰ
1472 1205 1519 1247 τὸ

49 1269 154 1311 κατὰ
172 1274 283 1324 μῆνα
301 1274 528 1327 περιπολεῖν
546 1271 616 1313 τὸν
634 1271 830 1323 ζωδιακὸν
853 1270 1013 1323 κύκλον,
1049 1271 1093 1314 ὃν
1116 1272 1155 1314 οἳ
1175 1276 1340 1315 παλαιοὶ
1353 1272 1521 1328 ”Ολυμ-

47 1355 124 1381 πον
148 1337 331 1381 ἐκάλουν.
400 1339 442 1381 ἓν
463 1339 568 1396 αὐτῇ
588 1343 639 1396 τῇ
659 1338 800 1397 πρώτῃ
815 1339 1072 1395 Ὀλυμπιάδι
1088 1339 1246 1395 Ῥῶμος
1270 1344 1337 1384 καὶ
1360 1339 1520 1397 Ῥωμύ-

46 1411 117 1458 λος
135 1406 422 1464 ἐγεννήθησαν,
454 1411 595 1459 οἵτινες
615 1410 657 1451 ἓν
677 1414 727 1466 τῇ
749 1408 782 1462 ζ’
797 1407 1052 1463 Ὀλυμπιάδι
1072 1409 1146 1465 τὴν
1162 1408 1322 1466 Ῥώμην
1344 1411 1519 1468 ἤρξαντο

45 1478 200 1529 κτίζειν.
267 1475 420 1519 τούτων
452 1477 526 1533 τὴν
549 1475 734 1534 διήγησιν
763 1477 1012 1538 πλατύτερον
1032 1480 1074 1522 ἓν
1091 1484 1141 1537 τῇ
1165 1478 1274 1530 τάξει
1294 1485 1375 1524 τῶν
1393 1485 1520 1536 βασι-

45 1546 146 1589 λε’ων
167 1543 361 1601 εὑρήσεις.

176 1616 361 1667 Ἐζεκίας
378 1614 449 1658 τὸν
461 1613 587 1669 Ἀχιὶζ
603 1613 888 1669 διαδεξάμενος
910 1614 931 1658 ὁ
952 1615 1038 1667 υἱὸς
1060 1617 1317 1671 ἐβασίλευσεν
1340 1615 1408 1673 ἔτη
1432 1615 1517 1661 223'.

46 1685 88 1727 ἓν
116 1689 175 1742 τῷ
206 1682 240 1734 ς’
271 1683 347 1726 ἔτει
377 1681 523 1726 τούτου
556 1687 791 1742 μετῳκίσθη
822 1682 900 1727 ὑπὸ
924 1687 1206 1743 Σαλμανασὰρ
1238 1690 1313 1729 τοῦ
1333 1689 1402 1729 καὶ
1423 1690 1519 1729 Να-

43 1751 327 1812 βουνασάρου,
367 1754 570 1808 βασιλέως
593 1753 841 1812 Ἀσσυρίων,
888 1754 1101 1814 Σαμάρεια
1127 1758 1519 1811 αἰχμαλωτισθεΐσα.

42 1952 209 1988 unctione
231 1965 333 1989 sacra
353 1965 464 2000 regno
488 1953 726 2000 inauguravit,
750 1967 792 1990 ac
816 1956 1017 1993 Gotholiam
1041 1954 1195 1990 necavit.
1228 1955 1352 1990 Ioasus
1375 1956 1420 1991 ab
1444 1955 1515 1990 ini-

42 1999 95 2035 tio
117 1999 196 2047 pius
220 2000 291 2036 fuit
312 2005 347 2036 et
369 2001 555 2036 simulacra
578 2002 692 2036 omnia
715 2002 882 2047 abolevit,
908 2003 991 2038 solis
1018 2002 1163 2037 collibus
1187 2013 1257 2036 non
1281 2001 1422 2037 excisis.
1450 2002 1516 2038 sed

42 2047 88 2081 ad
122 2051 310 2082 extremum
341 2047 479 2103 impios.
499 2047 760 2083 simulacrorum
792 2049 904 2085 cultus
931 2049 1129 2096 amplexus,
1168 2052 1285 2083 vatem
1308 2049 1519 2084 Zachariam

38 2092 186 2129 Ioiadae
207 2094 253 2139 F,
276 2094 372 2140 quod
392 2106 423 2129 1s
446 2094 538 2128 hanc
560 2095 656 2140 regis
678 2096 942 2141 perversionem
965 2096 1134 2141 culparet,
1158 2094 1335 2140 lapidibus
1355 2096 1517 2130 obrutum

40 2138 197 2175 necavit.
243 2140 409 2186 regnavit
431 2152 541 2175 annos
565 2142 811 2187 quadraginta,
832 2142 992 2177 Amasias
1015 2143 1109 2177 filius
1133 2141 1222 2186 eius,
1250 2153 1360 2176 annos
1387 2141 1519 2187 viginti

41 2197 180 2221 novem.
228 2186 332 2221 huius
356 2192 473 2221 aetate
496 2186 635 2232 Sibylla
659 2188 812 2223 Cumaea
832 2189 999 2224 innotuit.
1024 2188 1146 2232 Ozias,
1171 2187 1232 2233 qui
1256 2195 1293 2222 et
1309 2188 1516 2231 Zacharias,

40 2232 205 2268 amasiae
237 2233 331 2268 filius
362 2244 472 2268 annos
505 2233 762 2280 quinquaginta
795 2235 895 2270 duos.
944 2235 1013 2270 fuit
1040 2235 1098 2268 hic
1128 2233 1185 2268 vir
1209 2234 1418 2279 religiosus:
1453 2234 1518 2269 sed

40 2284 166 2325 postea
186 2279 357 2326 temporis
379 2279 500 2326 templi
523 2280 654 2315 aditum
677 2281 813 2316 intrare
844 2287 989 2316 conatus
1014 2281 1051 2315 in
1073 2281 1206 2326 lepram
1230 2280 1373 2325 incidit,
1404 2280 1521 2327 filius-V

42 2337 113 2372 que
143 2324 256 2371 ipsius
285 2325 363 2360 loco
394 2326 449 2361 ins
481 2326 609 2372 populo
636 2326 740 2362 dixit.
788 2333 865 2363 erat
886 2334 959 2364 tum
983 2327 1145 2374 pontifex
1167 2326 1337 2362 maximus
1357 2327 1518 2372 Azarias,

41 2378 142 2407 vates
165 2372 314 2407 Amosus
347 2376 384 2407 et
408 2372 484 2407 eius
510 2372 603 2408 filius
626 2373 776 2419 Esaias,
809 2386 852 2410 ac
874 2375 987 2410 Oseas
1013 2380 1049 2409 et
1070 2374 1189 2409 Ionas.
1238 2384 1281 2408 ea
1304 2373 1522 2421 tempestate

39 2417 226 2464 Lycurgus
243 2418 532 2454 Lacedaemoniis
556 2419 653 2464 leges
674 2421 806 2466 posuit.
1515 2449 1521 2454 .

131 2464 334 2501 Ioathamus
358 2465 470 2500 Oziae
492 2466 538 2500 F.
562 2467 727 2511 regnavit
757 2479 867 2502 annos
901 2465 1092 2502 sexdecim.
1138 2465 1252 2512 primo
1281 2464 1384 2501 huius
1412 2465 1518 2511 regni

39 2522 131 2547 anno
151 2511 292 2557 Iphitus
317 2511 548 2557 Olympiadas
571 2512 745 2558 instituit,
786 2515 880 2560 quod
904 2519 959 2548 est
983 2519 1150 2558 quattuor
1173 2523 1342 2547 annorum
1363 2518 1518 2559 tempus.

39 2558 134 2613 appd
154 2557 354 2605 Aegyptios
385 2564 499 2593 autem
531 2559 675 2604 proprie
703 2559 808 2595 lunae
834 2560 1055 2605 Olympiadis
1083 2571 1210 2594 nomen
1230 2558 1399 2594 tribuitur
1420 2558 1523 2604 ideo,

39 2615 124 2650 quaa
150 2606 281 2640 mensis
314 2605 431 2650 spatio
463 2604 670 2649 signiferum
703 2608 823 2642 orbem
857 2606 1003 2650 circuit,
1040 2617 1141 2652 quem
1161 2605 1349 2651 Olympum
1371 2610 1517 2641 veteres

39 2651 218 2687 dixerunt.
263 2651 378 2698 prima
400 2651 471 2686 ista
489 2650 701 2696 Olympiade
723 2653 892 2688 Romulus
915 2658 952 2687 et
976 2653 1107 2687 Remus
1131 2652 1207 2687 nati
1229 2657 1334 2696 sunt,
1367 2652 1430 2698 qui
1453 2663 1515 2687 se-

38 2697 149 2744 ptima
165 2698 378 2744 Olympiade
394 2698 542 2734 Romam
563 2706 754 2753 coeperunt
777 2700 948 2743 condere;
971 2710 1117 2745 quarum
1138 2710 1257 2735 rerum
1277 2698 1516 2736 narrationem

38 2744 271 2790 copiosiorem
292 2745 331 2780 in
352 2756 475 2790 regum
497 2756 707 2780 recensione
729 2746 905 2782 invenies.
1288 2782 1294 2790 ,

128 2790 305 2826 Ezechias
325 2791 422 2838 patri
442 2791 584 2826 Achazo
608 2794 800 2838 successit,
832 2802 1048 2838 regnumque
1070 2803 1180 2827 annos
1206 2791 1252 2828 29
1272 2790 1397 2837 gessit.
1444 2791 1514 2828 hoc

37 2842 175 2872 sextum
207 2850 336 2873 annum
368 2843 539 2883 regnante
561 2837 824 2884 Salmanassar,
858 2839 920 2884 qui
948 2844 985 2873 et
1006 2838 1237 2874 Nabunassar
1258 2838 1410 2886 dicitur,
1447 2849 1514 2874 rex

35 2883 276 2931 Assyriorum,
298 2883 462 2922 Samaria
484 2889 591 2933 capta
613 2885 819 2924 Israelicum
837 2884 1004 2933 populum
1026 2885 1205 2934 captivum
1226 2884 1387 2924 abduxit.
1423 2884 1514 2922 haec

1540 1001 1574 1036 D

1539 1634 1662 1672 P108
