1742 3184
202 184 304 234 436
688 184 932 230 GEORGII
960 184 1208 230 GEDRENI

153 306 184 341 C
207 302 327 360 τίραν
348 303 535 359 Χριστοῦ
568 300 795 356 παρουσίαν
826 300 1075 357 κατελείφθη
1108 301 1187 353 ζῶν
1216 299 1259 343 ἓν
1289 300 1409 358 σαρκὶ
1428 298 1533 356 μετὰ
1554 298 1682 354 Ἐνὼχ

205 374 272 415 καὶ
287 373 412 414 Ἠλία
423 371 454 424 ,²
492 370 672 414 ἀκουέτω
696 368 758 413 ὅτι
785 387 860 426 περ
886 366 1038 424 μόνους
1058 369 1127 412 διὰ
1147 373 1220 425 τῆς
1238 367 1538 425 ἀποκαλύψεως
1560 369 1684 420 αὐτὸς

206 436 325 492 οὗτος
345 441 517 491 ἐκείνους
533 441 576 483 ἐκ
598 437 818 498 προσώπου
847 439 949 495 λέγει
969 439 1110 496 κυρίου
1130 438 1226 490 τούς
1243 435 1317 481 δύο
1336 436 1552 497 μάρτυρας
1567 436 1685 495 γενή-

205 515 382 562 σεσθαι,
412 510 542 564 Ἐνιὺχ
571 511 638 552 καὶ
663 509 824 561 Ἠλίαν,
857 506 996 551 τοιάδε
1026 507 1198 567 φάσκων
1220 505 1306 550 ικαὶ
1329 507 1450 552 δώσω
1477 514 1563 559 τοῖς
1591 509 1684 550 δυσὶ

204 579 388 638 μάρτυσί
405 596 486 634 μου
496 611 510 631 ,
559 580 626 621 καὶ
650 576 1004 636 προφητεύσουσιν
1023 575 1181 635 ἡμέρας
1201 575 1319 636 ,ασξᾎ
1353 578 1720 636 περιβεβλημένοιό

205 649 413 700 σάκκους.’
488 641 603 691 οὗτοί
632 649 731 691 εἰσιν
763 648 804 690 αἱ
834 645 907 690 δύο
941 648 1073 690 ἐλαῖαι
1102 648 1170 689 καὶ
1197 647 1239 689 αἶ
1261 644 1335 690 δύο
1358 647 1532 701 λυχνίαι.
1601 650 1686 703 πῦρ

205 716 463 777 ἐκπορεύεται
490 721 566 760 τοῦ
596 715 802 772 στόματος
822 716 957 760 αὐτῶν
978 718 1046 759 καὶ
1070 717 1276 760 κατεσθίει
1295 717 1393 767 τοὺς
1411 716 1590 774 ἐχθροὺς
1610 715 1688 758 αὗ-

203 793 298 832 τῶν.
368 788 435 829 καὶ
459 784 558 829 ὅταν
589 787 782 830 τελέσωσι
811 787 885 842 τὴν
904 787 1136 844 μαρτυρίαν
1159 786 1308 838 αὐτῶν,
1342 784 1499 842 ποιήσει
1518 785 1563 828 τὸ
1586 785 1689 828 ἀνα-

204 862 348 913 βαῖνον
378 856 529 913 θηριόν
559 856 603 898 ἐκ
632 861 706 910 τῆς
735 854 922 911 ἀβύσσου
944 854 1123 910 πόλεμον
1141 855 1235 910 μετ’
1258 855 1406 907 αὐτῶν,
1444 856 1512 898 καὶ
1536 853 1695 911 νικήσει-

205 929 274 970 καὶ
300 926 523 969 ἀποκτείνει
552 924 723 978 αὐτούς,
758 927 826 968 καὶ
857 925 910 968 τὰ
940 923 1141 980 πτώματα
1166 925 1302 968 αὐτῶν
1323 926 1386 968 ε’πὶ
1406 929 1477 979 τῆς
1497 925 1689 975 πλατείας
1703 935 1742 970 10

205 1001 278 1052 τῆς
307 994 487 1052 μεγάλης
516 992 672 1046 πόλεως
699 994 859 1039 ἔσονται
887 993 1043 1053 ἡμέρας
1073 1000 1180 1052 τρεῖς
1208 993 1336 1050 ἥμισυ
1369 993 1538 1052 ἄταφα,
1585 993 1689 1036 ὅπου

152 1076 184 1111 D
209 1067 276 1109 καὶ
303 1063 325 1108 ὅ
358 1062 497 1122 κύριος
524 1064 659 1107 αὐτῶν
692 1062 952 1123 ἐσταυρώθη.
1021 1062 1156 1119 μάτην
1179 1058 1250 1106 οὖν
1270 1064 1557 1121 παραληροῦσί
1574 1081 1691 1116 τινες,

207 1133 434 1194 φάσκοντες
455 1133 579 1177 αὐτὸν
599 1136 669 1189 ζῆν
690 1133 748 1177 ἔτι
765 1135 806 1177 ἓν
827 1135 961 1191 σαρκί,
994 1136 1060 1176 καὶ
1079 1133 1138 1188 μὴ
1159 1138 1346 1184 νοοῦντες
1365 1132 1467 1188 μήτε
1485 1131 1513 1176 ἃ
1532 1133 1692 1189 λέγουσι

204 1209 265 1263 τῷ
299 1203 382 1247 ὄντι
412 1201 516 1258 μήτε
547 1206 638 1261 περὶ
659 1205 777 1246 τίνων
800 1205 1133 1258 διαβεβαιοῦνται
1146 1235 1159 1254 ,
1196 1203 1361 1246 οἴκοθεν
1382 1207 1503 1246 τοῦτο
1526 1204 1592 1245 καὶ
1619 1202 1692 1244 οὐκ

207 1272 250 1316 ἴκ
269 1290 388 1316 τινων
410 1272 528 1329 ἱερῶν
549 1273 752 1329 ἐξηγητῶν
772 1270 1070 1331 ῥιψοκινδύνως
1092 1289 1134 1315 τε
1157 1273 1225 1315 καὶ
1242 1276 1458 1330 τολμηρῶς
1480 1270 1607 1323 ὅντως
1623 1289 1690 1315 τε·
1704 1278 1742 1314 15

208 1340 506 1401 ρατευόμενοι.”

345 1412 473 1455 Μετὰ
504 1411 548 1453 δὲ
570 1411 761 1468 Νέρουαν
792 1411 1026 1466 ἐβασίλευσε
1057 1409 1263 1469 Τραϊανὸς
1297 1408 1365 1466 ξ’τη
1405 1407 1467 1454 ιθ’
1498 1414 1633 1466 μῆνας
1659 1407 1694 1461 ς’

207 1478 363 1539 ἡμέρας
386 1478 446 1523 ιε’.
516 1473 635 1531 οὗτος
664 1474 715 1535 ἦν
744 1479 1021 1539 μισοπόνηρος
1050 1482 1116 1523 καὶ
1140 1481 1408 1537 φιλοδίκαιος.
1477 1478 1696 1536 γυμνώσας

207 1549 287 1608 γάρ
320 1567 416 1594 ποτε
448 1549 567 1607 ξίφος
600 1547 771 1593 ἐνώπιον
799 1555 881 1593 τῶν
913 1551 954 1592 ἐν
976 1550 1080 1593 τέλει
1101 1548 1263 1592 πάντων
1285 1548 1409 1592 ἴὸωκε
1430 1553 1492 1608 τῷ
1514 1547 1694 1607 ἐπάρχῳ,

210 1617 332 1662 εῗπών
358 1617 502 1670 α(δέξαι
523 1623 667 1661 τοῦτο·
705 1620 772 1661 καὶ
804 1622 839 1661 εἴ
868 1620 942 1673 μὲν
968 1623 1102 1669 καλῶς
1133 1617 1272 1676 ἄρχω,
1305 1616 1407 1676 ὓπὲρ
1429 1618 1553 1673 ἐμοῦ,
1591 1621 1626 1661 εἷ
1652 1619 1742 1664 δὲΞ(

211 1686 270 1744 μή
281 1721 295 1740 ,
330 1687 426 1730 κατ’
453 1687 553 1742 ἐμοῦ
579 1687 690 1745 αὐτῷ
706 1687 904 1745 χρῆσαι.”
960 1689 1250 1745 προεχειρίσθη
1274 1688 1318 1730 δὲ
1339 1685 1418 1730 ὑπὸ
1439 1688 1607 1745 Νέρουα
1628 1687 1699 1730 διὰ

212 1758 288 1813 τὴν
318 1756 465 1814 ἀρετὴν
495 1756 625 1799 αὐτοῦ
653 1754 709 1807 ὡς
734 1754 1064 1811 πολεμικώτατος
1084 1759 1152 1799 καὶ
1172 1757 1304 1798 πολλὰ
1324 1755 1634 1815 κατορθώματα
1656 1758 1698 1800 ἐν

69 1833 98 1868 P
122 1830 191 1869 249
208 1824 346 1883 Ῥώμῃ
371 1827 439 1868 καὶ
460 1830 669 1880 πανταχοῦ
691 1830 765 1881 γῆς
786 1822 1026 1880 πεποιηκώς.
1096 1826 1219 1883 φίλου
1250 1826 1298 1868 δέ
1316 1843 1425 1876 τινος
1454 1828 1581 1869 αὐτοῦ
1601 1827 1699 1869 ποτὲ

214 1895 511 1951 διαβληθέντος
532 1892 588 1946 ὥς
607 1893 840 1949 ἐπιβούλου,
888 1896 956 1937 καὶ
979 1892 1076 1946 τούς
1099 1912 1142 1938 τε
1167 1894 1419 1953 ὀφθαλμοὺς
1438 1897 1700 1951 ἕκκεντηθὲν-

213 2005 260 2040 iis
285 2003 451 2049 colligere
473 2001 563 2038 velit
585 2002 753 2038 Ioannem
776 2003 814 2037 in
837 2003 904 2038 hac
927 2003 1001 2038 vita
1024 2004 1069 2038 ad
1092 2003 1323 2050 posteriorem
1351 2004 1487 2040 Christi
1510 2005 1700 2040 adventum

214 2051 488 2087 annuntiandum
505 2050 648 2084 Enochi
671 2055 708 2084 et
724 2049 827 2084 Eliae
850 2051 1010 2097 exemplo
1034 2051 1280 2096 permansisse,
1307 2051 1337 2086 is
1361 2051 1452 2086 sciat
1472 2052 1637 2086 Ioannem
1663 2052 1702 2086 in

214 2097 457 2144 patefactione
481 2096 574 2131 solos
595 2096 685 2131 istos
704 2097 792 2131 duos
815 2098 881 2131 sub
906 2108 1058 2142 persona
1079 2097 1216 2132 Christi
1241 2097 1362 2133 dicere
1380 2103 1490 2133 testes
1509 2098 1578 2133 sibi
1603 2099 1700 2134 sutu-

214 2156 289 2180 ros.
336 2140 570 2190 “producam'‘
595 2142 712 2188 inquit
727 2142 857 2188 (Apoc.
877 2145 937 2187 11)
951 2139 1063 2178 “duos
1080 2155 1176 2179 meos
1190 2149 1301 2180 testes
1317 2144 1501 2179 Enochum
1517 2150 1555 2180 et
1570 2145 1700 2190 Eliam,

214 2191 314 2236 iique
344 2201 465 2225 saccos
496 2189 615 2224 amicti
647 2188 934 2224 vaticinabuntur
966 2190 1041 2224 dies
1076 2191 1177 2226 1260.
1225 2191 1262 2225 hi
1294 2195 1377 2226 sunt
1409 2191 1499 2226 duae
1529 2191 1629 2226 oleae
1664 2197 1702 2227 et

216 2238 307 2272 duae
335 2236 512 2271 lucernae.
560 2236 653 2281 ignis
677 2248 721 2270 ex
745 2247 864 2270 eorum
889 2247 951 2270 ore
975 2237 1178 2282 egredietur
1199 2242 1235 2271 et
1259 2237 1380 2272 hostes
1404 2249 1523 2272 eorum
1548 2238 1701 2273 devora-

216 2284 285 2319 bit.
334 2294 482 2328 cumque
503 2282 742 2317 testimonium
763 2293 861 2316 suum
884 2286 996 2317 totum
1017 2283 1195 2328 dixerint,
1230 2283 1347 2318 bestia
1380 2295 1471 2329 quae
1502 2296 1546 2319 ex
1571 2286 1701 2330 abysso

218 2329 402 2364 adscendit
424 2328 552 2364 bellum
576 2329 629 2364 eis
650 2329 780 2374 faciet,
808 2328 997 2374 vincetque
1021 2342 1082 2364 eos
1109 2335 1145 2364 et
1163 2329 1367 2374 interficiet,
1392 2335 1428 2365 et
1446 2331 1621 2366 cadavera
1640 2343 1702 2365 eo-

217 2388 293 2411 rum
311 2376 349 2410 in
367 2376 487 2421 platea
505 2376 603 2411 urbis
623 2376 791 2411 iacebunt
817 2374 893 2409 dies
920 2375 943 2410 3
971 2388 1001 2410 s.
1025 2376 1222 2422 insepulta,
1255 2376 1317 2411 ubi
1339 2383 1376 2411 et
1398 2376 1557 2412 dominus
1583 2389 1702 2412 eorum

219 2422 408 2457 crucifixus
442 2419 535 2457 est.'’
580 2424 714 2457 frustra
737 2421 847 2466 igitur
871 2427 1046 2467 nugantur
1071 2423 1211 2468 quidam
1234 2423 1398 2457 Ioannem
1423 2424 1538 2458 adhuc
1560 2423 1597 2458 in
1622 2436 1705 2458 cor-1

218 2480 308 2514 pore
328 2468 474 2513 vivere,
513 2480 555 2503 re
586 2481 672 2503 vera
700 2468 904 2513 ignorantes
940 2469 1023 2514 quid
1048 2469 1168 2504 dicant
1193 2474 1229 2503 et
1253 2481 1322 2515 qua
1344 2470 1389 2504 de
1412 2481 1452 2505 re
1476 2471 1702 2515 contendant,

220 2516 265 2550 de
291 2525 354 2550 suo
382 2514 468 2549 illud
504 2518 733 2551 commentum
765 2513 935 2549 audacter
965 2517 1128 2561 profecto
1161 2520 1198 2551 et
1230 2516 1449 2552 confidenter
1467 2517 1704 2563 proferentes,

220 2572 292 2596 non
316 2573 359 2596 ex
383 2560 494 2596 sacris
514 2561 686 2597 habentes
711 2561 980 2607 interpretibus.

311 2608 400 2642 Post
420 2608 579 2643 Nervam
600 2608 780 2644 Traianus
802 2607 992 2653 imperavit
1016 2620 1126 2643 annos
1154 2609 1209 2652 19,
1237 2619 1373 2643 menses
1397 2608 1432 2653 6,
1456 2607 1533 2644 dies
1556 2609 1611 2643 15.
1637 2609 1706 2643 fuit

222 2652 291 2687 iste
313 2653 412 2688 malis
435 2653 586 2690 infestus
611 2659 647 2690 et
674 2653 832 2689 iustitiae
855 2665 987 2688 amans.
1033 2655 1221 2700 aliquando
1245 2654 1405 2689 strictum
1429 2666 1545 2690 ensem
1569 2655 1606 2689 in
1630 2667 1705 2690 om-

224 2698 319 2732 nium
342 2711 525 2745 procerum
551 2705 742 2747 conspectu
769 2700 948 2756 praesecto
977 2701 1145 2747 tradidit,
1180 2700 1230 2736 ita
1255 2701 1420 2747 inquiens
1444 2698 1590 2747 “accipe
1614 2702 1706 2737 hunc

224 2743 397 2790 gladium,
432 2759 563 2792 eoque,
593 2748 625 2782 si
647 2752 746 2782 recte
769 2758 922 2792 impero,
948 2758 1011 2792 pro
1036 2759 1113 2793 me,
1141 2746 1172 2782 si
1198 2746 1307 2791 male,
1334 2753 1457 2782 contra
1480 2759 1535 2782 me
1559 2745 1706 2783 utitor.’'

225 2801 247 2823 a
270 2790 391 2826 Nerva
417 2794 461 2827 ob
484 2794 653 2829 virtutem
677 2797 732 2828 est
756 2793 801 2828 ad
825 2793 1009 2839 imperium
1033 2798 1190 2837 evectus,
1219 2794 1313 2839 quod
1338 2793 1396 2828 vir
1418 2793 1704 2829 bellicosissimus

225 2835 359 2870 Romae
383 2842 419 2871 et
441 2840 573 2885 ubique
594 2844 767 2875 terrarum
790 2851 863 2874 rem
887 2840 1027 2885 saepius
1051 2839 1234 2895 praeclare
1255 2839 1442 2884 gessisset.
1467 2851 1544 2875 cum
1563 2841 1704 2886 quidam

226 2881 414 2917 amicorum
437 2892 532 2921 esset
552 2887 646 2933 apud
670 2898 748 2923 eum
771 2886 918 2933 delatus,
944 2887 1038 2933 quod
1060 2885 1132 2934 1psi
1153 2886 1303 2924 insidias
1326 2887 1483 2933 fecisset,
1505 2886 1607 2934 isque
1630 2887 1703 2922 suis
