1742 3184
199 172 302 220 226
685 172 930 222 GEORGII
959 171 1215 220 CEDBENI

202 293 359 348 Τρῶες,
387 289 458 333 καὶ
478 292 560 341 πᾶς
581 286 603 332 ὃ
625 288 804 347 στρατὸς
822 286 899 332 ὑπ’
922 287 1052 333 αῧτοῦ
1075 284 1391 344 διαταττόμενος
1407 286 1479 348 ἐφ’
1501 286 1690 347 ἅρματος

200 364 401 417 λαμπρῶς
418 359 642 415 ὀχουμένου
659 360 717 411 εἷς
733 359 780 403 τὸ
801 357 979 402 δάπεδον
993 356 1175 417 ἐξῄεσαν.
1191 415 1197 420 ι
1242 358 1460 414 ἐξέστησαν
1481 359 1526 402 δὲ
1537 358 1692 415 ’Ἐλλη-

202 447 268 481 νες
277 461 292 482 ,
328 431 426 488 ξίφη
450 430 520 472 καὶ
542 426 650 472 ὅπλα
670 428 832 487 φοβερὰ
854 430 922 471 καὶ
942 427 1258 493 σφενδόναςικαὶ
1285 427 1462 479 ἀσπίδας
1483 426 1693 486 τετραγώ-

202 517 299 551 νους
320 501 388 542 καὶ
406 500 623 549 Αἰθίοπας
641 498 820 549 πολλοὺς
838 497 935 540 κατ’
962 497 1099 542 αὐτῶν
1125 495 1306 556 ὁρῶντες,
1327 495 1539 555 ὁρμῶντας
1560 502 1691 556 φοβε-

60 578 91 615 Ρ
117 579 185 616 129
207 569 307 628 ροὺς
327 570 394 612 καὶ
423 566 635 626 φρικτούς.
703 569 772 610 καὶ
791 567 830 610 οἳ
852 570 995 625 Τρῶες
1018 567 1063 610 δέ
1080 566 1156 611 σὺν
1172 571 1254 625 βοῇ
1275 570 1406 626 πολλῇ
1424 568 1493 611 καὶ
1513 565 1726 622 ἅλμασιν5

205 638 479 693 ἐπιτιθέμενοι
501 638 714 688 πλείστους
738 635 917 694 ἀνῄρουν
939 639 1008 680 καὶ
1034 636 1152 680 αὐτοὶ
1181 641 1263 680 τῶν
1275 637 1464 693 Ἀχαιῶν.
1533 637 1573 680 οἱ
1596 635 1693 694 ἡγε-

206 706 328 768 μόνες
350 708 395 750 δὲ
415 708 491 763 τὴν
513 708 612 761 βιάν
636 711 710 750 τοῦ
731 705 924 762 πλήθους
944 707 992 750 οὗ
1018 707 1210 766 φέροντες
1229 703 1468 764 ὑπεχώρουν
1495 706 1600 765 πρὸς
1619 707 1695 758 τὰς

207 782 332 831 ναῦς,
368 776 418 828 (ἲς
440 778 509 820 καὶ
531 775 660 827 αὐτὰς
689 775 727 818 οἱ
748 774 960 834 βάρβαροι
982 777 1239 820 κατέκαυσαν
1264 775 1338 829 ἄν,
1372 777 1407 819 εἰ
1427 775 1485 832 μὴ
1506 776 1580 827 νὺξ
1607 777 1696 818 ἐπι-

209 852 316 891 οῦσα
344 845 419 902 τὴν
447 845 582 888 αὐτῶν
612 846 804 900 κατέσχεν
834 843 982 903 ὁρμήν.
1050 845 1329 903 ἐπιγενομένης
1358 840 1431 888 οὖν
1458 849 1533 902 τῆς
1552 844 1698 897 νυκτὸς

208 918 263 961 τὰ
290 920 373 960 τῶν
404 914 668 973 ἀνῃρημένων
695 914 980 973 τεφρώσαντες
1011 913 1187 971 σώματα
1218 917 1286 958 καὶ
1319 919 1400 959 τῶν
1431 919 1697 973 τραυματιῶν
1710 920 1742 956 1(

211 983 574 1041 ἐπιμελησάμενοι,
610 982 667 1036 ῶς
688 984 816 1037 εἶκός,
852 985 891 1028 οἳ
917 984 1078 1043 ἄριστοι
1102 990 1184 1029 τῶν
1203 985 1378 1040 Ἀχαιῶν
1403 983 1700 1040 ἐβουλεύσαντο

210 1057 274 1106 τίς
294 1054 345 1098 ἂν
371 1052 557 1112 τολμήσῃ
580 1053 687 1097 κατὰ
713 1058 789 1099 τοῦ
808 1055 1031 1110 Μέμνονος
1056 1059 1212 1110 βαλεῖν,
1245 1060 1328 1098 τῶν
1353 1053 1490 1098 ἄλλων
1512 1057 1604 1113 περὶ
1626 1053 1702 1097 ἄλ-

211 1129 312 1175 λους
331 1124 658 1179 ἀσχολουμένων.
726 1128 949 1182 κληροῦται
968 1126 1104 1168 τοίνυν
1119 1125 1233 1176 Αἴας
1249 1122 1272 1167 ὃ
1293 1122 1572 1180 Τελαμώνιος.
1634 1124 1704 1167 καὶ

213 1197 309 1252 πρὶν
337 1194 453 1250 ἣλιον
479 1192 666 1236 ἀνελθεῖν
695 1191 960 1248 ὁπλισάμενοι
990 1191 1180 1252 ἐξῄεσαν,
1216 1192 1411 1250 τΈλληνες
1436 1195 1511 1249 μέν
1533 1198 1704 1252 πρῶτοι,

216 1262 346 1315 εὗθῦς
367 1263 413 1306 δὲ
431 1265 499 1306 καὶ
521 1261 542 1305 ὃ
561 1263 749 1317 Μέμνων
772 1265 841 1306 καὶ
863 1262 1011 1314 πάντες
1030 1264 1070 1306 οἱ
1087 1261 1163 1306 ὕπ’
1183 1262 1310 1306 αὐτὸν
1331 1268 1592 1322 στρατιῶται.
1629 1262 1704 1306 δίλ-
1717 1268 1742 1304 11

163 1343 195 1380 B
217 1337 283 1376 λοι
299 1334 375 1388 μὲν
397 1327 469 1375 οὖν
488 1331 593 1390 πρὸς
615 1332 768 1383 ἄλλους
776 1365 790 1385 ,
826 1330 848 1375 ὅ
861 1333 982 1384 ιέῖας
1002 1333 1048 1376 δὲ
1064 1333 1280 1389 Ἀχιλλέως
1302 1332 1429 1377 αὐτοῦ
1446 1334 1491 1376 ἐκ
1512 1337 1594 1377 τῶν
1612 1331 1706 1377 ὄπι-

217 1407 323 1448 σθεν
344 1401 683 1456 συνεπισχῦοντος
705 1401 811 1446 κατὰ
831 1407 906 1446 τοῦ
929 1403 1154 1457 Μέμνονος
1174 1400 1298 1464 ὁρμᾷ.
1356 1402 1546 1458 Μέμνων
1565 1404 1612 1446 δὲ
1633 1406 1706 1447 τοῦ

217 1471 404 1528 ἅρματος
420 1472 607 1526 καταβὰς
630 1476 689 1530 τῷ
708 1470 853 1529 δόρατι
870 1472 1074 1530 ἐπείραζεν
1091 1472 1272 1516 Αἴαντα.
1341 1473 1456 1525 Αἴας
1479 1473 1523 1516 δὲ
1547 1477 1710 1531 πρῶτος

217 1543 293 1598 τὴν
314 1542 443 1585 αὖτοῦ
464 1542 730 1599 ἀναστρέψας
750 1542 905 1585 ἀσπίδα
924 1542 1094 1586 ἐπέθετο
1110 1542 1276 1601 βαρέως
1295 1542 1432 1600 αὐτῷ·
1477 1540 1641 1586 πάντων
1664 1542 1710 1584 δὲ

219 1616 302 1656 τῶν
322 1611 398 1654 σὺν
421 1611 534 1669 αὐτῷ
555 1611 695 1653 Ἰνδῶν
713 1609 995 1668 προσεχόντων
1014 1616 1074 1671 τῷ
1092 1612 1268 1663 Αἴαντι,
1302 1611 1349 1655 τὸ
1371 1609 1474 1669 δόρυ
1491 1612 1634 1667 βαλών
1652 1612 1742 1662 εῗς2

219 1681 292 1725 τὸν
313 1681 537 1735 Μέμνονος
561 1679 768 1737 τράχηλον
794 1682 1064 1737 γυμνωθέντα
1089 1682 1230 1725 κτείνει
1262 1685 1406 1724 τοῦτον
1434 1679 1537 1739 ὖπέρ
1564 1682 1712 1726 ἐλπίδα

221 1754 360 1794 πᾶσαν
380 1747 402 1793 ὃ
427 1748 647 1805 Ἀχιλλεύς.
716 1749 940 1794 κάντεῦθεν
959 1750 1189 1809 βαρβάρων
1209 1751 1284 1806 μέν
1306 1750 1412 1794 κατὰ
1432 1750 1583 1808 κράτος
1601 1750 1713 1810 φυγὴ

224 1821 293 1863 καὶ
314 1816 440 1877 φόνος
465 1820 535 1862 καὶ
557 1817 714 1876 οἰμωγή
725 1851 739 1872 ,
770 1817 977 1876 Ἑλλήνων
996 1821 1041 1863 δὲ
1063 1820 1302 1878 ἀλαλαγμὸς
1321 1822 1389 1864 καὶ
1407 1822 1495 1877 νίκη
1517 1819 1715 1879 ἀναμφή-

224 1905 365 1948 ριστος
385 1890 454 1933 καὶ
474 1887 669 1947 λαμπρά,
697 1887 763 1934 ὅτε
785 1891 854 1933 καὶ
873 1889 1137 1946 Πολυδάμας
1161 1889 1183 1935 ὁ
1204 1896 1286 1935 τῶν
1312 1892 1514 1935 Φοινίκων
1531 1888 1717 1947 ἀλκιμώ-

224 2043 359 2079 ier'unt.
390 2041 473 2090 ipse
491 2041 660 2079 Memnon
682 2042 868 2090 splendide
891 2056 998 2081 curru
1020 2044 1270 2083 invehebatur.
1296 2048 1556 2094 obstupuerunt
1572 2045 1721 2093 Graeci,

226 2090 365 2137 gladios
388 2101 556 2136 armaque
580 2096 768 2126 cernentes
790 2092 987 2138 terribilia,
1009 2094 1210 2140 fundasque
1233 2100 1271 2130 et
1291 2096 1465 2141 quadrata
1483 2099 1605 2139 scuta,
1629 2092 1719 2129 mul-

226 2144 358 2184 tosque
384 2137 582 2183 Aethiopes
612 2137 808 2173 horrendos
841 2139 1000 2175 homines
1032 2139 1224 2176 irruentes.
1271 2142 1337 2176 sed
1359 2146 1396 2177 et
1418 2141 1570 2177 Troiani
1591 2151 1720 2186 magno

228 2195 307 2219 cum
329 2183 482 2219 clamore
504 2190 542 2219 et
560 2183 653 2219 saltu
670 2184 838 2230 impetum
863 2186 989 2222 dautes
1012 2186 1181 2233 plurimos
1203 2189 1249 2224 de
1267 2188 1421 2223 Graecis
1443 2187 1721 2224 interficiebant.

229 2230 352 2276 itaque
387 2230 509 2266 horum
543 2231 653 2266 duces
684 2231 918 2268 multitudinis
946 2233 1154 2270 violentiam
1180 2247 1250 2270 non
1282 2235 1499 2272 sustinentes
1532 2235 1579 2270 ad
1609 2245 1722 2269 naves

229 2282 479 2321 recesserunt3
513 2288 607 2323 quae
636 2280 673 2313 et
696 2278 799 2324 ipsae
822 2284 895 2314 tum
915 2280 1069 2316 fuissent
1091 2293 1113 2316 a
1135 2281 1299 2317 barbaris
1324 2288 1522 2326 crematae,
1556 2280 1628 2316 nisi
1649 2292 1724 2316 nox

229 2324 489 2370 superveniens
525 2335 645 2359 eorum
679 2331 841 2361 conatum
863 2326 1090 2362 inhibuisset.
1138 2334 1218 2364 orta
1248 2335 1353 2364 nocte
1382 2328 1516 2364 Graeci
1546 2328 1724 2363 cadavera

232 2381 375 2405 suorum
406 2371 470 2417 qui
496 2370 534 2406 in
561 2370 698 2418 praelio
720 2372 940 2414 ceciderant,
979 2375 1267 2419 combusserunt,
1299 2375 1512 2421 sauciosque
1532 2374 1726 2421 diligenter

231 2423 457 2453 curaverunt.
515 2417 568 2453 ibi
601 2429 679 2454 cum
710 2418 883 2464 primores
911 2421 1130 2457 Graecorum
1159 2422 1400 2458 consultarent
1425 2422 1608 2468 quisnam,
1644 2420 1724 2456 aliis

232 2462 329 2498 circa
348 2463 435 2499 alios
454 2465 648 2510 occupatis,
673 2477 751 2501 cum
772 2467 961 2502 Memnone
983 2479 1121 2503 manum
1141 2481 1330 2504 conserere
1353 2470 1513 2514 auderet,
1542 2467 1582 2503 id
1600 2479 1724 2503 mune-

232 2510 284 2544 ris
308 2510 410 2545 Aiaci
432 2510 638 2547 Telamonis
660 2512 706 2548 F.
733 2518 830 2548 sorte
852 2513 995 2559 obtigit.
1045 2521 1128 2550 ante
1157 2516 1243 2551 solis
1276 2521 1391 2551 ortum
1422 2515 1549 2551 armati
1581 2516 1628 2551 ad
1656 2526 1724 2561 pu-

235 2567 340 2600 gnam
366 2557 553 2593 exiverunt
569 2559 702 2594 Graeci
724 2560 885 2606 primum,
910 2571 992 2595 mox
1013 2561 1119 2597 etiam
1135 2562 1302 2598 Memnon
1325 2574 1402 2598 cum
1425 2562 1593 2597 universo
1619 2573 1724 2598 exer-

236 2602 324 2656 citu.
372 2603 424 2638 ibi
449 2615 527 2640 cum
551 2605 613 2641 alii
635 2606 722 2642 alios
746 2608 1038 2653 aggrederentur,
1061 2609 1153 2644 Aiax
1170 2608 1305 2644 Achille
1329 2620 1350 2644 a
1372 2614 1475 2654 tergo
1498 2609 1614 2654 ipsum
1639 2621 1726 2644 con-

236 2649 399 2683 firmante
423 2650 646 2688 Memnonem
674 2654 848 2690 adoritur.
895 2654 1062 2690 Memnon
1093 2667 1199 2690 curru
1227 2657 1415 2701 degressus
1447 2656 1551 2691 hasta
1582 2655 1728 2691 Aiacem

237 2695 407 2731 tentavit.
454 2698 519 2733 sed
541 2699 632 2734 Aiax
656 2700 790 2756 primus
813 2712 904 2746 eum,
935 2707 1036 2736 scuto
1060 2702 1172 2748 ipsius
1198 2702 1398 2747 deturbato,
1430 2702 1591 2748 graviter
1614 2702 1731 2746 ursit;

240 2751 388 2793 cumque
412 2754 530 2780 omnes
553 2746 635 2782 Indi
657 2759 695 2782 m
716 2747 862 2784 Aiacem
882 2754 1003 2783 essent
1024 2748 1166 2794 intenti,
1190 2748 1345 2785 Achilles
1367 2748 1542 2784 cervicem
1563 2750 1727 2786 Memno-

241 2796 299 2821 nis
321 2787 484 2825 nudatam
506 2792 608 2828 hasta
627 2794 782 2840 traiecit,
817 2806 966 2841 eumque
987 2801 1133 2841 praeter
1156 2796 1307 2831 omnium
1325 2807 1426 2842 spem
1450 2795 1596 2832 occidit.
1643 2796 1728 2831 inde

243 2833 354 2887 effusa
374 2835 603 2875 barbarorum
625 2841 724 2886 fuga,
748 2842 875 2878 caedes
898 2847 1006 2888 atque
1029 2842 1192 2887 eiulatus,
1217 2844 1438 2878 Graecorum
1460 2847 1586 2878 contra
1609 2842 1729 2877 exsul—

242 2883 332 2915 tuno
362 2888 530 2931 certaque
559 2891 597 2922 et
624 2887 772 2926 illustris
803 2888 969 2934 victoria.
1014 2893 1100 2926 tunc
1131 2889 1240 2928 etiam
1268 2888 1482 2937 Polydamas
1511 2889 1730 2927 fortissimus
