1742 3184
216 210 317 256 220
536 234 539 238 “
643 221 645 229 ²
697 210 939 257 GEORGII
973 204 1219 257 GEDRENI

215 331 290 382 τῆς
305 327 534 385 παρθένου.
568 328 637 370 καὶ
653 325 805 383 ταύτης
823 328 1098 385 διασωθείσης
1114 330 1181 371 καὶ
1202 327 1481 386 ἀποδοθείσης
1499 333 1559 390 τῷ
1575 332 1698 389 πατρὶ

217 396 361 452 ζώσης,
383 397 532 455 ἱέρειαν
551 397 680 453 αὐτὴν
700 397 892 454 παραυτά
912 402 971 456 τῷ
986 398 1085 457 ’ἱερῷ
1104 403 1177 454 τῆς
1192 399 1427 468 Ἀρτέμιδος
1437 401 1699 456 Ἀγαμέμνων

218 467 443 525 ἄφιέρωσε·
492 468 561 510 καὶ
587 466 810 518 Ὀδυσσεὺς
843 469 1104 523 ἀποδοθῆναι
1139 463 1266 520 αὖθις
1290 470 1370 525 ’τὴν
1396 470 1621 524 βασιλείαν
1640 474 1698 528 τῷ

211 536 478 591 Ἀγαμέμνονι
499 535 788 593 παρεσκεύασε.
861 536 1126 593 Παλαμήδην
1147 539 1190 580 δὲ
1207 538 1450 595 μετ”ὖλίγυν
1461 537 1698 590 Ὀδυσσεύς,

217 610 415 656 πλαστοῖς
444 603 660 663 γράμμασι
692 607 759 648 καὶ
790 603 968 663 μάρτυσι
1001 605 1281 664 χρησάμενος,
1331 609 1464 652 αἲτίαν
1495 607 1732 665 προδότου5

169 681 200 715 C
223 677 399 731 τίθησιν,
435 677 503 718 καὶ
525 673 822 732 παρασκευάζει
851 675 922 719 τὸν
951 677 1125 734 στρατὸν
1153 681 1428 733 λιθοβολῆσαι
1460 675 1596 729 οἲῦτόν,
1632 671 1700 719 καὶ

218 744 266 788 τὸ
286 746 481 799 λείψανον
503 742 794 802 τεφρώσαντας
815 747 1019 804 Ναυπλίῳ
1039 751 1098 805 τῷ
1119 747 1246 790 α’ὖτοῦ
1266 749 1391 806 πατρὶ
1411 748 1700 801 παραπέμψαι.

220 808 340 864 οὗτός
361 815 445 857 ἔστι
466 812 732 869 Παλαμήδης
753 813 773 856 ὅ
803 816 869 856 καὶ
896 815 970 870 τὴν
991 813 1148 869 τάβλαν
1171 817 1354 874 ἕφευρὼν
1376 817 1479 874 πρὸς
1505 822 1701 873 μετεωρι-

221 883 327 938 σμὸν
344 887 418 925 τοῦ
437 886 628 940 στρατοῦ,
647 885 714 926 καὶ
735 884 808 939 τὴν
828 885 870 926 ἐν
891 885 996 942 αὐτῇ
1016 884 1208 928 σύνθεσιν
1230 886 1305 929 σὺν
1326 887 1551 946 φιλοσοφίᾳ
1570 889 1700 942 πολλῇ

221 951 493 1007 καταστήσας.
529 951 650 1009 ὥρισε
671 953 749 1010 γὰρ
773 952 872 996 εἶναι
895 954 968 1009 τὴν
987 953 1144 1009 τάβλαν
1163 955 1235 998 τὸν
1253 955 1390 1011 γήϊνον
1409 953 1575 1008 κόσμον,
1606 954 1701 1004 τοὺς
1715 961 1742 997 1⁴

217 1022 266 1064 δὲ
297 1020 458 1064 δώδεκα
486 1020 639 1073 κάσους
668 1022 738 1065 τὸν
770 1024 965 1076 ζωδιακὸν
998 1023 1195 1081 ἀριθμόν,
1230 1025 1277 1067 τὸ
1301 1026 1346 1067 δὲ
1365 1023 1613 1082 ψηφόβοχον
1634 1025 1704 1066 καὶ

220 1091 274 1133 τὰ
301 1093 342 1133 ἐν
372 1091 483 1149 αὐτῷ
509 1094 650 1134 κοκκία
672 1091 850 1135 τὰκὲπτὰ
871 1092 1006 1150 ἄστρα
1026 1099 1107 1136 τῶν
1127 1092 1354 1148 πλανήτων,
1389 1094 1460 1137 τὸν
1484 1095 1530 1136 δὲ
1551 1093 1705 1150 πύργον

222 1161 269 1204 τὸ
290 1160 401 1215 ὕψος
422 1166 495 1203 τοῦ
514 1161 715 1217 οὐρανοῦ,
764 1163 811 1212 ἐξ
837 1156 885 1205 οὗ
916 1163 1232 1206 ἀνταποδίδοται
1263 1160 1363 1206 aaut
1395 1163 1502 1206 καλὰ
1524 1158 1559 1218 “ἢ
1583 1160 1704 1205 κακά.

224 1228 245 1272 ὅ
267 1230 390 1281 αὐτὸς
411 1224 500 1285 εὗρε
522 1232 591 1272 καὶ
613 1229 665 1273 τὰ
688 1228 737 1282 ις’
758 1229 981 1288 γράμματα
1004 1238 1076 1276 τοῦ
1098 1232 1365 1290 ἀλφαβήτου,
1405 1235 1536 1288 αβγῦ
1553 1235 1706 1286 εικλμ,

223 1317 473 1357 νοπρστυ.
558 1301 790 1357 προσέθηκε
825 1302 869 1343 δὲ
907 1302 1046 1353 αὐτοῖς
1076 1300 1251 1357 Κάδμος
1285 1300 1307 1345 ὃ
1339 1301 1552 1357 Μιλήσιος
1587 1302 1705 1358 ἕτερα
1717 1309 1742 1344 1:

169 1379 202 1414 D
227 1367 451 1426 γράμματα
471 1370 577 1427 τριά,
605 1373 681 1427 θφ
686 1387 729 1424 χ.
761 1369 823 1412 διὸ
845 1373 912 1413 καὶ
931 1375 1070 1429 πολλῷ
1089 1376 1146 1429 τῷ
1163 1370 1300 1429 χρόνῳ
1321 1379 1406 1422 τοῖς
1426 1371 1484 1414 ιθ’
1505 1372 1705 1428 ἐχρῶντο·

225 1437 324 1481 ὅθεν
354 1439 392 1481 οἱ
422 1438 584 1495 ἀρχαῖοι
608 1439 666 1494 μὴ
688 1438 845 1494 ἔχοντες
867 1441 912 1483 τὸ
934 1453 972 1495 ψ
994 1440 1067 1495 τὴν
1089 1442 1252 1496 ψαλίδα
1275 1442 1430 1483 παλίδα
1452 1440 1601 1495 ἔλεγον,
1637 1441 1707 1482 καὶ

224 1507 333 1550 ἄλλα
367 1508 501 1550 πολλὰ
533 1506 697 1565 ῥήματα
727 1507 862 1559 ἄλλως
890 1508 1117 1567 ἒξεφώνουν
1147 1511 1214 1552 καὶ
1245 1509 1382 1566 ἔλεγον
1415 1512 1481 1552 καὶ
1514 1509 1708 1566 ἔγραφον.

224 1578 330 1635 πρὸς
351 1582 482 1620 ταῦτα
507 1579 738 1632 Σιμωνίδης
757 1575 777 1619 ὃ
801 1580 908 1629 λ’ἴος
925 1580 1156 1635 προσέθηκε
1181 1578 1269 1630 δύο,
1285 1577 1322 1634 ἠ
1344 1580 1409 1621 καὶ
1431 1597 1478 1631 ω,
1492 1573 1708 1636 ”Επίχαρ..

224 1664 304 1702 μσς
329 1647 373 1688 δὲ
403 1645 424 1688 ὃ
447 1645 728 1703 Συρακούσιος
749 1648 867 1704 τρία,
905 1649 1026 1703 ζξψ,
1060 1650 1129 1690 καὶ
1162 1646 1291 1699 οὕτως
1322 1647 1625 1706 ἐπληρώθησαν
1654 1648 1742 1693 τὰ2

223 1715 287 1758 κδ’
314 1722 503 1770 στοιχεῖα.
1003 1712 1005 1714 ’

364 1782 727 1840 Παρεμβαλόντων
748 1785 792 1827 δὲ
813 1789 894 1828 τῶν
912 1783 1124 1840 εΕλλήνων
1146 1785 1221 1828 σὺν
1248 1792 1339 1837 ταῖς
1366 1786 1485 1828 ναυσὶ
1508 1785 1614 1829 κατὰ
1637 1789 1710 1842 τῆς

229 1854 384 1911 Τροιάς
406 1854 453 1895 οὗ
474 1852 730 1913 συνεχώρουν
755 1855 794 1896 οἳ
815 1858 958 1912 Τρῶες
977 1857 1265 1913 προσορμίσαι.
1333 1856 1512 1910 πολέμου
1539 1857 1585 1899 δὲ
1607 1873 1711 1914 συρ-

321 1951 364 1987 19
387 1949 528 1992 Keras?

228 2033 390 2077 hancque
422 2031 499 2066 loco
534 2030 686 2078 virginis
718 2032 808 2067 deae
838 2030 1016 2067 victimam
1049 2044 1206 2078 caesam,
1240 2032 1352 2079 ipsam
1384 2032 1590 2068 incolumem
1617 2032 1713 2079 patri

229 2079 401 2114 redditam
426 2083 533 2124 atque
558 2080 602 2113 ab
628 2091 670 2113 eo
693 2078 878 2114 confestim
902 2079 1120 2114 sacerdotem
1142 2079 1179 2113 in
1210 2080 1292 2114 fano
1320 2080 1458 2115 Dianae
1488 2080 1714 2114 constitutam

230 2127 355 2160 fuisse.
405 2125 532 2170 exinde
553 2125 719 2171 Ulyssem
738 2125 934 2160 confecisse
958 2130 996 2159 ut
1018 2125 1201 2171 imperium
1220 2127 1471 2171 Agamemnoni
1488 2122 1712 2161 redderetur.

230 2173 378 2207 eundem
402 2171 569 2217 Ulyssem
602 2178 685 2218 post
717 2172 821 2217 paulo
855 2171 956 2206 falsis
986 2171 1098 2207 literis
1123 2178 1160 2207 et
1179 2174 1332 2208 testibus
1356 2174 1527 2218 adversus
1550 2173 1713 2222 Palame-

230 2220 308 2253 dem
343 2230 440 2252 usum
474 2219 567 2253 hunc
598 2218 810 2264 proditionis
846 2218 990 2253 crimine
1017 2218 1256 2264 oppressisse,
1290 2225 1327 2254 et
1348 2220 1581 2255 machinatum
1604 2225 1645 2254 ut
1668 2221 1712 2254 ab

232 2265 390 2300 exercitu
414 2265 445 2299 is
467 2265 643 2312 lapidibus
669 2266 897 2310 obrueretur,
930 2265 1171 2312 reliquiaeque
1196 2266 1234 2300 in
1254 2267 1407 2301 cinerem
1428 2264 1594 2301 redactae
1619 2265 1715 2313 patri

232 2312 307 2347 eius
327 2311 480 2357 Nauplio
503 2311 739 2347 mitterentur.
785 2312 817 2346 is
837 2317 892 2346 est
909 2312 1129 2357 Palamedes,
1151 2313 1212 2357 qui
1230 2314 1275 2348 ad
1300 2313 1478 2348 exercitus
1501 2312 1713 2347 reficiendos

232 2358 468 2393 oblectatione
499 2359 632 2393 animos
667 2358 819 2394 tabulam
856 2366 892 2392 et
917 2358 991 2392 eius
1016 2360 1301 2405 compositionem
1326 2360 1571 2407 philosophica
1592 2360 1715 2394 admo-

232 2407 313 2440 dum
333 2404 509 2440 industria
530 2405 680 2439 invenit.
709 2405 762 2440 sic
783 2404 874 2439 enim
900 2404 1058 2440 instituit
1081 2411 1119 2439 ut
1140 2407 1261 2441 tabula
1280 2412 1376 2441 esset
1393 2407 1540 2441 mundus
1560 2406 1715 2441 elemen-

232 2452 342 2495 taris,
381 2451 565 2486 duodecim
597 2463 698 2487 casus
727 2452 905 2497 signorum
936 2452 1075 2486 zodiaci
1107 2464 1292 2498 numerus,
1326 2452 1475 2490 talorum
1508 2454 1641 2497 iactus,
1678 2456 1715 2487 et

234 2510 326 2543 quae
350 2498 387 2531 in
410 2498 491 2532 talis
517 2504 600 2533 sunt
622 2510 751 2543 grana,
776 2503 908 2545 septem
932 2498 1150 2543 planetarum
1174 2506 1284 2544 astra,
1307 2500 1415 2534 turris
1438 2498 1527 2533 caeli
1551 2499 1714 2544 altitudo,

235 2557 279 2578 ex
302 2555 371 2588 quo
394 2545 554 2580 omnibus
578 2547 671 2580 bona
693 2545 827 2580 malave
846 2545 1061 2580 tribuuntur.
1109 2546 1201 2580 idem
1223 2546 1376 2580 sedecim
1395 2545 1573 2591 alphabeti
1593 2545 1716 2580 literas

233 2589 390 2635 invenit,
435 2591 940 2637 αβγδεικλμνοπρστυ.
999 2591 1053 2625 his
1086 2596 1160 2627 tres
1190 2593 1329 2627 addidit
1362 2592 1514 2626 Cadmus
1539 2592 1716 2636 Milesius,

234 2637 306 2678 &tp
320 2647 352 2678 χ.
401 2650 443 2672 ac
472 2638 577 2672 multo
607 2643 766 2684 tempore
791 2642 926 2673 tantum
957 2637 1012 2672 his
1041 2639 1269 2673 novendecim
1305 2638 1359 2672 usi
1393 2644 1475 2672 sunt
1510 2638 1716 2681 elementis3

234 2693 383 2725 cumque
405 2690 436 2726 ψ
460 2691 624 2720 carerent
647 2685 803 2731 antiqui,
840 2696 904 2731 pro
929 2684 1064 2729 psalide
1089 2686 1240 2730 palidem
1263 2685 1501 2730 scripserunt,
1539 2685 1716 2730 multaque

237 2727 376 2762 omnino
409 2729 478 2764 alia
510 2732 682 2766 vocabula
715 2743 817 2767 secus
850 2731 1168 2777 pronuntiaverunt
1197 2743 1299 2778 quam
1328 2731 1538 2766 scriberent.
1586 2730 1718 2766 adiecit

238 2774 294 2808 his
318 2775 404 2828 duas
428 2776 627 2831 Simonides
652 2779 767 2823 Ceus,
793 2791 817 2823 η
842 2783 878 2812 et
901 2789 943 2823 ω,
969 2778 1203 2824 Epicharmus
1227 2779 1472 2823 Syracusanus
1495 2783 1584 2823 tres,
1610 2779 1630 2820 ζ
1639 2777 1717 2823 ξψ.

238 2826 347 2866 atque
366 2832 419 2855 διο
442 2824 569 2866 viginti
592 2831 760 2869 quattuor
782 2825 962 2859 literarum
987 2836 1119 2859 summa
1141 2825 1284 2870 impleta
1307 2829 1375 2859 est.
1611 2835 1615 2842 ¹
1651 2831 1653 2834 ⁴

333 2867 560 2913 Appellentes
589 2872 633 2905 ad
663 2871 747 2906 litus
777 2871 914 2906 Troiae
945 2870 1092 2905 classem
1121 2873 1279 2906 Graecos
1303 2869 1455 2905 Troiani
1485 2870 1603 2906 conati
1636 2873 1721 2904 sunt

239 2913 362 2949 littore
392 2914 603 2962 prohibere,
639 2929 829 2965 pugnaque
857 2918 931 2954 acri
959 2917 1143 2954 commissa
1173 2917 1270 2953 multi
1304 2917 1470 2964 utrinque
1489 2916 1721 2962 ceciderunt,
