1742 3184
215 194 313 244 150
694 195 933 247 GEORGII
962 194 1210 241 GEDRENI

207 311 525 369 Ἀμαληκιτῶν,
575 310 724 367 ἤκουσε
756 310 871 370 παρὰ
902 315 975 356 τοῦ
1007 309 1221 369 προφήτου
1264 307 1578 365 “με,ιιαταίωταί
1607 328 1687 376 σοι,

215 381 279 428 ὅτι
302 381 374 425 οὗκ
396 380 603 440 ἕφύλαξας
622 382 696 437 τὴν
715 381 878 437 ἐντολὴν
893 379 944 437 ἣν
962 378 1181 423 ἐνετείλατό
1206 396 1271 422 σοι
1293 378 1444 437 κύριος.
1490 378 1686 436 ἡτοίμασε

164 458 194 495 Β
217 452 295 510 γὰρ
317 450 366 494 ἂν
384 452 457 506 τὴν
477 453 687 506 βασιλείαν
714 468 788 494 σου
818 450 892 501 ἕως
921 453 1066 501 αῗῶνος
1096 451 1160 493 ἐπὶ
1185 447 1372 506 Ἰσραήλ.
1438 451 1508 492 καὶ
1534 455 1606 492 νῦν
1638 450 1685 493 οὗ

216 520 406 577 στήσεται
436 518 462 576 ἡ
489 522 677 575 βασιλεία
707 537 805 570 σου,
837 518 943 575 ἀλλὰ
975 517 1134 575 ζητήσει
1167 517 1306 576 κύριος
1334 517 1556 576 ἄνθρωπον
1581 520 1687 563 κατὰ

214 591 289 646 τὴν
319 591 492 648 καρδίαν
524 591 650 633 αὐτοῦ
679 592 734 640 εἷς
763 588 941 645 ἄρχοντα
961 590 1025 631 ἐπὶ
1049 588 1119 632 τὸν
1142 588 1240 631 λαὸν
1263 588 1433 631 αὗτοῦ.”
1505 589 1608 644 μετὰ
1644 590 1687 632 δὲ
1698 597 1720 633 5

215 664 345 704 ταῦτα
366 661 584 716 χρίσαντος
606 659 675 702 τὸν
698 659 841 713 Λαβὶδ
869 663 942 701 τοῦ
964 657 1184 713 Σαμουήλ,
1222 656 1306 700 εἶτα
1338 655 1592 715 γηράσαντος
1620 660 1689 702 καὶ

214 727 548 783 τελευτήσαντος,
584 729 808 785 προσέθετο
836 731 994 783 μᾶλλον
1023 726 1044 769 ὃ
1066 728 1205 770 Σαοὺλ
1233 729 1489 784 παροργίζειν
1518 727 1589 771 τὸν
1615 727 1690 770 κύ-

219 816 319 855 ριον.
389 797 487 841 ὅθεν
516 799 583 840 καὶ
616 802 772 852 πνεῦμα
806 799 946 853 κυρίου
979 797 1130 853 ἀπέστη
1155 796 1227 839 ἀπ’
1253 797 1403 848 αὐτοῦ,
1437 797 1690 854 καὶ“ἒ’7ινιγεν

219 868 344 910 αὐτὸν
369 872 525 922 πνεῦμα
554 865 742 924 πονηρόν.
813 861 861 909 οὗ
876 865 1001 924 χάριν
1022 869 1089 909 καὶ
1115 865 1135 909 ὅ
1161 866 1304 921 Acasti&
1328 865 1468 923 ἄγεται
1487 866 1592 924 πρὸς
1614 867 1691 910 αὖ-

218 936 288 980 τόν
296 969 309 990 ,
348 938 404 987 εἲς
433 938 686 994 παρηγορίαν
719 934 893 991 ψάλλων
923 937 992 979 διὰ
1022 941 1095 991 τῆς
1126 935 1339 994 κιννύρας,
1373 938 1440 979 καὶ
1467 936 1688 995 ἀφίσταται
1702 941 1742 978 10

219 1006 293 1048 ἀπ’
329 1006 457 1049 αὐτοῦ
489 1006 535 1048 τὸ
568 1005 744 1062 πονηρὸν
773 1010 944 1059 πνεῦμα.
1016 1005 1107 1047 ἀλλ’
1136 1000 1207 1049 οὖν
1232 1022 1274 1062 γε
1306 1004 1490 1057 πατάξας
1508 1004 1529 1048 ὅ
1550 1006 1692 1061 Δαβὶδ

217 1075 288 1118 τὸν
313 1073 545 1133 ἀλλόφυλον
569 1077 610 1117 Γ
607 1074 733 1118 ολιάθ
740 1107 754 1127 ,
790 1075 834 1126 ὃς
863 1070 913 1130 ἧν
941 1073 1075 1135 ἡλικίᾳ
1105 1079 1245 1131 πηχῶν
1276 1073 1485 1133 τεσσάρων
1506 1077 1574 1118 καὶ
1596 1093 1692 1118 σπι-

169 1147 199 1182 C
224 1149 366 1199 θάμῆς
385 1145 433 1195 τὸ
449 1144 578 1200 ὕψος,
614 1146 682 1187 καὶ
705 1146 1021 1203 περικεφαλαίαν
1046 1144 1147 1199 ἔχων
1170 1146 1233 1187 ἐπὶ
1254 1149 1327 1200 τῆς
1347 1149 1531 1204 κεφαλῆς
1552 1146 1692 1197 αὐτοῦ,

223 1216 290 1256 καὶ
317 1212 494 1272 θώρακα
526 1213 776 1257 ἁλυσιδωτὸν
796 1215 908 1258 πέντε
925 1213 1123 1269 χιλιάδων
1146 1217 1292 1258 σίκλων
1308 1219 1468 1269 χαλκοῦ
1487 1217 1555 1257 καὶ
1575 1213 1693 1270 σιδή-

223 1300 296 1339 ρου
306 1315 320 1335 ,
351 1285 418 1325 καὶ
442 1286 639 1339 κνημῖδας
656 1288 813 1337 χαλκᾶς
836 1285 899 1326 ἐπὶ
923 1283 975 1326 τὰ
997 1285 1116 1339 σκέλη
1143 1285 1290 1336 αὐτοῦ,
1321 1285 1388 1326 καὶ
1410 1283 1455 1326 τὸ
1478 1283 1598 1335 ξύλον
1618 1289 1690 1327 τοῦ
1705 1290 1742 1327 15

223 1351 396 1410 δόρατος
415 1353 541 1396 αὐτοῦ
564 1351 619 1404 ὡς
639 1353 773 1396 ἀντίον
794 1351 1066 1411 ὗφαινόντων,
1104 1355 1170 1396 καὶ
1194 1352 1219 1409 ἡ
1244 1354 1308 1397 ἐπ’
1337 1353 1435 1396 αὐτὸ
1457 1352 1580 1410 λόγχη
1599 1353 1695 1405 ἑξα-

223 1422 369 1466 κοσίων
399 1424 548 1466 σίκλων
576 1421 768 1480 σιδήρου,
805 1425 872 1465 καὶ
904 1423 1025 1474 ἀσπὶς
1050 1427 1184 1479 χαλκῆ
1220 1422 1298 1466 ἀνὰ
1326 1424 1451 1478 μέσον
1471 1428 1551 1467 τῶν
1573 1423 1696 1479 ὤμων

223 1491 364 1534 αὐτοῦ.
431 1494 499 1535 καὶ
525 1493 594 1534 διὰ
613 1497 734 1535 τοῦτο
755 1494 1096 1549 ἕπιγαμβρευθεὶς
1115 1498 1172 1551 τῷ
1189 1491 1350 1545 Σαούλ,
1376 1496 1442 1535 καὶ
1465 1495 1696 1550 φθονηθεὶς

221 1558 425 1618 προφάσει
445 1565 524 1604 τῶν
537 1566 786 1619 χορευτριῶν
797 1594 810 1614 ,
842 1561 1133 1619 ἀποδιδράσκει
1154 1562 1227 1604 ἀπ’
1252 1563 1400 1614 αὐτοῦ,
1429 1561 1494 1605 ὅτε
1516 1562 1697 1614 καὶτοὺς

220 1628 371 1687 ἄρτους
397 1634 470 1685 τῆς
497 1631 759 1688 προσθέσεως
783 1630 929 1688 ἔφαγε,
965 1634 1031 1674 καὶ
1052 1631 1149 1683 τοὺς
1169 1633 1425 1688 τριακοσίους
1448 1630 1742 1688 πεντήκονταΞ(

221 1699 338 1756 ἱερεῖς
370 1699 499 1742 ἀνεῖλε
527 1698 690 1751 Σαούλ,
724 1702 792 1742 καὶ
823 1705 959 1743 πᾶσαν
991 1701 1064 1756 τὴν
1095 1701 1212 1743 πόλιν
1241 1700 1412 1752 ἐπάταξε
1446 1706 1626 1757 Νομβᾶν
1653 1704 1695 1745 ἓν

221 1767 406 1829 ῥομφαία
434 1768 512 1811 ἀπὸ
542 1768 765 1827 ἀνθρώπου
793 1769 869 1821 ἕως
895 1768 1087 1826 κτήνους,
1123 1772 1190 1813 καὶ
1209 1771 1284 1827 οὐχ
1304 1769 1532 1830 ὑπελείφθη
1551 1773 1596 1823 ἐξ
1619 1771 1695 1815 αὖ·

313 1901 334 1935 1
359 1895 381 1934 ὁ
406 1896 605 1946 προφήτης
625 1898 715 1936 τάδε
738 1898 833 1946 πρὸς
856 1898 980 1937 αὐτὸν
1002 1899 1120 1946 ἐξεῖπε
1143 1903 1178 1939 R
1362 1905 1386 1940 2
1407 1902 1471 1940 καὶ
1493 1899 1697 1949 ἡτοίμασεν

313 1941 363 1980 ἂν
385 1947 418 1982 R
558 1950 601 1983 16
622 1945 820 1992 μεσοίντιον
843 1961 963 1995 margo
987 1950 1016 1984 P

220 2061 402 2097 lecitarum
423 2074 542 2108 regem
567 2064 724 2108 Agagum
748 2063 953 2098 incolumem
975 2069 1172 2111 servasset,
1207 2066 1258 2101 ita
1283 2070 1339 2101 est
1358 2078 1377 2101 a
1402 2071 1485 2102 vate
1508 2067 1698 2113 compella-

223 2114 280 2142 tus
314 2108 352 2152 (1
375 2109 469 2143 Sam.
493 2110 553 2154 15)
586 2106 724 2145 “actum
751 2115 807 2145 est
829 2112 873 2145 de
897 2116 952 2155 te,
986 2118 1176 2157 propterea
1199 2114 1292 2157 quod
1315 2115 1512 2149 mandatum
1536 2115 1594 2149 dei
1619 2115 1696 2150 vio-

220 2153 317 2189 lasti.
363 2156 496 2200 absque
521 2156 612 2191 enim
635 2157 704 2191 hoc
728 2162 842 2202 esset,
867 2169 1014 2203 regnum
1031 2164 1126 2193 tuum
1147 2159 1183 2194 in
1200 2159 1402 2195 Israelicam
1419 2165 1558 2206 gentem
1581 2162 1700 2197 fuerat

221 2200 309 2235 deus
333 2214 489 2248 perenne
512 2203 684 2238 facturus.
733 2215 825 2238 nunc
847 2204 885 2238 id
911 2216 980 2238 non
1006 2206 1193 2241 consistet:
1217 2209 1281 2242 sed
1305 2213 1452 2252 quaeret
1474 2208 1561 2243 deus
1585 2208 1698 2242 homi-

219 2257 300 2281 nem
324 2259 368 2283 ex
395 2248 501 2283 animi
525 2249 579 2284 sui
602 2250 781 2285 sententia
801 2251 950 2296 sactum,
985 2263 1087 2296 quem
1120 2265 1182 2288 suo
1207 2253 1336 2300 populo
1360 2251 1592 2299 praeponat.''
1637 2267 1697 2289 se-

221 2294 369 2329 cundum
399 2295 486 2330 haec
510 2308 587 2330 cum
612 2297 794 2332 Samuelus
818 2298 982 2332 unctione
1004 2299 1178 2333 Davidum
1202 2312 1312 2346 regno
1339 2301 1556 2336 destinasset
1579 2301 1698 2336 senio-

219 2350 290 2384 que
311 2342 492 2376 confectus
514 2342 606 2378 diem
628 2355 726 2378 suum
752 2343 947 2388 obivisset‚
974 2345 1132 2390 perrexit
1157 2347 1284 2382 Saulus
1304 2347 1409 2382 etiam
1429 2347 1575 2392 amplius
1595 2349 1699 2383 deum

219 2385 376 2422 irritare.
423 2388 543 2435 itaque
568 2394 605 2424 et
626 2402 647 2423 a
670 2390 726 2424 dei
752 2390 880 2435 spiritu
899 2391 1059 2426 desertus
1084 2397 1138 2427 est
1165 2399 1200 2428 et
1225 2406 1246 2428 a
1268 2394 1419 2439 maligno
1439 2395 1568 2439 spiritu
1586 2394 1700 2440 premi

221 2433 353 2478 coepit.
402 2446 476 2469 eam
509 2437 553 2470 ob
582 2448 656 2470 rem
680 2437 839 2472 Davidus
864 2438 908 2472 ad
933 2449 1009 2472 eum
1036 2439 1204 2474 adductus
1231 2445 1306 2486 est,
1339 2440 1400 2486 qui
1423 2440 1562 2475 fidibus*
1576 2440 1700 2476 ludens

220 2479 265 2512 ab
289 2491 330 2514 eo
355 2480 478 2515 malum
501 2482 641 2526 genium
666 2484 828 2528 abigeret
849 2483 1035 2530 ipsumque
1066 2493 1259 2522 recrearet.
1307 2487 1399 2522 idern
1430 2487 1590 2522 Davidus
1621 2489 1699 2522 Go-

221 2523 366 2560 liathum
388 2528 577 2563 barbarum
599 2529 800 2574 interfecit,
834 2530 940 2565 altum
961 2531 1099 2567 cubitos
1125 2539 1292 2579 quattuor
1309 2546 1351 2568 ac
1369 2532 1597 2579 spithamam‚
1621 2545 1700 2568 cas-

222 2570 299 2605 side
323 2579 428 2618 caput
451 2581 642 2620 armatum,
667 2588 794 2622 corpus
816 2576 927 2611 lorica
951 2577 1107 2623 hamata,
1140 2580 1239 2615 cuius
1266 2592 1326 2615 aes
1350 2586 1387 2614 et
1410 2581 1541 2614 ferrum
1565 2592 1700 2626 appen-

222 2616 328 2670 debat
351 2620 373 2652 2
396 2631 425 2654 s.
449 2622 629 2656 unciarum
653 2623 766 2668 milia,
793 2635 894 2658 crura
918 2624 1031 2659 ocreis
1051 2626 1165 2660 aereis
1184 2632 1335 2671 tectum,
1357 2631 1556 2672 gestantem
1573 2626 1700 2661 hastile

220 2668 333 2716 lnstur
356 2664 521 2702 liciatorii
544 2669 712 2714 textoris,
741 2670 839 2705 cuius
864 2670 982 2715 cuspis
1007 2671 1185 2707 unciarum
1208 2679 1444 2708 trecentarum
1467 2674 1606 2718 ferrea,
1633 2673 1700 2708 hu-

221 2719 397 2754 mensque
419 2723 555 2749 aeream
580 2715 738 2760 aspidem
766 2717 949 2751 ferentem.
1000 2719 1043 2752 ob
1073 2718 1110 2753 id
1136 2720 1273 2754 facinus
1301 2731 1321 2754 a
1354 2719 1462 2754 Saulo
1492 2732 1603 2765 gener
1633 2720 1698 2754 ad-

221 2755 353 2809 scit-us,
396 2758 520 2794 oborta
554 2768 740 2807 praetextu
774 2763 923 2798 choreas
958 2764 1157 2800 ducentium
1192 2765 1467 2801 muliercularum
1503 2766 1701 2801 cantilenae

220 2802 378 2847 mv1d1a,
413 2815 435 2837 a
466 2817 589 2841 socero
624 2808 794 2854 profugit.
843 2821 886 2844 ea
917 2815 1127 2855 tempestate
1153 2818 1190 2847 et
1211 2824 1320 2858 panes
1345 2824 1464 2847 sacros
1489 2813 1640 2848 comedit
1664 2817 1702 2847 et

219 2847 290 2882 350
313 2850 516 2886 sacerdotes
540 2854 666 2889 Saulus
685 2856 888 2900 trucidavit,
912 2858 1104 2903 urbemque
1123 2860 1262 2894 Nobam
1280 2860 1376 2894 ferro
1395 2860 1562 2903 vastavit,
1588 2859 1701 2894 omni-

221 2894 287 2928 bus
308 2900 345 2930 et
362 2895 559 2934 hominibus
578 2906 614 2936 et
632 2902 826 2948 pecudibus
846 2902 1066 2950 interfectis,
1103 2905 1178 2942 solo
1198 2905 1366 2942 Abiatare
1386 2905 1606 2942 Abimelechi
1626 2905 1700 2940 filio
