1742 3184
214 198 315 248 582
693 195 934 244 GEORGII
966 194 1212 241 GEDRENI

212 315 340 373 ἣμισυ
369 312 572 372 ἐξωρίσθη
597 315 654 365 εἷς
676 308 934 356 Κουκουσόν·
968 309 1155 354 κάκεῖθεν
1183 309 1286 366 μετὰ
1309 306 1376 366 ἔτη
1394 305 1437 367 7!
1458 310 1526 353 καὶ
1547 312 1681 366 μῆνας

213 385 254 442 β’
282 386 532 442 μετενεχθεὶς
563 385 620 434 εἷς
650 384 905 434 Πιτυοῦντα,
951 382 1018 423 καὶ
1050 379 1258 438 γενόμενος
1292 379 1397 422 κατὰ
1426 378 1607 437 πάροδον
1638 380 1680 422 ἓν

215 453 427 509 Κομάνοις
455 450 705 506 ἐτελεύτησεν
726 452 767 494 ἓν
787 453 919 508 πολλῇ
939 451 1085 506 θλίψει
1103 468 1146 493 τε
1168 451 1235 493 καὶ
1256 447 1451 501 κακώσει,
1483 446 1679 505 ὑπάρχων

215 524 316 567 ἐτῶν
337 519 670 577 πεντηκονταδύο.
738 518 760 562 ὅ
783 521 830 563 δέ
844 536 887 576 γε
905 517 1044 571 πάπας
1053 518 1213 575 Ῥώμης
1224 518 1484 569 Ἰννοκέντιος
1501 517 1679 568 ἀκούσας

161 600 191 636 Β
215 593 287 649 τὴν
304 594 346 635 ἐν
366 593 500 651 ἕξορίᾳ
518 589 704 645 τελευτὴν
723 589 851 632 αὐτοῦ
867 587 1013 646 γράφει
1033 589 1135 647 πρὸς
1145 587 1358 645 Ἀρκάδων
1375 587 1512 630 τοιάδε
1528 585 1676 645 “φωνὴ
1689 592 1711 628 5

214 665 387 717 αἵματος
413 664 486 703 τοῦ
517 660 698 717 ἀδελφοῦ
716 676 797 713 μου
812 656 1010 701 Ἰωάννου
1032 662 1114 718 βοᾷ
1136 658 1238 716 πρὸς
1258 658 1328 701 τὸν
1348 656 1447 699 θεὸν
1465 657 1568 699 κατὰ
1590 660 1680 707 σοῦ,

213 734 397 786 βασιλεῦ,
424 727 479 780 ὥς
499 745 595 771 ποτε
607 728 727 782 ’Άβελ
748 732 822 771 τοῦ
841 729 1001 771 δικαίου
1021 727 1126 771 κατὰ
1145 731 1219 771 τοῦ
1238 723 1537 784 ἀδελφοκτόνον
1558 723 1681 768 Κάϊν.

214 802 283 843 καὶ
313 796 474 849 πάντως
502 796 811 854 ἔκδικηθήσεται
842 798 1019 855 παντοίῳ
1049 796 1208 855 τρόπῳ,
1242 794 1304 839 ὅτι
1336 794 1513 852 διωγμὸν
1541 794 1681 837 ἄδικον

214 868 318 911 κατὰ
346 872 418 923 τῆς
446 868 658 923 ἐκκλησίας
686 871 759 910 τοῦ
790 870 894 909 θεοῦ
924 868 993 909 καὶ
1019 870 1100 909 τῶν
1123 866 1260 923 ἱερέων
1283 864 1410 908 αὗτοῦ
1434 862 1680 918 συνεστήσω,

212 939 279 981 καὶ
299 937 471 988 ἒξέωσας
490 937 560 979 τὸν
577 937 704 992 μέγαν
723 940 796 991 τῆς
814 936 1049 991 οἶκουμένης
1068 933 1267 994 φωστῆρά
1286 951 1328 978 τε
1347 935 1412 976 καὶ
1433 931 1678 976 διδάσκαλον
1692 935 1737 971 10

213 1007 256 1049 ἔκ
284 1010 358 1048 τοῦ
387 1004 544 1063 θρόνου
575 1011 648 1060 τῆς
675 1007 895 1059 ἐπισκοπῆς
921 1005 1048 1048 αὐτοῦ’
1075 1001 1325 1062 παρανόμως
1343 1019 1386 1045 τε
1407 1003 1480 1046 καῖ
1493 1002 1680 1059 ἀκρίτως,

211 1072 436 1131 συνδιώξας
466 1074 579 1132 αὐτῷ
607 1075 673 1116 καὶ
702 1074 773 1116 τὸν
799 1071 997 1130 Χριστόν.
1066 1071 1093 1128 ἡ
1120 1074 1164 1116 δὲ
1189 1073 1259 1116 νέα
1280 1072 1467 1123 Δαλιλὰς
1487 1072 1681 1123 Effugia,

211 1143 316 1187 κατὰ
332 1142 478 1200 μικρὸν
497 1148 554 1202 τῷ
572 1146 682 1200 ξυρῷ
698 1146 770 1197 τῆς
787 1141 945 1198 ἀπάτης
967 1139 1179 1200 ξυρήσασά
1195 1159 1261 1195 σε,
1287 1140 1470 1199 κατάραν
1487 1139 1683 1197 ἐπήγαγεν

211 1212 338 1270 ἑαυτῇ
355 1214 422 1255 καὶ
440 1220 581 1268 μῖσος,
618 1211 772 1255 ἔνδικόν
791 1229 834 1255 τε
852 1214 918 1254 καὶ
938 1211 1220 1264 ἀνεξάλειπτον
1237 1209 1495 1266 δεσμεύσασα
1514 1211 1684 1267 φορτίον

159 1287 191 1323 C
215 1280 520 1339 ἁμαρτημάτων
549 1281 881 1336 δυσβάστακτον,
916 1283 985 1324 καὶ
1014 1286 1244 1340 προσθεῖσα
1274 1287 1359 1334 τοῖς
1386 1278 1528 1337 πρῴην
1556 1279 1683 1331 αὐτῆς
1694 1285 1739 1324 15

212 1354 354 1402 δεινοῖς
383 1353 450 1393 καὶ
480 1355 646 1401 πολλοῖς
677 1349 1014 1406 ἁμαρτήμασιν.”
1087 1349 1108 1393 ὃ
1135 1351 1179 1392 δὲ
1200 1351 1326 1407 μέγας
1345 1349 1560 1407 Ἰσίδωρος
1582 1346 1686 1405 πρός

210 1437 300 1463 τινα
318 1418 490 1477 γράφων
512 1418 641 1469 οὕτως
662 1420 785 1476 φησίν
808 1415 994 1476 “gom-effic
1014 1416 1088 1471 τὴν
1109 1417 1197 1472 περὶ
1217 1419 1287 1459 τὸν
1303 1419 1522 1461 θεσπέσιον
1536 1416 1687 1461 Ἰωάν-

211 1507 284 1544 νην
304 1488 565 1546 ·τραγῳδίαν,
601 1487 707 1529 ἀλλὰ
731 1485 887 1545 φράσαι
911 1485 1063 1541 ταύτην
1084 1485 1247 1542 ἀπορῶ·
1280 1487 1372 1543 νικᾷ
1395 1483 1474 1541 γὰρ
1498 1484 1567 1527 τὸν
1589 1489 1686 1527 roffi·

211 1556 239 1613 ἦ
269 1557 379 1612 μέθη
411 1561 485 1600 τοῦ
518 1554 769 1613 πράγματος.
838 1555 965 1613 μικρὰ
990 1555 1034 1597 δὲ
1055 1553 1240 1610 μάνθανε
1247 1586 1260 1606 ,
1298 1553 1400 1611 ἅπερ
1425 1551 1451 1608 ἦ
1475 1554 1687 1609 Αἴγυπτος

211 1625 408 1683 ἠγνόησε,
453 1626 642 1670 Μωῢσὲα
671 1626 745 1681 μὲν
777 1624 1102 1681 παραιτουμένη,
1136 1623 1207 1666 τὸν
1240 1623 1284 1665 δὲ
1318 1623 1479 1679 Φαραὼ
1511 1623 1740 1666 οἰκέων-20

212 1697 312 1751 με’νη
322 1728 334 1747 ,
362 1695 460 1745 τοὺς
478 1695 689 1746 ταπεινοὺς
704 1695 955 1749 μαστίζουσα
974 1695 1041 1735 καὶ
1059 1692 1154 1743 τοὺς
1174 1691 1449 1745 κοπουμένους
1462 1693 1686 1745 θλίβουσα,

213 1764 348 1814 πόλεις
379 1766 653 1817 οἳκοδομοῦσα
682 1765 749 1805 καὶ
779 1763 874 1813 τοὺς
902 1763 1083 1817 μισθοὺς
1111 1761 1407 1817 ἂποστεροῦσα.
1476 1763 1542 1802 καὶ
1566 1762 1688 1818 μέχρι

210 1838 283 1876 νῦν
314 1830 473 1883 τούτοις
501 1833 784 1888 ἓμμελετῶσα,
818 1831 889 1874 τὸν
914 1835 1158 1890 χρυσομανῆ
1179 1831 1248 1872 καὶ
1263 1826 1551 1888 χρυσολάτρην
1580 1848 1686 1888 προ-

212 2016 324 2044 annos
354 2008 510 2055 quinque
541 2011 578 2043 et
609 2008 749 2043 bessem
782 2007 971 2053 gessisset,
1004 2006 1042 2041 in
1071 2007 1246 2042 Cucnsum
1273 2010 1327 2042 est
1347 2006 1543 2054 relegatus,
1578 2011 1686 2055 atque

212 2057 295 2090 inde
320 2061 399 2100 post
421 2055 608 2090 trienium
636 2061 672 2090 et
694 2056 781 2089 duos
803 2065 939 2088 menses
962 2053 1186 2098 Pityuntem3
1223 2065 1370 2099 cumque
1393 2056 1508 2090 obiter
1531 2055 1687 2091 Comana

212 2102 384 2146 venisset,
415 2107 570 2136 mortuus
595 2107 650 2137 est
672 2101 724 2136 ibi
747 2101 784 2135 in
808 2100 940 2145 magnis
963 2099 1230 2144 calamitatibus,
1255 2112 1364 2135 annos
1385 2107 1489 2136 natus
1511 2102 1696 2148 quinqua-’

213 2149 312 2193 ginta
345 2149 446 2183 duos.
494 2153 531 2182 at
563 2159 654 2193 papa
686 2149 861 2182 Romanus
894 2146 1139 2191 Innocentius,
1176 2147 1317 2181 Ioannis
1347 2147 1384 2180 in
1416 2148 1539 2182 exsilio
1574 2154 1688 2184 morte

212 2199 400 2241 percepta,
423 2195 462 2229 in
483 2194 573 2228 hanc
595 2194 804 2229 sententiam
828 2194 872 2227 ad
895 2192 1079 2229 Arcadium
1100 2193 1254 2238 scripsit.
1301 2189 1396 2228 “vox
1413 2194 1592 2240 sanguinis
1610 2196 1685 2229 sra-

214 2241 279 2275 tris
309 2240 377 2274 mei
409 2241 551 2275 Ioannis
582 2246 705 2275 contra
734 2245 789 2285 te,
824 2238 1033 2284 imperator,
1065 2240 1165 2273 deum
1195 2239 1368 2285 appellat,
1401 2242 1573 2285 quomodo
1604 2242 1687 2277 olim

214 2286 317 2322 Abali
338 2287 424 2322 iusti
447 2288 590 2332 sanguis
615 2288 783 2321 adversus
810 2286 955 2320 cainum
987 2285 1215 2320 fratricidam.
1262 2286 1364 2320 dabis
1398 2293 1513 2321 autem
1547 2289 1685 2323 omnino

214 2344 369 2378 poenas,
408 2333 468 2378 qui
500 2334 663 2368 iniustam
697 2335 865 2368 adversus
898 2330 1077 2366 ecclesiam
1102 2331 1160 2366 dei
1184 2332 1460 2377 persecutionem
1485 2333 1623 2369 molitus
1649 2347 1686 2370 es

215 2385 251 2414 et
284 2385 407 2414 contra
438 2379 513 2414 eius
546 2381 769 2424 sacerdotes,
804 2377 1038 2423 expulistique
1061 2378 1149 2413 solio
1170 2378 1392 2424 episcopatus
1417 2380 1471 2414 sui
1492 2380 1622 2415 iniuste
1650 2386 1686 2416 et

215 2425 349 2460 indicta
381 2437 488 2460 causa
516 2427 736 2460 deturbatum
766 2436 925 2469 magnum
954 2425 1050 2458 orbis
1074 2431 1246 2459 terrarum
1265 2424 1531 2460 illuminatorem
1554 2439 1595 2461 ac
1620 2428 1686 2462 do·-

215 2478 362 2516 ctorem,
390 2483 528 2517 unaque
551 2484 628 2506 cum
651 2484 693 2506 eo
717 2472 895 2506 Christum
918 2470 1083 2514 abegisti.
1130 2482 1220 2505 nova
1244 2477 1356 2505 autem
1381 2471 1586 2508 ista-Dalila
1608 2474 1686 2508 Eu-

214 2517 339 2561 doxia‚
365 2529 454 2562 quae
478 2524 515 2553 te
539 2519 704 2564 paulatim
727 2517 898 2552 novacula
919 2518 1132 2562 imposturae
1155 2517 1262 2562 rasit,
1286 2517 1373 2552 diris
1392 2530 1431 2553 se
1450 2519 1560 2564 ipsam
1581 2531 1685 2555 exse-

215 2564 432 2599 crationibus
456 2565 607 2599 subiecit
629 2571 734 2610 atque
758 2563 837 2598 odio
862 2563 954 2597 iusto
979 2568 1015 2597 et
1038 2563 1263 2608 sempiterno.
1311 2575 1354 2598 ea
1371 2566 1501 2600 fascem
1520 2572 1686 2611 peccato-

215 2621 289 2643 rum
323 2616 462 2654 gestatu
496 2611 736 2645 difficillimum
769 2610 965 2668 colligavit,
998 2621 1145 2654 eumque
1178 2609 1334 2656 pristinis
1356 2612 1428 2647 suis
1450 2613 1618 2657 gravibus
1643 2624 1686 2648 ac

214 2655 371 2700 piurimis
405 2658 559 2703 peccatis
592 2656 848 2703 superaddidit.
916 2667 1060 2700 magnus
1096 2661 1209 2690 autem
1240 2655 1395 2691 Isidorus
1429 2658 1565 2693 cuidam
1593 2659 1685 2693 scri-

216 2701 303 2735 bens
326 2699 512 2747 “quaeris''
534 2704 650 2749 inquit
671 2701 910 2748 “tragoediam
933 2701 1030 2736 beati
1049 2702 1323 2747 chrysostomi?
1350 2705 1449 2749 atqui
1470 2717 1544 2739 eam
1565 2705 1684 2740 verbis

217 2747 392 2791 explicare
416 2761 484 2783 non
507 2761 668 2795 possum3
692 2750 843 2783 ebrietas
866 2748 957 2782 enim
981 2748 1067 2782 facti
1090 2754 1236 2783 mentem
1259 2756 1415 2795 superat.
1462 2752 1544 2786 audi
1568 2751 1685 2786 temeti

216 2803 328 2837 pauca
360 2795 559 2840 Aegyptiae
587 2796 819 2840 ignorationis
846 2794 1016 2829 facinora.
1063 2794 1188 2829 Mosen
1209 2795 1429 2840 repudiavit,
1465 2797 1685 2832 Pharaonem

215 2838 383 2874 adscivit:
418 2841 562 2877 humiles
593 2842 769 2887 flagellat,
805 2846 842 2876 et
872 2841 993 2876 labore
1026 2840 1165 2875 attritos
1197 2841 1347 2886 affligit3
1386 2844 1491 2878 urbes
1522 2844 1684 2889 exstruit,

216 2885 377 2920 mercede
395 2885 599 2932 defraudat3
625 2894 731 2935 atque
753 2888 907 2923 inehunc
927 2898 1038 2933 usque
1059 2887 1153 2923 diem
1175 2887 1230 2922 his
1251 2889 1378 2924 studiis
1402 2889 1539 2927 intenta
1558 2890 1683 2926 Theo-
