1742 3184
360 170 759 226 fflsromfflum
792 181 1182 229 comENmUM.
1408 185 1508 234 597

30 291 226 348 Ἰερεμίαν
253 294 460 352 περίζωμα
489 299 542 352 τῇ
570 294 701 354 ὀσφύϊ
727 300 953 354 περιθεῖναι
981 299 1050 340 καὶ
1072 296 1193 341 ,οὕτω
1227 298 1508 358 προφητεύειν,

37 364 102 404 καὶ
122 362 267 406 ἄλλοτε
286 363 448 414 κλοιοῦς
469 366 654 416 ξυλίνους
676 367 743 408 καὶ
762 368 956 424 σιδηροῦς
972 371 1202 422 περιβαλεῖν
1221 372 1280 427 τῷ
1300 367 1507 427 τραχήλῳ,

39 432 106 472 καὶ
129 436 186 488 τῷ
206 431 329 487 Ὠσηὲ
350 440 520 488 γυναῖκα
541 433 696 491 πόρνην
713 438 852 489 λαβεῖν
873 437 941 478 καὶ
963 435 1084 479 πάλιν
1102 437 1308 493 ἀγαπῆσαι
1327 439 1508 496 πονηρὰν

39 506 210 555 γυναῖκα
240 503 307 543 καὶ
337 504 576 566 μοιχαλίδα,
618 505 684 545 καὶ
709 503 780 546 τὸν
803 504 981 561 Ἐζεκιὴλ
1003 506 1066 548 ἐπὶ
1084 511 1157 549 τοῦ
1178 509 1311 558 δεξιοῦ
1330 510 1509 563 πλευροῦ

5 566 196 623 5ἧμίρας
221 568 266 623 μ’
294 572 363 612 καὶ
393 572 456 612 ἐπὶ
485 577 559 614 τοῦ
585 571 801 630 ἀριστεροῦ
833 572 892 630 ρν’
924 578 1246 631 κατακλιθῆναι,
1289 577 1360 618 καὶ
1381 570 1509 627 αὖθις

39 636 225 693 διορύξαι
252 638 324 681 τὸν
353 646 489 693 τοῖχον
510 642 577 682 καὶ
604 648 758 698 φυγεῖν,
793 644 861 684 καὶ
880 645 1162 698 αἰχμαλωσίαν
1184 643 1316 703 ἑαυτῷ
1334 643 1506 702 διαγρά-

38 718 143 760 ψαι,
177 708 246 749 καὶ
275 706 419 751 ἄλλοτε
452 708 497 751 δὲ
528 711 646 766 ξίφος
676 712 732 761 εἰς
760 710 895 766 ἀκμὴν
923 716 1164 770 παραθῆξαι
1196 715 1264 756 καὶ
1297 712 1508 769 ξύρασθαι

38 773 168 832 τούτῳ
192 776 267 830 τὴν
287 777 470 834 κεφαλὴν
493 780 559 820 καὶ
581 784 756 836 τετραχῇ
777 781 852 830 τὰς
867 783 1008 838 τρίχας
1034 784 1187 825 διελεῖν.
1256 784 1323 825 καὶ
1345 784 1416 825 ‘lm
1442 782 1496 837 ptr*
1525 790 1557 825 1)

37 842 171 886 πάντα
194 845 296 901 λέγω
308 877 321 897 ,
360 848 545 902 γίνεσθαι
572 846 726 890 τούτων
757 850 925 892 ἕκαστον
954 851 1220 907 προσέταττεν
1239 849 1260 893 ὃ
1281 855 1360 894 τῶν
1377 850 1511 907 λόγων

0 923 28 958 ,0
39 911 234 970 πρύτανις
263 914 358 966 τοὺς
384 914 492 973 λόγῳ
523 916 581 971 μὴ
614 919 882 972 πειθομένους
910 924 968 976 τῷ
996 924 1070 974 τῆς
1086 921 1266 976 θεωρίας
1286 919 1508 978 παραδόξῳ

38 983 252 1038 συλλέγων.
320 984 367 1026 τὸ
389 984 468 1041 γὰρ
489 985 627 1027 καινὸν
646 991 719 1029 τοῦ
737 986 950 1041 θεάματος
966 989 1153 1045 ἐνέχυρον
1170 988 1389 1045 ἀξιόχρεων
1404 990 1508 1044 γίνε-

37 1068 105 1094 ται
130 1056 202 1093 τοῦ
225 1050 490 1108 διδάγματος.
556 1054 746 1112 καθάπερ
768 1056 847 1113 γὰρ
870 1059 926 1107 εἷς
945 1059 1110 1111 λυχνίαν
1130 1060 1262 1107 τεθεὶς
1282 1056 1305 1100 ὃ
1325 1057 1508 1115 φανότα-

37 1136 108 1170 τος
124 1115 242 1171 οὗτος
260 1119 419 1176 λύχνος,
454 1120 475 1165 ὁ
493 1123 622 1179 μέγας
641 1125 798 1180 δηλαδὴ
820 1124 1004 1179 Συμεών,
1031 1124 1145 1180 ἡλίου
1167 1127 1282 1181 δίκην
1303 1124 1511 1170 πάντοθεν

37 1189 112 1239 τὰς
137 1190 303 1241 ἀκτῖνας
330 1192 553 1247 ἐξέπεμψε,
586 1195 654 1236 καὶ
684 1189 733 1248 ἦν
764 1195 862 1236 ἰδεῖν
883 1194 1053 1251 Ἴβηρας
1081 1196 1149 1237 καὶ
1177 1195 1410 1252 Ἀρμενίους
1441 1197 1510 1237 καὶ

0 1259 208 1314 ,5Πίρσας
240 1261 307 1301 καὶ
336 1260 596 1315 Ἰσμαηλίτας
626 1260 823 1319 ὁσημέραι
849 1264 1167 1320 ἀφικνουμένους
1197 1266 1263 1306 καὶ
1293 1269 1368 1307 τοῦ
1392 1266 1512 1306 θείου

36 1329 321 1381 βαπτίσματος
340 1328 636 1380 ἀπολαύοντας.
701 1330 903 1386 τοσαύτην
921 1327 991 1374 οὖν
1009 1333 1083 1386 τὴν
1095 1331 1219 1388 χάριν
1232 1331 1253 1374 ὃ
1274 1331 1515 1387 θαυμάσιος

36 1398 95 1446 εἷς
117 1395 250 1439 πάντα
272 1398 324 1440 τὰ
345 1397 448 1452 ἔθνη
469 1398 691 1453 ἐξέπεμψεν
713 1399 815 1442 ὥστε
832 1400 884 1443 τὰ
906 1404 986 1443 τῶν
1007 1399 1208 1458 πατρῴων
1227 1405 1338 1444 θεῶν
1360 1402 1509 1444 εἴδωλα
1532 1410 1561 1444 Ρ
1584 1408 1652 1445 341

38 1465 118 1520 πρὸ
148 1469 223 1507 τοῦ
257 1467 388 1516 κίονος
425 1467 575 1509 ἐκείνου
607 1471 681 1509 τοῦ
721 1469 834 1510 θείου
877 1468 1048 1524 ἄγοντας
1081 1471 1319 1526 συντρίβειν,
1364 1469 1438 1525 τὴν
1467 1470 1514 1513 δὲ

39 1534 235 1591 καθαρὰν
266 1536 334 1576 καὶ
367 1533 589 1590 ἀμώμητον
622 1534 738 1590 ἡμῶν
767 1542 847 1580 τῶν
874 1540 1136 1595 Χριστιανῶν
1163 1540 1295 1581 πίστιν
1322 1536 1401 1581 {ma
1438 1543 1511 1581 τοῦ

0 1601 218 1658 ῐθμεγάλου
239 1606 456 1658 Συμεῶνος
472 1603 787 1651 ἐκπαιὸεύεσθαι
795 1639 809 1659 ,
841 1606 909 1648 διὰ
926 1611 1087 1650 πολλῶν
1106 1606 1336 1661 θαυμάτων
1355 1609 1422 1651 καὶ
1439 1625 1514 1662 με-

39 1674 187 1727 γίστων
212 1675 434 1728 τεραστίων
456 1672 625 1724 τούτους
645 1674 796 1731 ε’νάγων
817 1679 874 1726 εἰς
896 1675 970 1731 τὴν
995 1680 1069 1719 τοῦ
1089 1678 1278 1732 Χριστοῦ
1298 1678 1515 1719 πολιτείαν.

41 1740 206 1792 εἷκότως
225 1736 298 1784 οὖν
320 1741 453 1798 ἔλεγεν
476 1741 497 1785 ὃ
522 1742 661 1800 κύριος
693 1741 746 1786 “ὃ
767 1744 965 1788 πιστεύων
995 1747 1051 1796 εἷς
1078 1745 1148 1799 ἐμὲ
1174 1744 1227 1787 τὰ
1258 1744 1356 1801 ἔργα
1383 1745 1408 1787 ἃ
1437 1746 1515 1801 ἐγὼ

41 1815 146 1854 ποιῶ
166 1810 348 1862 κάκεῖνος
367 1810 548 1866 ποιήσει,
584 1815 651 1855 καὶ
680 1814 844 1868 μείζονα
867 1813 1022 1858 τούτων
1049 1812 1206 1870 ποιήσει
1215 1814 1253 1867 ,’'
1290 1813 1335 1866 ὃς
1361 1818 1412 1873 v?
1443 1818 1517 1857 τοῦ

134 1951 179 1988 15
203 1949 387 1999 ὁσημέρας
407 1953 438 1988 Ρ
578 1955 624 1991 23
648 1949 704 1999 ὃς]
730 1951 810 1994 aig?

39 2077 113 2112 ceis
135 2076 302 2113 incedere
330 2077 454 2123 iussit,
485 2083 522 2113 et
544 2078 727 2114 Ieremium
750 2077 966 2123 subligaculo
990 2079 1124 2114 lumbos
1150 2077 1364 2113 succinctum
1387 2077 1515 2113 vatici—

39 2123 130 2166 nari,
157 2123 345 2170 aliquando
370 2126 475 2160 etiam
502 2125 660 2160 numellis
683 2124 810 2169 ligneis
833 2137 874 2159 ac
902 2125 1029 2160 ferreis
1055 2125 1178 2160 collum
1205 2125 1431 2159 circumdare.
1480 2130 1517 2159 et

40 2170 159 2205 Oseae
181 2172 360 2207 mandavit
383 2178 422 2207 ut
442 2173 660 2206 meretricem
684 2182 827 2206 uxorem
852 2172 1007 2215 duceret,
1035 2184 1078 2205 ac
1100 2183 1243 2217 pravam
1267 2176 1304 2205 et
1323 2170 1516 2205 adulteram

40 2227 185 2251 uxorem
209 2223 361 2260 amaret3
386 2218 558 2253 Ezekielo
583 2223 623 2252 ut
643 2218 681 2252 in
704 2218 829 2252 dextro
853 2217 963 2252 latere
984 2218 1219 2262 quadraginta
1242 2217 1338 2260 dies,
1365 2216 1403 2250 in
1428 2215 1515 2250 sini-

39 2268 115 2297 stro
139 2269 277 2299 centum
307 2264 563 2310 quinquaginta
594 2265 832 2308 recumberet,
863 2275 1070 2308 rursumque
1097 2270 1136 2298 ut
1159 2263 1362 2310 perfoderet
1384 2273 1516 2296 murum

39 2321 83 2344 ac
97 2309 246 2355 fugeret,
270 2310 411 2356 sibique
433 2311 503 2356 ipsi
527 2310 769 2355 captivitatem
793 2310 1030 2351 describeret3
1051 2309 1208 2355 aliasque
1224 2308 1374 2353 gladium
1391 2319 1518 2343 acuero

40 2366 154 2400 eoque
177 2363 284 2402 caput
306 2359 433 2392 radere
447 2383 457 2400 ‚
491 2362 528 2391 et
552 2356 668 2391 crines
692 2356 941 2402 quadrifariam
964 2355 1137 2390 dividere.
1186 2367 1227 2389 ac
1251 2366 1296 2389 ne
1320 2355 1433 2389 omnia
1455 2365 1515 2389 re-

37 2402 161 2445 feram,
189 2404 403 2447 gubernator
427 2403 598 2437 orationis
622 2403 708 2437 haec
732 2402 847 2437 omnia
873 2402 951 2436 fieri
974 2402 1088 2446 iussit,
1113 2406 1152 2436 ut
1173 2401 1234 2446 qui
1257 2412 1326 2436 non
1350 2404 1517 2446 parerent

41 2448 211 2492 orationi,
246 2449 274 2483 ii
295 2450 419 2484 saltem
443 2449 613 2484 inusitato
637 2448 837 2495 spectaculo
861 2448 1103 2492 allicerentur,
1134 2447 1232 2481 cuius
1255 2446 1393 2481 novitas
1411 2445 1515 2481 suffi-

40 2494 138 2529 ciens
161 2501 215 2530 est
238 2496 421 2530 doctrinae
446 2496 587 2540 pignus.
618 2495 670 2530 ita
694 2495 849 2541 Symeon
872 2494 932 2528 ille
955 2505 1099 2539 magnus
1127 2492 1237 2527 veluti
1260 2493 1375 2528 lumen
1397 2492 1516 2539 spieu-

39 2540 255 2575 didissimum
282 2542 318 2575 in
340 2541 548 2576 candelabro
567 2542 720 2587 positum
743 2541 827 2576 solis
851 2540 964 2575 instar
985 2540 1104 2574 radios
1128 2551 1210 2574 suos
1231 2539 1267 2573 in
1292 2551 1410 2574 omnes
1457 2550 1516 2574 ar-

32 2592 95 2621 ,tes
119 2587 322 2629 emittebat3
355 2587 553 2633 licebatque
586 2587 709 2622 videre
739 2587 862 2622 Iberos
891 2586 1075 2621 Armenios
1096 2586 1226 2620 Persas
1259 2590 1295 2621 et
1320 2586 1431 2620 lamae
1445 2585 1514 2620 itas

39 2633 199 2678 quotidie
234 2634 417 2668 venientes
451 2646 493 2668 ac
522 2645 624 2668 sacro
654 2634 829 2680 baptismo
854 2632 1044 2679 potientes.
1092 2638 1226 2666 tautum
1247 2643 1354 2678 porro
1377 2631 1516 2678 gratiae

40 2678 78 2712 in
102 2679 219 2714 varias
239 2679 405 2724 regiones
426 2681 552 2715 beatus
575 2679 635 2714 ille
657 2680 889 2726 propagabat,
929 2684 968 2714 ut
992 2680 1136 2714 deorum
1158 2683 1383 2724 paternorum
1405 2679 1514 2713 simn‘·

39 2725 137 2760 lacta
161 2726 204 2760 ad
227 2726 417 2761 columnam
442 2727 518 2762 eius
543 2727 693 2761 adducta
715 2726 974 2770 confregerint,
1001 2731 1037 2759 et
1068 2726 1112 2759 ab
1143 2736 1186 2759 eo
1210 2735 1330 2770 puram
1354 2723 1513 2770 inculpa-

41 2777 184 2817 tamque
206 2772 310 2807 fidem
333 2773 568 2808 Christianam
592 2772 708 2808 edocti
730 2772 814 2807 sint.
843 2784 921 2807 nam
944 2783 1005 2806 eos
1029 2770 1144 2806 multis
1163 2770 1339 2806 miraculis
1363 2782 1406 2805 eo
1430 2781 1515 2816 per-

42 2817 206 2853 ducebat.
255 2825 353 2853 recte
377 2819 497 2865 itaque
521 2820 629 2854 habet
651 2818 786 2853 Christi
808 2818 939 2854 dictum
962 2818 1078 2861 (ioan.
1105 2816 1167 2861 24)
1188 2812 1273 2863 “qni
1297 2817 1333 2852 in
1358 2828 1413 2852 me
1436 2828 1516 2851 cre-

43 2863 109 2909 dit,
132 2876 210 2900 mea
233 2876 374 2912 quoque
398 2878 519 2912 opera,
543 2871 581 2900 et
602 2865 648 2901 iis
671 2865 805 2901 maiora
823 2860 1054 2912 praestabit?
1098 2862 1130 2898 is
1157 2874 1243 2909 ergo
1266 2863 1422 2910 Symeon
1443 2862 1516 2899 ful-
