1742 3184
253 197 348 247 140
731 199 970 246 GEORGII
1004 199 1249 245 CEDRENI

247 315 390 374 πρώτῃ
421 314 556 376 ἡμέρᾳ
589 320 663 361 τοῦ
690 314 853 374 πρώτου
883 316 1010 373 μηνὸς
1033 322 1106 361 τοῦ
1136 316 1323 374 δευτέρου
1347 314 1462 369 ἴτους
1480 320 1554 374 τῆς
1574 314 1716 369 ἐξόδου

249 386 366 442 ἵστη·
403 385 502 441 ὅπερ
530 388 598 429 καὶ
627 385 654 442 ἡ
682 387 823 445 γραφὴ
853 393 1058 444 μαρτυρεῖ
1079 388 1120 430 ἓν
1151 392 1201 445 τῇ
1231 388 1346 444 τρίτῃ
1374 391 1454 431 τῶν
1471 389 1717 431 Λευιτικῶν.

247 461 306 514 τῷ
330 457 372 500 δὲ
395 456 566 514 δευτέρῳ
588 459 685 512 μηνὶ
711 458 860 513 ἐγένετο
884 454 909 511 ἦ
930 457 1198 514 ἐξαρίθμησις
1217 461 1288 499 τοῦ
1308 460 1433 509 λαοῦ,
1467 459 1535 500 καὶ
1563 455 1714 514 εὑρέθη

249 525 329 568 ἀπὸ
365 529 616 577 εἷκοσαετοῦς
638 528 704 568 καὶ
730 524 884 576 ἐπάνω,
920 525 1064 576 καθώς
1086 524 1111 581 ἢ
1135 524 1304 582 τετάρτη
1329 527 1472 580 βίβλος
1487 530 1569 569 τῶν
1589 526 1715 584 ἀριθ-

245 601 335 650 μῶν
353 596 454 651 λέγει
467 627 476 643 ,
505 594 700 652 μυριάδες
721 593 914 650 ἑξήκοντα
933 596 1001 637 καὶ
1025 594 1143 652 Ιγφν’,
1180 596 1309 653 χωρὶς
1327 600 1407 638 τῶν
1426 597 1640 639 Λευιτῶν·
1677 595 1742 640 οἱᾶ

248 665 294 707 δὲ
314 667 491 708 Λευῖται
514 665 816 720 ἀριθμηθέντες
839 663 1067 720 εὑρέθησαν
1085 664 1268 719 χιλιάδες
1289 663 1368 718 κβ’.
1436 670 1494 723 τῷ
1517 681 1717 722 τεσσαρα-

193 744 224 780 C
250 738 384 792 κοστῷ
415 734 491 777 ἕτει
523 738 594 788 τῆς
621 732 762 784 ἐξόδου
789 734 947 790 Ἀαρών
969 733 1220 789 ἐτελεύτησεν
1240 732 1326 792 ρκγ’
1344 736 1465 786 ἐτῶν,
1492 736 1558 776 καὶ
1581 737 1717 777 Μωϋ·

245 808 321 860 σῆς
341 804 629 861 προχειρίζεται
648 802 842 860 Ἐλεάζαρ
865 803 937 846 τὸν
957 803 1047 846 υἱὸν
1069 802 1240 861 Ἀαρών.
1309 806 1500 859 Μωϋσῆς
1519 804 1563 846 δὲ
1582 808 1640 861 τῷ
1661 801 1715 846 ια’

244 874 339 928 μηνὶ
358 877 432 915 τοῦ
448 871 492 927 μ’
514 872 627 923 ἔτους
645 877 717 928 τῆς
735 872 899 925 ἐξόδου,
935 871 1141 930 ἑκατοστῷ
1167 874 1210 916 δὲ
1236 876 1403 931 εἰκοστῷ
1426 873 1502 916 ἔτει
1522 877 1594 928 τῆς
1613 874 1718 927 ζωῆς

244 943 393 993 αὐτοῦ,
430 940 650 998 εὐλογήσας
678 941 811 985 πάντα
838 942 908 985 τὸν
938 941 1059 994 λαόν,
1092 943 1249 997 ἀναβὰς
1285 945 1340 993 εἷς
1363 942 1410 985 τὸ
1439 941 1535 999 ὄρος
1565 943 1742 996 ΝαβὰνΙ

242 1011 333 1067 ἤτοι
355 1012 578 1068 Ἀμβρείμ,
614 1013 793 1066 κείμενον
825 1013 866 1054 ἓν
894 1015 946 1070 τῇ
976 1014 1216 1066 Μωαβίτιδι
1248 1012 1375 1069 πέραν
1403 1018 1476 1055 τοῦ
1497 1011 1715 1068 Ἰορδάνου

243 1081 348 1124 κατὰ
368 1079 779 1139 πρόσωπονἽεριχώ,
814 1084 879 1124 καὶ
904 1081 1181 1133 κατοπτεύσας
1198 1082 1271 1137 τὴν
1290 1086 1363 1138 γῆν
1384 1082 1456 1136 τὴν
1475 1082 1716 1137 ἐπηγγελμέ-

242 1169 315 1206 νην
338 1151 449 1209 αὖτῷ
467 1156 526 1209 τῷ
542 1151 739 1209 Ἰσραήλ,
766 1150 993 1207 ἐτελεύτησε
1005 1184 1016 1203 ,
1045 1154 1111 1194 καὶ
1133 1152 1207 1194 οὔκ
1229 1149 1328 1194 εἶδεν
1349 1151 1481 1202 οὐδεὶς
1495 1151 1565 1194 τὸν
1585 1149 1717 1208 τάφον

246 1221 395 1273 αὐτοῦ,
431 1222 499 1262 καὶ
529 1220 602 1263 οὐκ
634 1220 949 1279 ἠμαυρώθησαν
975 1221 1012 1263 οἶ
1034 1221 1248 1278 ὀφθαλμοὶ
1274 1221 1425 1272 αὐτοῦ,
1462 1220 1557 1263 οὐδὲ
1577 1219 1715 1278 ἐφθά-

246 1307 375 1347 ρησαν
410 1290 463 1332 τὰ
487 1292 602 1346 χείλη
633 1290 772 1334 αὐτοῦ.
841 1292 1019 1348 ἒπείραζε
1041 1291 1084 1332 δὲ
1104 1291 1228 1332 αὐτὸν
1250 1288 1270 1332 ὅ
1294 1289 1487 1344 διάβολος
1505 1288 1560 1340 ὡς
1579 1288 1742 1347 ἦμαρ-1

193 1368 224 1402 D
248 1358 398 1414 τηκότα
418 1364 476 1417 τῷ
500 1364 588 1417 θεῷ
607 1349 845 1403 συνελκύσαι
873 1360 976 1414 μετὰ
1000 1365 1080 1403 τῶν
1102 1358 1369 1416 ἁμαρτωλῶν.
1439 1359 1530 1401 ἀλλ’
1560 1359 1716 1415 ἀρχαγ-

243 1433 381 1487 γελικῇ
412 1428 659 1487 διεκρούσθη
689 1432 793 1488 χειρὶ
826 1428 881 1480 ὡς
911 1429 1115 1488 προπετὴς
1147 1431 1214 1472 καὶ
1249 1430 1412 1486 θρασὺς
1441 1430 1509 1471 καὶ
1535 1433 1615 1472 τῶν
1642 1433 1717 1472 τοῦ

242 1503 347 1542 θεοῦ
376 1499 506 1556 φίλων
535 1498 749 1555 δυσμενής.
818 1500 967 1555 ἐγένετο
1000 1500 1044 1542 δὲ
1073 1500 1218 1556 νεφέλη
1253 1501 1318 1541 καὶ
1353 1497 1496 1549 σκότος
1521 1498 1626 1540 κατὰ
1645 1498 1716 1541 τὸν

241 1567 386 1620 τόπον,
416 1566 473 1620 ὡς
495 1568 554 1625 μὴ
586 1571 684 1611 ἰδεῖν
711 1569 803 1613 τινὰ
832 1574 911 1612 ποῦ’
942 1567 1073 1627 ἐτάφη
1101 1571 1314 1624 Μωϋσῆς,
1347 1567 1491 1618 καθὼς
1512 1566 1718 1623 Ἰώσηπος

240 1639 404 1697 ἱστορεῖ.
1723 1642 1742 1679 2

375 1707 532 1750 'Iou'ov
561 1704 624 1749 ὅτι
652 1706 704 1750 τὰ
737 1706 850 1750 πέντε
884 1707 1027 1761 βιβλία
1056 1710 1128 1762 τῆς
1158 1704 1445 1762 ἀρχαιολογίας
1463 1704 1484 1748 ὅ
1501 1703 1718 1764 μακαριώ-

241 1794 364 1828 τατος
394 1778 435 1819 ἓν
465 1774 564 1835 ἁγίῳ
594 1774 792 1831 πνεύματι
818 1779 1009 1832 Μωῢσῆς
1042 1774 1260 1827 ἀνετάξατο
1292 1775 1395 1818 κατὰ
1423 1776 1496 1830 τὴν
1513 1773 1715 1833 Ἕβραΐδα

236 1850 448 1903 γλῶσσαν·
482 1845 571 1902 ἥτις
587 1845 691 1902 μετὰ
708 1850 852 1899 ταῦτα,
883 1845 938 1897 ὡς
954 1847 1022 1888 καὶ
1043 1846 1085 1888 αἱ
1104 1847 1255 1898 λοιπαί,
1291 1847 1347 1896 εἰς
1359 1843 1596 1903 Ἑλληνικὴν
1615 1863 1711 1900 μετ-

238 1979 353 2026 prima
386 1978 444 2014 die
477 1977 579 2024 primi
611 1978 740 2013 mensis
772 1978 915 2012 secundi
941 1978 985 2012 ab
1010 1978 1105 2012 exitu
1133 1977 1354 2024 Aegyptiaco
1378 1977 1479 2024 anni,
1512 1981 1553 2013 ut
1575 1977 1716 2024 quidem

241 2026 428 2072 Scriptura
448 2026 554 2059 tertio
576 2025 678 2069 libro,
703 2024 764 2070 qui
786 2030 840 2059 est
858 2024 1051 2070 Levifficus,
1076 2030 1240 2059 testatur.
1289 2025 1442 2059 seoundo
1464 2031 1576 2059 autem
1597 2037 1717 2060 mense

238 2073 348 2108 initus
373 2077 428 2106 est
452 2072 572 2118 populi
594 2083 777 2116 numerus,
811 2071 977 2116 censique
1009 2083 1030 2105 a
1056 2071 1184 2116 viginti
1206 2083 1315 2105 annos
1340 2078 1423 2105 nato
1451 2077 1488 2106 et
1514 2083 1641 2117 supra,
1678 2076 1716 2107 ut

241 2125 297 2153 est
318 2121 356 2153 in
378 2119 611 2153 Numerorum
635 2118 726 2153 libro
750 2123 896 2164 quarto,
934 2117 1028 2151 milia
1047 2119 1115 2153 603
1142 2130 1183 2151 ac
1207 2119 1275 2152 550
1296 2117 1384 2162 viri,
1410 2119 1542 2163 absque
1564 2117 1716 2163 Levitis,

240 2165 302 2212 qui
324 2165 470 2200 seorsim
495 2166 667 2200 numerati
689 2164 902 2212 deprehensi
925 2170 1007 2199 sunt
1029 2165 1074 2200 22
1097 2164 1203 2199 milia.
1257 2165 1524 2210 quadragesimo
1549 2166 1594 2199 ab
1619 2165 1716 2199 exitu

210 2219 213 2221 ’
240 2224 331 2247 anno
357 2218 510 2247 mortuus
536 2217 589 2247 est
611 2211 748 2255 Aaron,
782 2218 885 2246 natus
920 2223 1030 2245 annos
1069 2212 1147 2246 123.
1205 2210 1242 2244 in
1278 2211 1354 2246 eius
1387 2211 1499 2246 locum
1534 2211 1717 2246 substituit

240 2259 362 2295 Moses
385 2259 595 2294 Eleazarum
617 2258 766 2293 Aaronis
790 2259 911 2293 filium.
959 2257 1038 2303 ipse
1061 2258 1180 2293 Moses
1205 2257 1387 2293 undecimo
1415 2270 1533 2292 mense
1562 2258 1714 2304 quadra-

241 2305 367 2352 gesimi
391 2307 434 2340 ab
459 2305 554 2340 exitu
578 2304 682 2350 anni,
718 2305 845 2339 aetatis
878 2316 963 2339 suae
995 2304 1165 2348 vigesimo
1193 2316 1302 2350 supra
1324 2304 1570 2349 centesimum,
1601 2306 1719 2339 fausta

241 2358 407 2398 precatus
426 2352 590 2386 universo
610 2351 758 2397 populo,
782 2351 818 2385 in
837 2356 986 2386 montem
1005 2351 1189 2385 Nabanum
1215 2351 1324 2394 (alias
1342 2351 1531 2396 Abarima)
1557 2350 1660 2386 situm
1679 2351 1717 2386 in

239 2399 406 2434 Moabico
425 2398 520 2443 solo,
553 2398 603 2433 cis
628 2399 831 2442 Iordanem,
856 2410 876 2432 e
899 2397 1046 2442 regione
1067 2398 1299 2442 Ierichuntis‚
1322 2398 1476 2441 subivit,
1497 2397 1717 2444 speculatus-

239 2458 310 2492 que
333 2445 417 2480 inde
439 2451 567 2480 terram
590 2445 758 2479 Israelico
782 2443 912 2490 populo
939 2444 1143 2490 promissam
1167 2445 1270 2479 finem
1294 2444 1441 2479 vivendi
1466 2444 1566 2479 fecit.
1614 2456 1715 2478 nemo

240 2492 438 2538 sepulcrum
460 2492 535 2526 eius
555 2491 672 2527 novit:
697 2492 760 2526 sed
783 2496 820 2526 et
841 2490 996 2525 viventis
1015 2502 1128 2536 neque
1148 2491 1389 2535 caligaverunt
1411 2490 1503 2525 oculi
1527 2502 1642 2536 neque
1662 2490 1715 2525 la-

239 2539 299 2573 bia
319 2543 554 2574 marcuerunt.
599 2537 753 2573 tentavit
776 2542 889 2572 autem
914 2549 991 2572 eum
1017 2537 1194 2582 diabolus,
1230 2537 1340 2572 veluti
1362 2549 1439 2571 eum
1463 2537 1523 2582 qui
1545 2538 1716 2572 adversus

239 2587 343 2620 deum
376 2585 600 2630 deliquisset,
637 2596 752 2631 eoque
779 2584 923 2619 trahere
954 2590 1099 2618 conatus
1133 2590 1189 2619 est
1219 2596 1289 2630 quo
1318 2583 1472 2629 reliquos
1495 2589 1716 2629 peccatores-

240 2633 303 2666 sed
324 2632 376 2676 is,
405 2637 452 2666 -ut
474 2631 680 2666 temerarius
704 2631 887 2676 audaxque
911 2630 970 2665 dei
993 2632 1179 2665 amicorum
1208 2630 1337 2674 hostis,
1375 2629 1548 2676 principis
1571 2630 1716 2675 angelo-

238 2690 314 2713 rum
338 2689 439 2713 manu
462 2677 670 2723 profligatus
693 2679 736 2712 ab
761 2689 802 2712 eo
826 2677 908 2712 fuit.
955 2677 1082 2712 nebula
1106 2683 1220 2712 autem
1244 2682 1280 2712 et
1303 2676 1414 2722 caligo
1442 2676 1538 2718 circa
1559 2688 1635 2711 eum
1659 2677 1714 2711 lo-

239 2737 316 2759 cum
342 2730 396 2759 est
418 2726 565 2766 oborta,
592 2736 637 2758 ne
659 2724 737 2769 quis
758 2724 885 2759 videre
906 2729 1030 2770 posset
1052 2725 1114 2759 ubi
1135 2725 1255 2759 Moses
1278 2727 1398 2758 terrae
1422 2729 1517 2759 esset
1540 2722 1717 2759 conditum>

238 2771 291 2806 ita
313 2771 486 2818 Iosephus
509 2778 642 2805 narrat.

331 2818 434 2853 Scire
456 2817 623 2852 convenit
646 2816 800 2863 quinque
824 2816 1046 2862 antiquitatis
1069 2816 1180 2852 libros
1207 2830 1229 2852 a
1254 2815 1458 2852 beatissimo
1483 2816 1586 2852 Mose
1606 2814 1715 2863 spiri-

238 2869 296 2900 tus
328 2865 443 2899 sancti
475 2863 645 2899 instinctu
678 2863 790 2898 fuisse
819 2875 980 2898 sermone
1014 2864 1226 2910 compositos
1257 2863 1433 2906 Ebraico;
1466 2863 1528 2910 qui
1552 2861 1716 2909 sequenti

237 2915 397 2958 tempore
425 2922 502 2947 cum
532 2910 678 2957 reliquis
701 2909 738 2945 in
761 2911 935 2947 Graecam
968 2909 1121 2956 linguam
1154 2916 1236 2946 sunt
1258 2910 1421 2946 conversi
1447 2921 1472 2946 a>
1491 2909 1719 2958 septuaginta
