1742 3184
195 155 297 206 746
678 159 918 206 GEORGu
953 123 1200 207 emmam

193 275 332 332 βιαίου
364 272 483 320 νότου
513 293 617 319 κατα
641 273 870 331 Ῥωμαίων,
915 276 985 323 καὶ
1010 275 1071 332 μὴ
1104 276 1340 333 δυναμένων
1371 278 1468 331 τοὺς
1500 280 1679 337 ἐχθροὺς

195 346 432 402 ἄντωπῆσαι
452 346 522 389 ὁιὰ
540 345 611 388 τὸν
629 345 757 388 πολτῖν
774 343 999 403 κονιορτόν,
1025 348 1166 399 δεινῶς
1182 348 1410 403 τρέπονται,
1431 351 1498 392 καὶ
1516 349 1678 408 ῥίπτον-

189 433 257 467 τες
279 413 451 467 ἑαυτοὺς
473 417 530 466 εἷς
548 415 644 465 τοὺς
669 413 901 466 στενωποὺς
926 419 999 459 τοῦ
1025 421 1215 471 ποταμοῦ
1240 417 1462 476 Ἰερμοχθᾶ
1495 418 1673 477 διεφθά-

191 502 323 545 ρησαν
342 487 385 528 αἱ
405 482 710 541 τεσσαράκοντα
730 482 930 540 χιλιάδες.
999 486 1234 544 παρέλαβον
1264 488 1309 531 δὲ
1333 490 1402 531 καὶ
1428 489 1503 544 τὴν
1522 490 1677 544 Δαμαψ

189 555 288 600 σκὸν
311 560 380 598 καὶ
401 556 476 606 τὰς
494 552 638 610 χώρας
655 557 729 610 τῆς
753 555 969 611 Φοινίκης,
996 558 1065 599 καὶ
1083 557 1297 609 οἰκίζονται
1317 558 1411 602 ἐκεῖ.
1446 557 1531 602 εἶτα
1550 567 1711 617 στρα-5

190 623 377 669 τεύονται
397 625 492 668 κατ’
513 622 746 681 Αἰγύπτου,
780 625 850 667 καὶ
877 622 1074 680 λαβόντες
1103 628 1172 670 καὶ
1206 627 1334 684 αὐτὴν
1357 632 1614 672 κατοικοῦσιν
1638 630 1681 672 ἓν

190 695 312 754 αὐτῇ.

333 767 407 822 Τῷ
439 760 500 814 ng!
532 760 610 807 ἴτει
643 759 856 821 στρατεύει
891 762 1093 822 Ούμαρος
1125 764 1231 808 κατὰ
1261 767 1568 824 Παλαιστίνης,
1611 769 1681 810 καὶ

190 832 508 892 παραλαμβάνει
530 830 666 889 λόγοις
686 832 760 888 τὴν
789 830 909 890 ἇγιάν
929 832 1049 877 πόλιν
1072 836 1312 893 Σωφρονίου
1334 836 1589 896 πατριάρχου
1612 837 1682 880 ὅν-

191 920 276 955 τος.
347 901 544 947 εἴσελθών
575 903 620 945 δὲ
651 901 851 960 Οὕμαρος
871 905 928 954 εἷς
946 903 1022 959 τὴν
1043 902 1163 961 ἇγίαν
1181 904 1300 948 πόλιν
1320 909 1512 965 τριχίνοις
1533 909 1577 950 ἐκ
1602 925 1681 950 κα-
1694 913 1739 949 10

139 983 171 1019 C
193 972 330 1029 μήλου
351 971 573 1028 ἓνδύμασιν
589 972 868 1030 ἠμφιεσμένος
890 974 1213 1031 ε’ρρυπωμένοις,
1241 973 1455 1034 ὗπόκρισίν
1477 995 1519 1020 τε
1543 980 1684 1020 Σατα-

193 1044 310 1099 νικὴν
327 1041 640 1099 ἐνδεικνύμενος,
667 1042 738 1085 τὸν
756 1042 855 1086 ναὸν
875 1042 1002 1099 ἐζήτει
1024 1045 1345 1099 τῶν-Ἰουδαίων,
1380 1045 1427 1090 ὃν
1444 1046 1684 1106 ᾠκοδόμησε

196 1116 410 1169 Σολομῶν,
443 1111 792 1171 προσκυνητήριον
811 1118 980 1169 ποιῆσαι
1000 1119 1074 1170 τῆς
1097 1114 1223 1158 αὐτοῦ
1243 1117 1527 1175 βλασφημίας.
1558 1143 1561 1148 ,
1588 1120 1683 1160 τοῦ-

195 1200 269 1226 τον
289 1183 388 1227 ἰδὼν
409 1181 654 1246 Σωφρόνιος
676 1181 754 1241 ἔφη
778 1180 877 1226 “ἔπ’
906 1184 1107 1240 ἀληθείας
1133 1183 1254 1228 τοῦτό
1285 1187 1371 1230 ἔστι
1399 1187 1445 1230 τὸ
1467 1187 1685 1243 βδέλυγμα

195 1258 272 1308 τῆς
293 1251 559 1311 ἐρημώσεως,
595 1250 723 1304 ἑστώς
743 1254 785 1295 ἒν
803 1252 915 1312 τόπῳ
942 1251 1043 1312 ἁγίῳ
1054 1254 1100 1307 ,”
1139 1258 1306 1308 πολλοῖς
1325 1274 1369 1299 τε
1392 1254 1568 1313 δάκρυσι
1589 1256 1686 1307 τοὺς
1699 1261 1742 1298 15

186 1323 477 1381 ιλ’ριστιανοὺς
498 1321 754 1380 ἀπωδύρετο.
823 1323 1097 1379 παρεκάλεσεν
1118 1319 1190 1367 οὖν
1212 1325 1338 1369 αὐτὸν
1359 1330 1498 1381 λαβεῖν
1519 1325 1687 1369 σινδόνα

195 1394 265 1436 καὶ
293 1392 575 1437 ἐνδύσασθαι·
620 1390 641 1437 ὅ
671 1393 718 1435 δὲ
746 1392 820 1435 οὖκ
851 1393 1055 1449 ἠνέσχετο.
1124 1392 1246 1451 μόγις
1273 1390 1344 1439 οὖν
1375 1398 1573 1452 ἐπείσθη,
1618 1397 1688 1439 καὶ

193 1464 460 1507 πλυνθὲντων
479 1467 561 1506 τῶν
585 1462 714 1506 αὐτοῦ
732 1460 856 1506 πάλιν
878 1464 1109 1522 ἀπέστρεψε
1135 1464 1189 1507 τὰ
1211 1467 1285 1508 τοῦ
1305 1464 1574 1524 πατριάρχου.
1646 1466 1688 1508 ἒν

194 1530 355 1584 τούτοις
378 1533 534 1587 ἀπεβίω
555 1531 799 1591 Σωφρόνιος
809 1565 822 1586 ,
857 1533 990 1576 πολλὰ
1006 1534 1113 1576 κατὰ
1126 1532 1374 1592 εΗρακλείου
1394 1538 1463 1579 καὶ
1483 1540 1564 1578 τῶν
1586 1533 1688 1590 ὃμο-

140 1610 172 1645 D
197 1602 363 1661 φρόνων
385 1603 512 1647 αὐτοῦ
530 1604 702 1659 Σεργιόυ
723 1605 792 1646 καὶ
812 1601 990 1661 Πύρρου
1013 1607 1096 1647 τῶν
1118 1609 1412 1662 μονοθελητῶν
1432 1603 1688 1662 ἆγωνισάμε-
1697 1605 1742 1642 20

195 1690 279 1724 νος.
347 1672 480 1731 τούτῳ
501 1677 559 1732 τῷ
584 1672 661 1716 ἔτει
693 1670 863 1717 ἀπολύει
894 1672 1094 1733 Οὕμαρος
1120 1674 1192 1718 τὸν
1213 1675 1302 1719 Ἰὰδ
1333 1678 1391 1726 εἷς
1416 1676 1586 1734 Συρίαν,
1621 1677 1691 1718 καὶ

194 1740 369 1795 ὑπέταξε
389 1747 526 1787 πᾶσαν
548 1749 635 1794 τοῖς
656 1745 927 1802 Σαρακηνοῖς.

196 1918 355 1964 faciunt,
379 1931 530 1966 eumque
553 1919 715 1955 vincunt.
763 1932 842 1956 nam
869 1919 1040 1966 Romani,
1066 1931 1143 1956 cum
1167 1918 1357 1956 vehemens
1381 1922 1504 1956 auster
1526 1919 1572 1956 iis
1596 1923 1694 1957 esset

198 1966 394 2011 adversus,
434 1966 487 2001 ita
519 1972 559 2002 ut
593 1979 682 2014 prae
713 1967 937 2004 multitudine
966 1967 1124 2014 pulveris
1156 1967 1276 2002 hostes
1310 1979 1458 2002 cernere
1490 1968 1693 2015 nequirent,

199 2024 326 2058 magna
349 2025 426 2047 cum
452 2013 553 2049 clade
576 2013 666 2059 fusi,
694 2026 734 2049 se
755 2013 854 2061 ipsos
877 2014 916 2049 in
938 2014 1024 2059 suga
1047 2014 1084 2048 in
1107 2014 1220 2049 amnis
1242 2015 1488 2049 Iermochthae
1513 2016 1695 2061 angustias

227 2059 504 2106 raecipitaruntz
529 2066 637 2106 atque
661 2061 728 2096 hoc
752 2061 855 2096 modo
879 2061 941 2095 illa
962 2062 1009 2095 40
1028 2060 1125 2096 milia
1146 2061 1345 2108 perierunt,
1372 2061 1560 2096 Sarraceni
1577 2066 1695 2097 autem

201 2072 374 2141 ssamasco
410 2107 558 2154 insuper
583 2107 690 2154 potiti
721 2112 806 2142 sunt
837 2119 879 2142 ac
901 2107 1118 2153 Phoenicia,
1155 2107 1278 2154 ibique
1302 2107 1464 2144 habitare
1487 2113 1694 2155 coeperunt.

201 2153 238 2187 in
262 2153 465 2200 Aegyptum
488 2165 631 2202 quoque
654 2155 752 2190 facta
775 2154 1014 2204 expeditione,
1040 2166 1116 2191 eam
1138 2159 1415 2202 occupaverunt,
1441 2154 1565 2202 ibique
1588 2155 1695 2191 sedes

200 2211 369 2246 posuere.

291 2270 395 2305 Anno
425 2271 473 2306 26
501 2271 656 2307 Umarus
689 2271 727 2307 in
757 2270 997 2307 Palaestinam
1032 2283 1109 2307 cum
1142 2271 1274 2308 infesto
1304 2271 1467 2307 exercitu
1498 2270 1695 2317 ingressus,

200 2328 337 2352 sacram
361 2318 482 2353 urbem
507 2318 616 2354 certis
640 2318 901 2355 conditionibus
923 2318 960 2354 in
985 2323 1194 2364 potestatem
1219 2318 1364 2364 accipit,
1394 2317 1598 2364 Sophronio
1623 2324 1696 2353 tum

199 2363 425 2409 patriarchae
451 2376 595 2401 munere
618 2366 803 2411 fungente.
840 2370 879 2401 ut
901 2364 939 2400 in
960 2377 1037 2400 eam
1062 2366 1239 2412 pervenit,
1263 2370 1399 2400 vestem
1420 2377 1464 2400 ex
1483 2365 1696 2400 camelorum

201 2411 284 2456 pilis
308 2417 507 2446 contextam
532 2412 675 2448 indutus
700 2418 808 2458 atque
831 2412 1048 2457 sordidatus,
1073 2413 1335 2458 satanicamque
1356 2411 1614 2448 simulationem
1632 2412 1698 2447 ad-

199 2457 344 2503 hibens,
380 2459 548 2505 templum
569 2460 778 2495 Iudaeorum
802 2470 824 2494 a
846 2458 1037 2495 Solomone
1060 2465 1276 2495 exstructum
1300 2458 1501 2504 quaesivit,
1531 2464 1572 2493 ut
1592 2457 1630 2492 in
1653 2470 1697 2494 eo
1733 2500 1737 2503 ¹

199 2516 287 2540 suae
311 2505 509 2551 sacrilegae
531 2505 798 2552 superstitionis
823 2505 1037 2542 domicilium
1061 2506 1308 2542 constitueret.
1358 2505 1451 2540 hunc
1473 2505 1603 2540 videns
1625 2505 1697 2540 So-

198 2551 384 2596 phronius,
409 2553 482 2588 ait:
510 2554 672 2598 profecto
695 2553 763 2588 hoc
787 2558 840 2588 est
865 2552 1134 2588 abominandum
1162 2552 1249 2588 illud
1271 2552 1484 2588 vastationis
1507 2563 1698 2597 argumen-

201 2604 287 2643 tum,
309 2604 410 2634 stans
433 2599 472 2634 in
497 2599 576 2635 loco
598 2605 736 2636 sancto.
786 2598 964 2645 multoque
986 2611 1064 2636 cum
1086 2601 1174 2636 fletu
1199 2611 1272 2634 rem
1297 2598 1539 2635 Christianam
1563 2599 1697 2634 lamen-

203 2649 300 2679 tatus
325 2652 394 2682 est.
443 2646 605 2683 hortatus
637 2646 761 2693 itaque
791 2657 868 2682 eum
895 2650 971 2692 est,
1003 2653 1043 2683 ut
1064 2647 1216 2682 sindone
1237 2657 1278 2681 se
1302 2644 1487 2681 indueret:
1520 2657 1644 2681 verum
1666 2645 1698 2679 is

203 2691 337 2728 renuit.
383 2693 446 2728 vix
466 2694 607 2728 tandem
630 2705 817 2737 assensus,
842 2692 926 2728 lotis
949 2693 1024 2728 suis
1053 2693 1235 2738 vestibus,
1259 2692 1485 2738 patriarchae
1507 2704 1590 2728 suas
1614 2691 1699 2727 red-

202 2736 308 2774 didit.
358 2751 402 2774 ea
425 2745 636 2786 tempestate
660 2741 752 2776 diem
776 2751 878 2776 suum
902 2739 993 2775 obiit
1014 2740 1261 2786 Sophronius,
1298 2739 1461 2782 cumidiu
1485 2738 1699 2784 multumque

204 2784 378 2821 adversus
410 2787 635 2833 Heraclium,
671 2794 709 2823 et
731 2799 808 2822 cum
833 2799 875 2822 eo
900 2787 1095 2822 sentientes
1119 2786 1284 2831 Sergium
1305 2798 1348 2820 ac
1370 2786 1545 2831 Pyrrhum
1568 2786 1698 2820 Mono-

206 2830 356 2867 theletas
379 2832 611 2870 decertasset.
658 2834 726 2870 hoc
748 2846 840 2869 anno
865 2835 1019 2869 Umarus
1042 2834 1166 2872 Iadum
1189 2833 1227 2869 iu
1251 2833 1394 2879 Syriam
1416 2833 1544 2878 mittit,
1568 2837 1696 2869 totam-

208 2888 279 2923 que
302 2877 339 2914 in
363 2878 640 2917 sarracenorum
665 2886 877 2928 potestatem
902 2881 1048 2927 redigit.
