1742 3184
244 205 339 253 178
725 201 965 249 GEORGII
991 198 1238 246 CEDRENI

240 324 441 378 τελαμῶνι
466 319 563 371 τοὺς
589 316 862 378 ὀφθαλμούς,
898 315 955 368 ὥς
973 313 995 359 ὅ
1014 313 1210 371 βασιλεὺς
1221 311 1388 371 Ἰσραὴλ
1406 311 1717 371 παρεπορεύετο,

240 393 309 435 καὶ
332 390 456 441 αὐτὸς
478 388 579 445 ἐβόα
601 386 643 431 εὃ
664 387 811 439 δοῦλός
828 404 903 430 σου
925 387 1096 442 ἐξῆλθεν
1117 386 1179 427 ἐπὶ
1201 383 1275 439 τὴν
1295 383 1491 440 στρατιὰν
1506 387 1579 426 τοῦ
1597 383 1720 425 πολέ-

240 478 321 517 μου
331 492 344 513 ,
380 461 449 502 καὶ
473 458 576 517 ἀνὴρ
600 459 754 514 εῗσῆγεν
775 456 908 514 ἄνδρα
928 453 1031 514 πρός
1047 471 1098 510 με
1120 454 1245 510 λέγων
1264 449 1447 510 φύλαξόν
1464 469 1539 508 μοι,
1554 451 1626 496 τὸν
1646 451 1719 494 ἄν·

243 532 324 587 δρα
343 533 500 572 τοῦτον.
569 527 640 570 ἐὰν
659 528 702 570 δὲ
723 523 941 584 ἀποφύγῃ,
975 522 1003 580 ἦ
1020 521 1138 580 ψυχή
1158 540 1233 567 σου
1252 521 1365 565 ἔσται
1386 520 1475 565 ἀντὶ
1493 525 1566 577 τῆς
1581 525 1720 577 ψυχῆς

243 599 368 643 αὐτοῦ
378 630 392 651 ,
426 596 454 653 ἢ
476 595 655 640 τάλαντα
678 596 871 653 ἀργυρίου
894 591 1070 650 στήσεις.
1139 593 1208 636 καὶ
1231 591 1382 649 ἐγένετο
1394 622 1408 643 ,
1438 587 1495 642 ὥς
1514 591 1742 648 uectem-⁶23

193 678 225 714 C
248 685 343 713 πετο
374 665 395 710 ὅ
427 664 574 717 δοῦλός
605 682 680 709 σου
711 659 790 707 ὧδε
815 666 882 707 καὶ
905 658 1008 717 ὧδε,
1043 664 1111 706 καὶ
1133 661 1256 712 αὐτὸς
1280 661 1353 705 οῧκ
1369 654 1449 716 ἦκ’
1521 661 1589 703 καὶ
1617 657 1722 703 εἶπεν

239 735 397 793 Ἀχαάβ
419 734 528 778 ςῗὸοὺ
551 733 746 789 δικαστὴς
766 733 839 787 σύ,
875 735 942 776 καὶ
962 733 1015 776 τὰ
1037 731 1181 790 ἴνεδρα
1205 730 1306 788 παρ’
1330 730 1432 785 ἐμοί.
1467 728 1720 788 ἓφόνευσας.’

244 809 313 851 καὶ
332 803 510 857 σπεύσας
530 803 552 847 ὅ
572 802 786 862 προφήτης
807 805 951 861 ἀφεῖλε
970 803 1040 846 τὸν
1056 805 1271 856 τελαμῶνα
1292 798 1372 842 ἀπὸ
1391 803 1473 843 τῶν
1491 798 1724 857 ὀφθαλμῶν

247 876 374 919 αὐτοῦ
385 906 399 927 ,
434 877 502 917 καὶ
525 872 712 930 ἐγνώσθη
738 872 800 916 ὅτι
822 874 865 916 ἐκ
888 877 968 916 τῶν
993 875 1215 929 προφητῶν
1240 870 1346 913 ἐστὶν
1373 862 1492 920 οὗτος
1501 900 1516 921 ,
1550 870 1616 911 καὶ
1643 866 1724 911 εἶπε

241 944 356 988 ιτάδε
387 944 490 1000 λε’γει
524 942 684 1001 κύριος·
712 941 817 985 διότι
841 940 1028 999 ἐξήγαγες
1057 941 1108 984 σὺ
1141 939 1273 997 ἄνδρα
1304 939 1497 996 ὄλέθριον
1523 938 1567 980 ἐκ
1589 935 1742 996 χειρόςῑ

245 1032 329 1070 μου
339 1047 352 1067 ,
388 1014 479 1057 ἰδοὺ
512 1011 538 1068 ἡ
571 1009 688 1068 ψυχή
716 1029 792 1055 σου
821 1012 909 1055 ἀντὶ
939 1015 1012 1067 τῆς
1040 1014 1180 1066 ψυχῆς
1214 1008 1342 1052 αὐτοῦ
1372 1009 1441 1050 καὶ
1472 1005 1494 1050 ὅ
1525 1006 1625 1058 λαός
1650 1024 1725 1050 σου

249 1084 336 1126 ἀντὶ
379 1087 453 1125 τοῦ
491 1086 597 1125 λαοῦ
634 1081 793 1125 azimi-²
867 1083 933 1124 καὶ
969 1081 1153 1136 ἀπῆλθεν
1179 1077 1339 1134 Ἀχαὰβ
1370 1077 1629 1133 ἐκλελυμένος
1658 1078 1728 1119 καὶ

248 1154 412 1196 κλαίων.

380 1220 589 1277 Ἀμπελὼν
613 1217 670 1272 εἷς
689 1214 740 1275 ἦν
760 1219 985 1273 Ναβουθαὶ
1005 1220 1063 1277 τῷ
1080 1216 1306 1274 Ἰζραηλίτῃ
1323 1213 1439 1273 παρὰ
1455 1214 1530 1271 τὴν
1549 1212 1636 1258 ἅλω
1654 1217 1728 1258 τοῦ

245 1288 402 1347 Ἀχαάβ
411 1323 425 1343 ,
462 1290 508 1333 ὃν
530 1288 656 1344 ἐζήτει
676 1293 816 1343 λαβεῖν
829 1288 986 1343 Ἀχαὰβ
1006 1289 1074 1330 καὶ
1096 1289 1239 1330 δοῦναι
1258 1284 1284 1341 ἢ
1307 1285 1441 1343 ἕτερον
1459 1283 1679 1340 ἀμπελῶνα
1699 1282 1742 1340 ἢῑ

247 1362 326 1416 τὴν
343 1358 463 1414 τιμὴν
485 1359 625 1402 αὐτοῦ.
696 1357 718 1401 ὖ
743 1359 787 1400 δὲ
812 1356 891 1400 εἶπε
915 1355 991 1413 (μὴ
1012 1354 1164 1413 γε’νοιτό
1183 1373 1256 1411 μοι
1279 1355 1424 1397 δοῦναί
1438 1371 1516 1397 τινι
1534 1354 1609 1409 τὴν
1629 1357 1731 1411 κλη-

198 1442 228 1476 D
255 1430 449 1488 ρονομιάν
477 1428 591 1483 paeov.²
665 1427 920 1483 λυπηθέντος
955 1427 999 1469 δὲ
1029 1424 1189 1480 Ἀχαάβ
1201 1457 1215 1478 ,
1251 1422 1307 1475 ὡς
1341 1422 1515 1480 ἤκουσεν
1541 1421 1730 1476 Ἰεζάβελ,

250 1498 401 1557 γράφει
435 1498 539 1555 πρὸς
568 1498 665 1548 τοὺς
694 1497 994 1554 πρεσβυτέρους
1017 1495 1113 1546 τοὺς
1132 1496 1173 1537 ἐν
1192 1497 1244 1552 τῇ
1260 1491 1375 1536 πόλει
1397 1493 1466 1535 διὰ
1486 1491 1733 1551 προφάσεως

252 1569 483 1611 ἀποκτεῖναι
517 1565 652 1610 αὐτόν.
723 1566 761 1609 οἳ
793 1566 838 1608 δὲ
870 1568 1194 1622 συκοφαντοῦσιν
1227 1562 1351 1605 αὐτὸν
1384 1560 1441 1613 ὥς
1471 1559 1731 1619 κατηράσατο

252 1642 325 1681 τοῦ
352 1636 576 1691 βασιλέως,
614 1636 681 1679 καὶ
709 1635 1010 1678 ἀποκτείνουσιν
1041 1632 1188 1685 αὐτόν,
1224 1633 1292 1675 καὶ
1312 1636 1558 1690 κληρονομεῖ
1572 1631 1742 1687 ,ἈχαάβἸ

252 1706 323 1749 τὸν
357 1705 590 1761 ἀμπελῶνα.
660 1707 727 1747 καὶ
750 1703 908 1762 ἔρχεται
931 1704 1035 1762 πρὸς
1057 1702 1181 1747 αὐτὸν
1199 1699 1346 1745 Ἠλιού
1356 1733 1371 1755 ,
1403 1702 1473 1745 καὶ
1494 1702 1598 1759 λέγει
1620 1701 1734 1761 αὐτῷ

348 1848 369 1884 1
393 1846 586 1891 τελαμῶνα
609 1846 660 1880 Pz
683 1857 764 1881 corr
786 1846 820 1881 R
934 1842 955 1881 ὁ
980 1856 1037 1881 om
1060 1845 1094 1881 R
1202 1845 1226 1882 7
1248 1841 1295 1880 σύ
1316 1844 1370 1890 R,
1397 1853 1465 1880 σου
1486 1844 1517 1880 P
1627 1845 1672 1881 10
1693 1839 1733 1880 ἐκ

348 1891 471 1939 χειρός
494 1904 566 1937 μου
588 1905 644 1928 om
663 1893 696 1928 R

257 2022 295 2055 et
319 2018 466 2055 vulnera
489 2018 669 2066 imposuit.
717 2018 802 2053 inde
823 2020 925 2052 vates
948 2016 1061 2052 fascia
1083 2017 1182 2053 vultu
1206 2016 1384 2063 obligato,
1409 2027 1479 2063 qua
1501 2028 1566 2052 rex
1588 2015 1733 2051 Israeli-

257 2076 376 2103 corum
396 2065 608 2101 transiturus
641 2069 719 2101 erat
750 2064 927 2107 constitit3
961 2076 1074 2109 eoque
1096 2067 1346 2110 praetereunte
1372 2062 1444 2099 alta
1472 2075 1560 2099 voce
1589 2067 1734 2109 questus

257 2118 314 2148 est
337 2124 376 2147 se
398 2113 533 2158 regium
556 2123 697 2147 servum
719 2111 756 2146 in
779 2111 906 2146 bellum
927 2112 1146 2156 profectum,
1168 2111 1271 2146 alium
1293 2110 1467 2156 quendam
1490 2110 1535 2145 ad
1557 2121 1598 2144 se
1620 2109 1735 2145 virum

257 2158 469 2204 adduxisse,
504 2158 650 2205 eiusque
676 2158 747 2194 sibi
777 2157 970 2193 custodiam
1001 2158 1184 2192 mandasse
1212 2169 1255 2192 ea
1280 2157 1361 2203 lege
1383 2161 1423 2191 ut
1444 2156 1477 2191 si
1498 2156 1530 2191 is
1552 2155 1610 2191 vir
1631 2156 1736 2191 aufu-

256 2205 390 2250 gisset,
425 2217 490 2260 pro
522 2217 566 2240 eo
596 2205 704 2240 vitam
737 2216 832 2240 suam
856 2208 916 2238 aut
939 2204 1077 2249 argenti
1107 2204 1241 2239 talenta
1263 2205 1450 2251 penderet·
1497 2215 1537 2238 se
1567 2202 1635 2237 hac
1655 2201 1738 2237 illac

258 2251 584 2297 circumspiciente,
613 2251 753 2287 interim
778 2251 891 2286 virum
914 2249 1000 2295 fuga
1023 2262 1062 2285 se
1086 2250 1318 2297 proripuisse.
1364 2249 1550 2296 respondit
1571 2261 1635 2284 rex
1658 2260 1737 2284 eum

258 2298 303 2333 de
327 2310 365 2333 se
387 2298 466 2344 ipso
490 2299 699 2334 sententiam
723 2298 867 2343 tulisse,
902 2308 1051 2342 esseque
1083 2309 1147 2332 suo
1177 2297 1352 2332 arbitratu
1376 2295 1556 2331 homicidii
1587 2296 1736 2331 fontem.

260 2349 333 2379 tum
355 2350 460 2380 vates'
479 2357 633 2391 propere
655 2345 801 2381 fasciam
827 2357 849 2379 a
871 2343 963 2378 facie
986 2343 1155 2389 removit,
1188 2342 1400 2389 agnitusque
1423 2354 1512 2378 unus
1531 2343 1576 2378 de
1593 2341 1736 2377 vatibus

260 2403 359 2434 esse,
385 2391 437 2426 ita
458 2390 596 2426 locutus
617 2397 673 2427 est
694 2389 769 2426 “sic
793 2391 844 2426 ait
867 2390 1026 2425 dominus
1048 2390 1140 2435 regi.
1188 2390 1273 2437 quia
1291 2395 1331 2425 tu
1348 2389 1463 2424 virum
1479 2387 1651 2435 perniciei
1672 2389 1737 2423 de-

260 2437 427 2472 stinatum
451 2449 495 2472 ex
517 2438 678 2473 manibus
701 2437 772 2473 tuis
796 2436 983 2481 dimisisti,
1016 2449 1100 2472 ecce
1123 2436 1209 2482 tibi,
1245 2435 1321 2471 vita
1342 2441 1404 2471 tua
1430 2447 1495 2481 pro
1526 2435 1602 2470 vita
1623 2435 1738 2481 ipsius

259 2483 480 2564 Ροριιίιιίεὶᾳιιο
503 2489 583 2520 tuus
607 2496 672 2532 pro
697 2484 826 2532 populo
851 2483 926 2519 eius
949 2481 1060 2521 luet.”
1107 2483 1198 2519 abiit
1217 2495 1302 2529 ergo
1319 2482 1482 2518 Achabus
1504 2481 1612 2518 animi
1631 2491 1740 2527 aeger

258 2534 364 2575 atque
415 2542 490 2566 ens.

354 2576 554 2612 Secundum
589 2577 679 2612 haec
716 2576 880 2612 Achabus
917 2573 1073 2611 vineam'
1094 2575 1253 2612 Nabothi
1291 2574 1498 2620 Izraelitae‚
1539 2574 1741 2621 contiguam

261 2631 367 2656 areae
389 2622 505 2667 regis,
529 2624 587 2658 vel
604 2624 862 2670 permutatione
885 2622 1030 2658 alterius
1053 2622 1182 2658 vineae
1205 2622 1265 2658 vel
1285 2621 1400 2657 soluto
1423 2620 1540 2668 pretio
1562 2633 1658 2656 suam
1682 2621 1741 2656 fa-

262 2678 345 2701 cere
373 2670 550 2714 cupiebat.
596 2676 635 2705 at
660 2682 746 2706 vero
772 2669 959 2706 Nabothus
989 2681 1185 2715 pernegare
1207 2681 1247 2704 se
1271 2680 1372 2704 suum
1394 2668 1639 2714 patrimonium
1663 2667 1741 2702 cui·

262 2723 367 2757 quam
403 2715 632 2751 addictarum.
682 2729 774 2763 quae
804 2729 862 2752 res
886 2727 963 2750 cum
988 2716 1142 2753 dolorem
1173 2715 1351 2751 intuiisset
1374 2714 1541 2760 Achabo,
1576 2714 1741 2750 Iezabela

262 2769 306 2812 eo
331 2760 471 2804 cognito
494 2764 538 2796 ad
568 2764 726 2799 seniores
749 2763 846 2799 urbis
870 2762 990 2797 literas
1013 2763 1093 2808 dat,
1129 2763 1297 2798 mandans
1321 2761 1375 2796 uti
1398 2761 1602 2797 Nabothum
1627 2771 1740 2806 quae-

261 2808 333 2839 sita
370 2806 554 2843 occasione
592 2810 680 2845 sacti
720 2808 947 2845 interficiant.
995 2808 1023 2843 ii
1055 2809 1208 2844 conficta
1238 2809 1410 2844 adversus
1444 2819 1522 2843 eum
1555 2806 1740 2853 calumnia,

262 2851 366 2895 quasi
387 2863 505 2896 regem
526 2862 730 2892 exsecratus
755 2862 868 2902 esset,
903 2855 1077 2890 hominem
1099 2856 1299 2899 trucidant,
1334 2854 1474 2890 vineam
1493 2853 1658 2890 Achabus
1676 2865 1737 2889 oc-

261 2901 380 2943 cupat.
427 2898 519 2934 hunc
541 2900 640 2937 Elias
663 2914 851 2952 aggressus
875 2901 929 2940 ita
951 2901 1188 2950 compellavit.
1234 2898 1349 2938 “haec
1377 2900 1465 2939 dicit
1485 2900 1667 2937 domiuus:
1699 2904 1739 2935 tu
