1742 3184
210 170 312 218 586
689 173 927 219 GEORGII
961 173 1207 227 CEDRENI

210 285 471 344 ε’ξήμβλωσε,
506 284 572 332 καὶ
599 289 675 333 σὺν
700 293 753 346 τῇ
781 289 968 347 ἀποβολῇ
996 294 1069 333 τοῦ
1100 287 1281 349 ἕμβρῦου
1312 290 1585 351 συναπέρρηξε
1612 295 1682 337 καὶ

209 358 284 414 τὴν
305 356 452 413 ἑαυτῆς
471 359 611 414 ψυχὴν
631 357 657 414 ἦ
680 358 932 415 τριτάλαινα.

158 433 190 468 C
350 432 424 486 Τῷ
452 426 504 470 ιδ’
533 427 608 471 ἔτει
632 429 674 470 ἐν
688 426 825 486 Ῥώμῃ
846 426 1034 484 ἓμυκήθη
1056 426 1082 484 ἦ
1101 433 1152 485 γῆ
1173 429 1236 472 ἐπὶ
1258 427 1415 486 ἡμέρας
1430 427 1545 474 ἑπτά.
1612 448 1678 474 τε-

207 499 331 557 λευτᾷ
355 498 399 540 δὲ
418 499 485 539 καὶ
498 496 731 553 Ἀρκάδιος,
759 498 877 552 βιοὺς
891 499 966 553 μὲν
983 497 1050 553 ἔτη
1074 497 1152 550 λα’,
1185 497 1435 553 βασιλεύσας
1453 501 1497 542 δὲ
1515 498 1574 550 κς’
1587 513 1598 524 ·
1633 499 1680 551 ὃς

207 568 276 609 καὶ
296 564 503 617 διετάξατο
525 571 604 608 τῶν
623 569 799 624 Περσῶν
815 568 988 622 βασιλέα
1005 567 1260 625 Ἰσδιγὲρδην
1276 566 1477 624 κήδεσθαι
1493 574 1566 612 τοῦ
1583 576 1712 612 παι-5

208 636 279 686 δὸς
309 636 534 678 Θεοδοσίου
559 638 625 678 καὶ
653 635 875 691 λαμβάνειν
903 641 1116 695 πρεσβεῖον
1142 638 1316 694 χρυσίου
1345 639 1485 694 λίτρας
1514 636 1681 681 ἕκατον-

206 703 337 756 τάδας
366 705 475 747 δέκα.
545 706 586 747 ἐν
620 706 665 748 δὲ
697 711 748 763 τῇ
781 709 910 750 αὐτοῦ
941 711 1104 763 τελευτῇ
1135 705 1292 757 πάντας
1315 705 1411 757 τοὺς
1434 707 1528 750 κατ’
1556 708 1681 750 αὐτὸν

209 774 329 825 ὄντας
357 774 548 830 ἀρίστους
574 777 858 831 προαπέκτεινε
883 775 952 818 διὰ
973 775 1019 819 τὸ
1044 778 1179 830 μεῖζον
1204 774 1303 818 εἶναι
1325 776 1371 819 τὸ
1395 777 1554 819 ἐκείνων
1575 774 1681 834 φρό-

209 861 341 899 νημα,
386 844 427 885 ἓν
460 841 521 893 οἷς
552 838 603 899 ἦν
635 847 702 886 καὶ
729 844 940 903 Ῥουφῖνος
974 844 995 888 ὁ
1031 845 1132 903 παρ’
1166 845 1278 904 αὐτῷ
1307 845 1412 901 μέγα
1446 844 1681 899 δυνάμενος.

208 914 330 968 ἐτέθη
360 913 403 955 δὲ
433 916 554 967 σῶμα
585 914 714 957 αὐτοῦ
741 915 783 957 ἐν
811 919 870 973 τῷ
898 918 986 973 ναῷ
1010 919 1090 957 τῶν
1121 912 1243 970 ἁγίων
1272 913 1529 967 ἀποστόλων,
1564 916 1606 957 ἐν
1630 918 1681 972 τῇ
1694 920 1738 956 10

204 986 463 1039 μεσημβρινῇ
487 986 610 1042 στοᾷ,
645 982 748 1025 ἔνθα
770 986 836 1026 καὶ
860 982 886 1038 ἦ
909 983 1009 1039 γυνὴ
1034 983 1159 1026 αὐτοῦ
1179 983 1372 1034 Εὗδοξία.

335 1049 385 1093 Ὁ
423 1052 556 1093 τοίνυν
589 1052 835 1110 ’Ῑσδιγέρδης
872 1053 946 1107 τὴν
975 1053 1191 1109 Ἀρκαδίου
1228 1051 1433 1107 διαθήκην
1469 1049 1684 1106 δεξάμενος

212 1120 421 1178 Θεοδοσίῳ
438 1120 512 1175 τὴν
529 1123 742 1174 βασιλείαν
761 1124 966 1179 εἴρηνικῶς
986 1119 1224 1164 διεσώσατο.
1291 1123 1359 1164 καὶ
1372 1119 1576 1175 Ἀντίοχόν
1593 1137 1684 1163 τινα

154 1197 188 1232 D
212 1189 457 1245 θαυμαστὸν
473 1191 540 1232 καὶ
563 1189 808 1247 λογιώτατον
829 1190 961 1249 ἄνδρα
980 1191 1194 1246 ἐπίτροπον
1214 1192 1281 1233 καὶ
1300 1190 1560 1246 παιδαγωγὸν
1580 1190 1684 1232 ἀπο-

209 1260 389 1311 στείλας,
433 1257 581 1317 γράφει
621 1264 673 1317 τῇ
714 1258 926 1319 συγκλήτῳ
955 1258 1167 1314 Ῥωμαίων
1198 1259 1415 1317 φυλάττειν
1444 1259 1491 1301 τὸ
1522 1259 1684 1300 παιδίον
1696 1264 1740 1300 15

209 1327 568 1383 ἀνεπιβούλευτον,
594 1330 665 1371 ἵνα
693 1329 751 1384 μὴ
784 1328 960 1384 πόλεμον
986 1329 1190 1372 ἄσπονδον
1217 1330 1323 1372 κατὰ
1344 1327 1557 1383 Ῥωμαίων
1583 1329 1685 1370 ἂνα-

207 1397 362 1455 κινήσῃ.
435 1399 503 1439 καὶ
534 1392 584 1452 ἦν
616 1397 752 1454 ἐἰρήνη
785 1396 937 1451 μεταξὺ
964 1393 1176 1450 Ῥωμαίων
1203 1400 1270 1438 καὶ
1298 1401 1475 1452 Περσῶν
1504 1396 1686 1451 μάλιστα

208 1471 284 1511 τοῦ
309 1465 516 1520 Ἀντιόχου
552 1466 683 1508 πολλὰ
716 1465 818 1523 ὑπὲρ
849 1469 1110 1523 Χριστιανῶν
1141 1462 1386 1523 γράφοντος.
1454 1467 1523 1506 καὶ
1556 1464 1686 1514 οὕτως

209 1534 444 1590 ἔπλατύνθη
471 1537 538 1577 καὶ
561 1536 603 1577 ἓν
622 1537 796 1593 Περσίδι
821 1533 841 1577 ὅ
863 1531 1187 1592 χριστιανισμός.
1394 1584 1403 1589 -

353 1603 574 1655 Θεοδόσιος
603 1603 623 1647 ὃ
656 1606 802 1661 μικρὸς
832 1603 1025 1659 βασιλεὺς
1048 1601 1260 1657 Ῥωμαίων
1291 1598 1517 1659 ὃρθόδοξος
1545 1599 1742 1654 ἓβασί-Ξθ

211 1680 353 1718 λευσεν
384 1674 450 1728 ἔτη
480 1673 552 1728 μβ’
583 1678 717 1729 μῆνας
743 1672 784 1728 β’
800 1687 811 1697 ·
858 1667 906 1716 οὗ
937 1670 1367 1730 αὖτοκρατορ-ήσαντος
1392 1671 1630 1726 Πουλχερία
1660 1668 1686 1725 ἦ

209 1742 356 1788 τούτου
384 1741 567 1800 ἀδελφή,
605 1743 811 1799 παρθένος
840 1741 900 1785 ιθ·’
927 1743 1028 1784 ἐτῶν
1057 1736 1183 1793 οὖσα,
1216 1740 1290 1795 τὴν
1315 1740 1527 1794 βασιλείαν
1553 1742 1688 1789 καλῶς

213 1811 372 1870 διῴκει,
407 1811 495 1866 ἥτις
529 1811 750 1854 Θεοδόσιον
776 1811 846 1854 τὸν
872 1810 1051 1869 ἀδελφὸν
1073 1812 1129 1860 εἷς
1146 1809 1220 1864 τὴν
1240 1809 1342 1851 κατὰ
1364 1807 1464 1851 θεὸν
1484 1808 1687 1862 εὐσέβειαν

66 1888 97 1922 Ρ
118 1887 190 1924 335
214 1883 468 1933 ε’ξεπαίδευσε
494 1882 562 1923 καὶ
591 1883 647 1931 εἷς
671 1875 803 1923 τᾶλλα
827 1880 1001 1923 ἅπαντα.
1068 1874 1118 1935 ἦν
1142 1879 1187 1921 δὲ
1211 1883 1268 1937 τῷ
1293 1876 1452 1934 σώματι
1470 1877 1594 1933 μέσος
1614 1880 1687 1920 τοῦ

209 1991 308 2037 gicas
332 1989 578 2035 superposuit3
602 2001 672 2035 qua
694 1999 735 2025 re
759 1991 795 2024 et
816 1988 934 2024 statim
958 1987 1066 2023 eiecit
1082 1991 1255 2023 mortuum
1272 1987 1404 2022 foetum
1427 1990 1465 2022 et
1484 1985 1586 2021 simul
1607 1985 1687 2022 ani—

210 2050 301 2084 gnam
325 2036 519 2071 miserrima
540 2036 692 2071 efflavit.

304 2084 405 2118 Anno
445 2081 488 2118 14
522 2083 654 2117 Romae
686 2087 782 2117 terra
813 2085 948 2126 septem
979 2080 1105 2115 diebus
1139 2079 1276 2126 mugiit.
1331 2083 1488 2114 mortuus
1511 2083 1566 2114 est
1585 2078 1689 2114 etiam

212 2130 403 2174 Arcadius,
439 2141 530 2163 anno
558 2130 683 2164 aetatis
711 2131 779 2172 31,
812 2126 1001 2173 imperavit
1034 2139 1143 2162 annos
1175 2129 1234 2163 26.
1278 2125 1355 2160 filio
1389 2137 1452 2160 suo
1484 2125 1688 2161 Theodosio

212 2182 364 2212 tutorem
399 2175 584 2210 constituit
616 2187 735 2221 regem
765 2174 950 2209 Persarum
975 2174 1214 2219 Isdigerdem‚
1249 2172 1543 2218 honorariumque
1567 2171 1601 2206 ei
1625 2172 1689 2207 de-

212 2223 362 2259 stinavit
388 2224 474 2257 1000
495 2222 634 2266 argenti
656 2223 777 2256 libras.
832 2220 1153 2266 praestantissimos
1184 2226 1300 2254 autem
1329 2229 1469 2253 suorum
1500 2219 1688 2253 moriturus

212 2270 335 2305 necari
358 2268 482 2312 iussit,
516 2269 610 2313 quod
634 2280 753 2303 eorum
778 2273 897 2302 essent
917 2267 1061 2301 altiores
1083 2265 1243 2311 spiritus.
1288 2265 1383 2299 inter
1406 2265 1469 2299 hos
1492 2265 1561 2299 fuit
1584 2264 1689 2299 etiam

211 2316 382 2360 Rufinus,
407 2315 467 2360 qui
490 2315 671 2360 plurimum
694 2315 786 2359 apud
806 2315 1049 2358 imperatorem
1069 2317 1245 2359 potuerat.
1291 2311 1448 2356 sepultus
1471 2316 1525 2347 est
1545 2310 1582 2346 in
1600 2316 1688 2346 tem-

210 2362 271 2409 plo
297 2362 552 2407 apostolorum,
579 2362 615 2395 in
639 2361 778 2407 portiou
801 2360 1009 2403 meridiana,
1034 2371 1111 2393 cum
1133 2357 1298 2394 Eudoxio.
1321 2369 1444 2392 uxore.

307 2408 510 2454 Isdigerdes
534 2407 677 2442 Arcadii
700 2413 910 2442 testamento
936 2407 1151 2452 approbato,
1188 2404 1391 2440 Theodosio
1418 2403 1601 2449 imperium
1626 2415 1691 2450 pa-

214 2458 329 2489 catum
354 2454 599 2499 conservavit,
624 2454 790 2498 misitque
813 2453 845 2487 ei
871 2458 1130 2499 procuratorem
1155 2455 1191 2486 et
1213 2451 1452 2496 paedagogum
1470 2450 1691 2496 Antiochum,

213 2501 328 2535 virum
355 2501 570 2547 praeclarum
598 2506 635 2535 et
657 2499 906 2535 doctissimum.
955 2498 1099 2543 scripsit
1122 2498 1225 2532 etiam
1248 2499 1293 2532 ad
1317 2503 1476 2531 senatum
1499 2498 1691 2531 Romanum

215 2547 269 2582 uti
301 2559 445 2593 puerum
474 2548 518 2581 ab
548 2546 687 2581 insidiis
720 2552 827 2581 tutum
858 2550 1098 2591 praestarent,
1133 2543 1264 2589 alioqui
1295 2555 1334 2578 se
1365 2543 1532 2577 Romanis
1564 2542 1691 2587 bellum

215 2593 435 2638 implacabile
466 2594 654 2628 illaturum.
703 2593 753 2628 ita
786 2604 855 2639 pax
888 2593 982 2627 inter
1012 2592 1187 2626 Romanos
1218 2596 1323 2635 atque
1355 2589 1484 2624 Persas
1514 2595 1585 2624 tum
1610 2589 1692 2633 fuit,

215 2640 408 2686 praecipue
444 2639 616 2674 Antiocho
654 2639 759 2674 multa
796 2650 858 2685 pro
888 2637 1101 2673 Christianis
1134 2637 1326 2672 scribente.
1371 2642 1478 2682 atque
1499 2635 1566 2670 hoc
1588 2636 1691 2670 modo

221 2685 323 2720 etiam
348 2687 383 2720 in
408 2686 588 2721 Persidem
611 2685 888 2720 christianismus
913 2691 967 2719 est
990 2689 1217 2739 propagatus.

311 2732 534 2767 Theodosius
557 2732 687 2776 minor,
712 2737 809 2766 recte
833 2731 878 2765 de
898 2730 1071 2775 religione
1094 2730 1272 2772 sentiens,
1294 2727 1477 2773 imperium
1499 2727 1537 2762 in
1561 2728 1691 2762 Roma-

219 2788 284 2811 nos
308 2778 421 2812 tenuit
443 2790 551 2813 annos
576 2780 641 2823 42,
664 2789 800 2813 menses
819 2779 855 2812 2.
900 2777 1003 2812 initio
1026 2776 1209 2822 imperium
1230 2775 1411 2821 praeclare
1434 2773 1693 2808 administravit

221 2834 323 2858 soror
359 2823 432 2858 eius
464 2825 668 2870 Pulcheria‚
706 2825 809 2868 virgo
845 2828 962 2858 aetate
996 2834 1163 2858 annorum
1199 2823 1256 2857 19.
1304 2833 1416 2866 eaque
1441 2821 1585 2855 fratrem
1615 2831 1692 2854 cum

221 2868 394 2915 religione
417 2871 620 2907 Christiana
642 2877 715 2910 tum
741 2870 820 2906 aliis
841 2871 950 2906 rebus
973 2869 1140 2905 instituit.
1183 2867 1255 2903 fuit
1283 2868 1342 2903 hic
1370 2867 1594 2904 Theodosius
1615 2871 1691 2901 sta-
