1742 3184
379 169 775 218 HISTORIARUM
809 168 1200 215 GOMPENDIUM.
1430 167 1529 215 201

65 289 138 347 ρὸν
157 285 326 332 ἒνωπιον
343 287 498 346 ampl-ov
566 287 635 330 καὶ
667 287 759 344 περὶ
787 285 861 341 τὴν
893 284 1140 343 φορολογίαν
1171 279 1368 336 ὡσαύτως
1392 301 1531 341 παρα-

64 356 366 414 σπονδήσαντος
384 358 509 400 αὐτοῦ
528 350 633 412 ἦλθε
650 354 773 398 πάλιν
781 352 1152 410 Ναβουχοδονόσορ
1173 355 1229 403 εἷς
1239 351 1530 411 Ἰερουσαλήμ,

62 429 132 469 καὶ
160 425 381 484 ἐπολιόρκει
411 426 538 481 αὗτὴν
565 425 633 480 ἔτη
668 424 754 468 dvo.
824 429 892 467 καὶ
919 422 1204 481 προφητεύσας
1227 420 1431 478 Ἱερεμίας
1455 424 1529 479 τὴν

62 494 216 539 ἅλωσιν
234 500 307 551 τῆς
322 494 478 546 πόλεως
497 495 659 550 δέσμιος
681 492 840 550 ἐβλήθη
859 492 938 536 ὕπὸ
958 494 1148 536 Σεδεκίου
1170 494 1212 535 ἓν
1233 491 1383 551 λάκκῳ.
1424 494 1530 548 μετὰ

28 571 52 608 5
64 566 107 608 δὲ
124 565 171 608 τὸ
190 569 370 620 λυθῆναι
391 564 515 607 αὐτὸν
532 568 606 607 τοῦ
624 566 776 618 δεσμοῦ
786 595 799 615 ,
845 562 983 617 λαβὼν
1007 562 1081 617 τὴν
1098 562 1272 616 κιβωτὸν
1289 565 1358 604 καὶ
1376 562 1423 605 τὸ
1446 567 1531 606 θυ-

61 632 300 692 σιαστήριον
320 634 388 676 καὶ
408 634 482 688 τὴν
501 632 702 690 τράπεζαν
721 635 788 675 καὶ
809 632 882 687 τὴν
902 633 1067 686 λυχνίαν
1084 632 1127 674 ἐκ
1147 636 1219 674 τοῦ
1239 636 1342 674 ναοῦ
1360 632 1402 674 ἓν
1422 631 1531 691 λόγῳ

60 705 215 760 κυρίου,
248 703 476 758 μέλλουσαν
492 703 567 758 τὴν
588 700 705 745 πόλιν
723 701 802 757 ἤδη
826 698 1240 758 παραλαμβάνεσθαι,
1276 701 1531 759 κατέκριψεν

60 772 102 814 ἓν
120 770 260 830 ἀδήλῳ
278 770 410 830 τόπῳ·
443 773 512 815 καὶ
533 771 608 827 οὐχ
626 770 852 829 εὑρέθησαν
874 771 946 823 ἔτι,
965 768 1020 821 ὥς
1035 768 1061 826 ἦ
1081 774 1161 813 τῶν
1176 773 1443 825 Μακαβαίων
1458 772 1527 825 βί-
1550 781 1583 816 C

57 845 159 895 βλος
176 842 292 898 λέγει.
362 839 384 884 ὅ
407 842 455 884 δέ
474 858 517 897 γε
535 839 906 897 Ναβουχοδονόσορ
933 840 1187 897 παραλαβὼν
1215 839 1288 895 τὴν
1307 839 1425 883 πόλιν
1444 841 1530 883 ἐνέ-

3 921 188 968 1οπρησε
210 915 359 954 πᾶσαν.
426 910 497 953 τὸν
528 911 572 952 δὲ
602 911 794 953 Σεδεκίαν
817 907 1117 966 χειρωσάμενος
1148 909 1223 964 τὴν
1254 910 1328 964 μέν
1357 917 1530 966 γυναῖκα

57 982 125 1022 καὶ
146 979 197 1022 τὰ
218 980 337 1023 τέκνα
359 979 487 1022 αὐτοῦ
507 979 601 1022 κατ’
629 978 878 1037 ὀφθαλμοὺς
898 979 1073 1030 ἀνεῖλεν,
1110 978 1233 1021 αὐτὸν
1253 980 1297 1022 δὲ
1317 977 1527 1036 ἐκτυφλώ-

55 1065 134 1099 σας
162 1051 230 1091 καὶ
264 1050 427 1103 δεσμοῖς
457 1046 664 1106 κρατήσας
692 1051 749 1099 εἷς
777 1051 1011 1101 Βαβυλῶνα
1045 1046 1304 1101 αἰχμάλωτον
1338 1047 1526 1104 ἀνήγαγε,

54 1115 388 1171 βασιλεύσαντα
374 1119 442 1173 ε’τη
464 1119 578 1175 τρία,
622 1119 689 1160 καὶ
711 1116 757 1160 τὸ
780 1120 941 1172 πλῆθος
962 1115 1166 1172 ἀπήγαγεν
1186 1115 1478 1170 αἷχμάλωτον
1460 1120 1526 1160 επὶ

452 1191 473 1200 συ

56 1185 124 1241 ἔτη
145 1185 194 1230 θ’.
262 1185 392 1244 τούτῳ
414 1205 471 1246 τῳ
491 1188 659 1229 Σεδεκιά
684 1184 769 1229 εἶπέ
787 1204 846 1237 τις
873 1184 1111 1272 προφήτηςτ
1115 1186 1193 1242 πρὸ
1215 1191 1288 1240 τῆς
1313 1189 1464 1241 αἰχμα)
1468 1205 1526 1230 ω-

1289 1260 1309 1269 u
1334 1254 1359 1269 tt

0 1263 44 1300 15
56 1257 148 1307 σίας
174 1257 414 1311 ἀπαχθῆναι
443 1259 500 1306 εἷς
523 1259 772 1309 Βαβυλῶνα.
838 1257 906 1297 καὶ
931 1254 1006 1296 αλλ
997 1272 1053 1305 ος
1073 1253 1176 1297 εἶπεν
1199 1257 1309 1314 avi-ug)
1362 1256 1421 1311 μὴ
1444 1273 1525 1314 φο-

52 1329 155 1379 βοῦ·
184 1326 232 1368 οὐ
251 1324 329 1381 γὰρ
351 1325 441 1382 ἴδῃς
456 1324 727 1378 Βαβυλῶνα.”
758 1326 824 1366 καὶ
845 1322 1068 1380 ἀμφότεροι
1089 1322 1345 1379 ἠλήθευσαν·
1372 1330 1525 1380 κατῆλ-

53 1397 108 1436 θε
120 1391 214 1449 γάρ,
242 1394 290 1434 οὗ
307 1391 389 1447 μὴν
407 1392 610 1435 ἐθεάσατο
630 1390 777 1446 αὐτήν·
802 1393 957 1448 τυφλὸς
975 1393 1050 1449 γὰρ
1067 1387 1128 1447 ἦν.
1159 1395 1248 1450 περὶ
1261 1388 1309 1436 οὗ
1322 1392 1526 1451 Ἱερεμίας

53 1456 181 1512 αὖθις
200 1461 278 1519 ἔφη
297 1459 457 1511 κοὕτως
478 1459 559 1504 εἷπε
578 1459 718 1518 κύριος
739 1461 801 1502 ἐπὶ
821 1462 1011 1503 Σεδεκίαν
1024 1474 1035 1485 ·
1071 1461 1161 1503 ἰδοὺ
1180 1462 1257 1517 ἐγὼ
1280 1464 1426 1518 δίδωμι
1445 1464 1521 1506 αὗ-
1541 1469 1585 1504 D·

52 1530 123 1574 τὸν
142 1533 198 1581 εἷς
210 1536 353 1586 χεῖρας
373 1531 575 1584 βασιλέως
593 1532 864 1583 Βαβυλῶνος,
900 1532 968 1572 καὶ
992 1528 1159 1581 πατάξει
1179 1529 1303 1574 αὐτόν
1310 1564 1324 1584 ,
1360 1535 1426 1574 καὶ
1447 1531 1525 1588 λή-

0 1607 205 1655 wapentac
225 1599 291 1642 ἐπ’
314 1598 439 1642 αὐτὸν
457 1596 640 1656 κατάραν
655 1599 835 1654 λέγοντες
851 1596 1019 1653 ποιήσαι
1037 1616 1083 1642 σε
1104 1597 1242 1657 κύριος
1258 1598 1314 1651 ὥς
1331 1603 1525 1645 Σεδεκίαν

53 1671 120 1712 καὶ
141 1666 197 1719 ὥς
211 1666 369 1724 Ἀχιάβ,
405 1667 475 1719 οὓς
495 1667 759 1724 ἀπετηγάνισε
778 1668 972 1722 βασιλεὺς
990 1671 1242 1723 Βαβυλῶνος
1262 1670 1303 1711 ἓν
1324 1672 1435 1728 πυρί,
1468 1672 1521 1713 δι’

49 1737 100 1794 ἢν
121 1738 313 1793 ἐποίησαν
331 1738 502 1792 ἀνομίαν
520 1738 561 1780 ἓν
575 1735 864 1795 Ἰερουσαλήμ,
899 1739 967 1779 καὶ
990 1739 1209 1792 ε’μοιχῶντο
1233 1739 1308 1789 τὰς
1330 1746 1526 1795 γυναῖκας

49 1811 133 1851 τῶν
151 1811 326 1850 πολιτῶν
346 1807 494 1859 αὐτῶν,
536 1809 603 1849 καὶ
624 1805 744 1863 λόγον
767 1805 1042 1864 ἐχρημάτισαν
1069 1809 1133 1850 ἐπὶ
1162 1812 1219 1868 τῷ
1249 1806 1419 1864 ὀνόματί
1440 1826 1524 1865 μου

51 1875 99 1920 ὃν
119 1877 168 1920 οὗ
191 1876 420 1935 προσέταξα
438 1876 594 1930 αὐτοῖς,
629 1877 732 1933 λέγει
752 1874 936 1933 >triplos-,²²

47 2033 188 2069 fefellit.
221 2044 358 2068 rursum
377 2032 499 2079 itaque
516 2032 845 2068 Nabuchodonosor
867 2032 912 2068 ad
928 2032 1177 2078 Hierosolyma
1196 2033 1358 2078 accessit,
1381 2035 1522 2070 urbem-

49 2091 119 2125 que
141 2079 320 2115 biennium
344 2080 496 2115 obsedit.
542 2080 746 2125 Ieremiam,
777 2080 857 2114 fore
884 2084 925 2114 ut
955 2081 1038 2114 urbs
1070 2080 1231 2125 capiatur
1259 2060 1523 2135 vatic’inantem‚

48 2126 243 2161 Sedechias
265 2127 420 2162 vinctum
443 2127 479 2160 in
499 2127 640 2161 foveam
663 2126 808 2161 abiecit.
855 2126 887 2160 is
916 2132 1099 2172 postquam
1122 2126 1256 2161 solutus
1279 2132 1352 2170 est,
1382 2127 1523 2162 iamiam

49 2173 222 2219 capienda
243 2174 343 2217 urbe,
377 2172 477 2208 iussu
495 2172 554 2208 dei
576 2185 692 2208 arcam
714 2184 810 2208 aram
834 2178 871 2207 et
893 2185 1045 2207 mensam
1067 2178 1104 2208 et
1126 2172 1300 2208 lucernam
1322 2174 1368 2208 de
1390 2175 1521 2229 templo

49 2219 216 2264 abstulit,
251 2224 288 2254 et
313 2219 393 2255 loco
421 2219 556 2265 ignoto
570 2219 781 2262 occultavit3
813 2231 927 2265 neque
950 2219 1078 2253 deinde
1101 2231 1144 2253 ea
1168 2220 1313 2254 inventa
1334 2226 1435 2265 sunt,
1467 2220 1521 2256 uti

48 2266 187 2312 quidem
218 2265 309 2300 liber
331 2266 624 2300 Machabaeorum
652 2266 774 2301 tradit.
822 2267 910 2300 urbe
937 2266 1070 2312 potitus
1092 2266 1421 2301 Nabuchodonosor
1443 2278 1520 2302 eam

46 2317 158 2348 totam
181 2311 344 2347 incendio
367 2312 537 2347 vastavit.
582 2313 790 2347 sedechiam
809 2324 897 2347 vero
921 2319 1043 2347 nactus
1066 2323 1207 2346 uxorem
1234 2312 1308 2347 eius
1333 2318 1370 2347 et
1387 2312 1520 2348 liberos

46 2359 127 2405 ipso
150 2359 295 2394 vidente
316 2359 525 2394 trucidavit.
547 2363 619 2394 tum
642 2359 714 2404 ipsi
737 2358 854 2393 oculos
878 2359 982 2404 eruit,
1002 2363 1108 2403 atque
1130 2359 1167 2393 in
1190 2358 1337 2393 vinculis
1359 2359 1519 2404 Babylo-

47 2417 127 2440 nem
150 2405 320 2451 abduxit,
359 2417 436 2440 cum
459 2405 490 2439 is
513 2404 700 2440 triennium
723 2405 944 2451 imperasset.
991 2405 1155 2451 populum
1178 2417 1318 2450 quoque
1342 2406 1520 2452 captivum

48 2452 206 2496 abduxit,
231 2452 292 2498 qui
316 2463 358 2486 eo
377 2452 414 2486 in
433 2451 556 2486 exsilio
576 2464 685 2487 annos
706 2454 752 2488 70
772 2452 911 2491 mansit.
940 2452 1022 2486 huic
1040 2451 1235 2486 Sedechiae
1258 2451 1398 2497 quidam
1418 2457 1522 2488 vates

47 2505 131 2534 ante
153 2503 291 2544 captam
314 2500 435 2533 urbem
459 2499 684 2543 praedixerat
706 2510 782 2533 eum
804 2498 1021 2543 Babylonem
1045 2499 1229 2533 abductum
1252 2498 1311 2542 iri,
1339 2498 1427 2533 alius
1449 2510 1520 2534 non

47 2557 128 2580 esse
150 2545 222 2591 ipsi
246 2546 466 2580 metuendum
491 2556 535 2579 ne
556 2545 771 2598 Babylonem
795 2552 890 2580 esset
907 2545 1061 2579 visurus.
1109 2557 1230 2579 verum
1250 2550 1401 2591 uterque
1416 2545 1520 2580 dixe-

47 2597 126 2626 rat.
148 2591 365 2637 Babylonem
388 2592 532 2647 quippe,
562 2590 600 2626 in
617 2603 726 2646 quam
747 2591 934 2626 luminibus
958 2590 1116 2635 privatus
1140 2592 1251 2634 venit,
1277 2603 1348 2625 uon
1362 2603 1520 2646 ‘conspe-

47 2638 115 2673 xit.
162 2638 208 2672 de
230 2638 405 2673 Sedechia
428 2639 482 2673 sic
502 2637 668 2672 Ieremias
677 2639 788 2693 (cap.
812 2639 874 2682 29)
913 2634 1024 2672 “haec
1047 2637 1133 2672 deus
1157 2639 1203 2672 de
1221 2637 1396 2673 Sedechia
1416 2638 1519 2673 dicit.

47 2696 132 2719 ecoe
155 2685 259 2719 trado
285 2696 363 2720 eum
389 2685 428 2719 in
458 2696 580 2719 manus
611 2684 707 2729 regis
729 2683 937 2730 Babylonis.
984 2683 1016 2718 is
1040 2684 1147 2718 feriet
1171 2696 1270 2719 eum·
1295 2689 1521 2731 sumeturque

47 2731 93 2765 de
119 2742 162 2765 eo
186 2731 334 2766 formula
358 2730 566 2766 exsecrandi
587 2730 691 2765 haec:
724 2736 807 2777 agat
837 2736 950 2765 tecum
982 2731 1068 2765 deus
1102 2736 1142 2765 ut
1173 2743 1250 2765 cum
1277 2731 1452 2766 Sedecbia
1483 2736 1522 2766 et

46 2776 225 2822 Achiabo,
248 2789 338 2823 quos
360 2790 425 2813 rex
447 2777 698 2823 Babylonius'
686 2789 770 2823 igue
787 2777 909 2820 frixit,
936 2782 1084 2832 propter
1104 2777 1242 2824 flagitia
1263 2789 1354 2823 quae
1375 2779 1518 2813 Ierusa-

45 2823 158 2858 lemae
179 2829 475 2878 perpetraverunt
497 2823 699 2879 stuprandis
721 2824 849 2859 civium
882 2823 1071 2867 uxoribus,
1103 2828 1140 2858 et
1161 2829 1348 2883 praetentu
1369 2824 1520 2861 nominis

46 2869 118 2907 mei
140 2870 366 2908 vaticinando
389 2883 482 2919 quae
503 2870 594 2918 ipsis
617 2882 702 2907 non·
709 2869 887 2916 mandavi,
909 2869 1037 2917 inquit
1047 2867 1244 2908 dominus?
