1742 3184
190 185 290 235 284
383 208 387 212 ·
519 221 522 226 -
675 189 918 235 GEORGII
948 189 1194 236 GEDRENI

189 303 341 356 αὐτοὺς
377 308 601 349 ποιεῖσθαι.
672 299 729 349 ὧν
758 304 888 364 ἄρξας
916 303 938 348 ὅ
970 303 1177 365 Πύρρων,
1222 305 1302 367 ἀφ’
1337 302 1387 353 οὗ
1412 306 1670 368 Πυρρώνειοι

188 373 476 430 ἔπεκλήθησαν
493 373 737 433 φιλόσοφοι,
771 376 846 431 τὴν
865 375 1156 432 ἀκαταληψίαν
1172 375 1361 422 ἁπάντων
1378 384 1540 438 πρῶτος
1560 378 1672 436 εῗσή-

187 460 332 501 γαγεν,
367 441 424 494 ὥς
457 444 667 501 ἐπιχειρεῖν
696 445 771 500 μὲν
807 447 863 496 εἷς
897 443 1092 503 ἑκάτερα,
1123 447 1182 502 μὴ
1206 447 1343 502 μέντοι
1366 447 1673 507 ἀποφαίνεσθαι

188 513 337 569 μηδέν·
369 512 487 555 οὐδὲν
512 513 591 572 γὰρ
614 511 714 556 εἶναι
737 513 869 571 ἔλεγεν
887 513 978 558 οὕτε
996 514 1143 571 νοητὸν
1167 515 1258 560 οὔτε
1282 518 1485 574 αι’σθητὸν
1503 519 1671 574 ἀληθές,

191 582 299 625 ἀλλὰ
320 584 451 625 δοκεῖν
471 589 556 633 τοῖς
575 581 813 640 ἀνθρώποις
831 582 961 635 οὕτως
979 583 1094 639 ἔχειν.
1685 595 1708 631 5

334 647 460 695 Οὗτοι
493 652 567 706 μὲν
601 647 674 695 οὖν
705 650 852 704 πάντες
882 653 946 696 ἐπὶ
976 658 1049 708 τῆς
1077 658 1151 698 τοῦ
1178 654 1331 706 παντὸς
1355 652 1519 713 φύσεώς
1538 673 1583 699 τε
1607 657 1675 698 καὶ

190 720 379 777 γενέσεως
424 719 597 776 ταύτης,
643 722 787 773 καθὼς
828 723 1081 777 ἕξεθέμεθα,
1126 723 1279 775 ἐξεῖπον
1308 729 1358 781 τῇ
1388 725 1523 768 αὐτῶν
1561 724 1675 782 δόξῃ,

138 794 169 829 Β
194 788 305 833 κάτω
335 790 379 831 δὲ
408 794 481 832 τοῦ
511 791 629 833 θειόυ
651 790 798 842 πάντες
810 790 1073 849 χωρήσαντες
1092 795 1184 851 περὶ
1202 798 1284 836 τῶν
1299 794 1517 850 γινομένων
1536 794 1678 837 οὐσίαν

191 857 510 915 ἦσχολήθησαν,
543 859 596 902 τὰ
625 862 781 917 μεγέθη
813 865 887 916 τῆς
919 863 1087 913 κτίσεως
1118 863 1438 919 καταπλαγέντες
1470 865 1539 906 καὶ
1572 862 1679 906 αὐτὰ

191 929 239 972 τὸ
270 932 384 970 θεῖον
417 926 515 971 εἶναι
543 930 783 983 νομίσαντες
790 963 802 983 ,
839 931 975 989 ἕτερος
994 931 1128 986 ἕτερον
1148 933 1273 989 μέρος
1293 937 1367 988 τῆς
1385 933 1552 984 κτίσεως
1572 949 1676 991 προ-
1691 939 1735 975 10

194 998 413 1054 κρίναντες,
442 997 514 1040 τὸν
533 996 690 1042 τούτων
710 1000 811 1042 θεὸν
831 1002 898 1042 καὶ
920 1001 1168 1058 δημιουργὸν
1189 1002 1263 1044 οὐκ
1282 1002 1523 1058 ἐπέγνωσαν.
1564 1000 1680 1057 ἡμεῖς

195 1068 240 1110 δὲ
268 1071 349 1110 τῶν
380 1067 526 1125 ἐφεξῆς
557 1068 748 1127 ἱστοριῶν
776 1068 898 1113 πάλιν
928 1070 1004 1126 τὴν
1031 1069 1146 1122 τάξιν
1167 1069 1442 1126 ἀναλαβόντες
1464 1075 1538 1115 τοῦ
1557 1070 1678 1129 λόγου

195 1134 402 1191 ἐχώμεθα.

331 1208 592 1260 Πτολεμαῖος
623 1203 644 1248 ὅ
674 1204 826 1262 Λάγου
858 1207 1115 1261 ἐβασίλευσεν
1140 1206 1357 1265 Αἷγῦπτου
1383 1207 1451 1265 ξ’τη
1478 1205 1682 1267 τεσσαρά-

193 1291 319 1317 κοντα
354 1275 445 1329 (ἐπὶ
465 1273 614 1317 τούτου
627 1275 866 1333 Ἐπίκουρος
883 1275 904 1318 ὃ
923 1276 1152 1335 φιλόσοφος
1170 1279 1428 1336 ε’γνωρίζετο)
1463 1279 1568 1334 μετὰ
1587 1279 1679 1320 Λα·
1695 1284 1738 1320 15

194 1350 302 1401 ρεῖον
319 1342 547 1401 Ἀρσάμου
556 1376 570 1396 ,
606 1342 652 1387 ὃν
673 1344 742 1387 διὰ
761 1345 857 1396 τοὺς
875 1345 1179 1402 τῶνῬωμαίων
1192 1352 1376 1402 βασιλεῖς
1395 1350 1682 1405 παρελίπομεν,

190 1410 495 1468 βασιλεύσαντα
515 1412 583 1469 ἔτη
607 1410 662 1464 ς’“·
694 1414 741 1457 ὃν
762 1416 830 1457 καὶ
852 1415 1005 1459 ἀνεῖλεν
1029 1416 1331 1475 Ἀλέξανδρος,
1359 1415 1593 1468 καταλύσας
1610 1417 1684 1472 τὴν

192 1484 404 1536 βασιλείαν
423 1485 601 1540 Περσῶν
620 1484 895 1541 διαρκέσασαν
916 1484 984 1541 ἔτη
1004 1484 1089 1541 σμ’.
1159 1487 1282 1538 αὐτὸς
1301 1488 1346 1530 δὲ
1364 1485 1385 1529 ὅ
1401 1487 1685 1543 Ἀλέξανδρος

141 1556 173 1591 C
195 1551 331 1607 πάσης
359 1556 433 1608 γῆς
466 1551 610 1607 σχεδὸν
635 1550 851 1610 κυριεύσας
874 1555 916 1596 ἐν
938 1558 1160 1609 Βαβυλῶνι
1182 1560 1362 1616 τελευτᾷ.
1432 1558 1686 1613 διαιροῦνται

194 1621 238 1663 δὲ
265 1622 339 1676 τὴν
366 1622 579 1674 βασιλείαν
608 1622 647 1664 οἱ
676 1627 914 1677 μεγιστᾶνες
950 1625 1101 1676 αὐτοῦ,
1137 1627 1204 1667 καὶ
1234 1622 1499 1681 βασιλεύουσι
1521 1628 1684 1669 Πτολε·
1695 1631 1742 1667 20

192 1698 316 1745 μαῖος
345 1691 421 1744 μὲν
449 1687 471 1731 ὅ
498 1688 653 1746 Λάγου
681 1690 898 1747 Αἰγύπτου
935 1694 1005 1735 καὶ
1034 1697 1215 1750 καθεξῆς
1241 1697 1498 1750 Πτολεμαῖοι
1530 1693 1580 1751 ιγ’
1613 1695 1688 1745 ἕως

196 1758 469 1815 ,Κλεοπάτρας
491 1760 702 1817 θυγατρὸς
723 1760 967 1814 Διονυσίου,
1003 1766 1075 1817 τῆς
1097 1764 1141 1806 δὲ
1160 1764 1316 1815 Ἀσίας
1334 1762 1469 1819 πάσης
1487 1764 1687 1821 Ἀντίγο-

196 1846 265 1879 νος
293 1826 452 1886 ἐκράτει
461 1859 475 1880 ,
510 1833 585 1885 τῆς
610 1830 655 1872 δὲ
679 1829 914 1889 Ἀσσυρίας
940 1832 1009 1874 καὶ
1032 1835 1286 1888 Βαβυλῶνος
1315 1835 1384 1876 καὶ
1404 1834 1690 1889 Παλαιστίνης

199 2006 367 2055 princeps
392 2018 511 2041 eorum
535 2006 695 2053 Pyrrho,
724 2019 746 2043 a
766 2020 836 2054 quo
860 2009 1055 2056 Pyrrhonii
1076 2010 1164 2046 dicti
1187 2013 1290 2057 sunt,
1315 2010 1403 2046 nihil
1425 2009 1565 2058 percipi
1588 2022 1693 2058 posse

200 2053 413 2096 affirmavit3
438 2052 611 2099 iussitque
634 2054 672 2089 in
695 2060 881 2101 utramque
906 2062 1039 2103 partem
1065 2057 1268 2104 disputare,
1294 2058 1339 2092 de
1362 2064 1488 2093 neutra
1505 2058 1692 2104 quicquam

201 2100 455 2146 pronuntiare:
490 2099 578 2135 nihil
609 2101 701 2136 enim
724 2113 811 2137 vere
833 2114 948 2149 neque
975 2104 1090 2139 animo
1114 2116 1230 2151 neque
1253 2116 1359 2140 sensu
1382 2104 1541 2151 percipi,
1574 2104 1693 2140 videri

200 2152 336 2182 tantum
363 2146 562 2182 hominibus
586 2147 638 2184 ita
660 2147 805 2183 habere.

295 2193 345 2228 Hi
373 2205 458 2239 ergo
486 2205 606 2229 omnes
627 2195 672 2229 de
693 2195 851 2230 universi
875 2199 1002 2231 natura
1025 2200 1062 2232 et
1085 2201 1164 2232 ortu
1192 2210 1235 2233 ea
1260 2200 1449 2232 senserunt
1472 2209 1514 2232 ac
1533 2196 1693 2232 tradide-

201 2245 286 2274 runt
310 2251 399 2285 quae
421 2240 639 2284 rettulimus3
673 2240 838 2288 infraque
868 2242 926 2277 dei
959 2244 1195 2288 cognitionem
1227 2244 1482 2287 subsistentes,
1516 2243 1554 2278 in
1577 2255 1696 2278 rerum

202 2287 411 2321 caducarum
436 2293 562 2322 natura
585 2288 739 2323 studium
762 2295 1025 2334 occupaverunt
1051 2291 1316 2336 cognoscenda,
1352 2291 1397 2325 ad
1419 2290 1696 2336 magnitudinem

202 2344 320 2367 rerum
345 2338 541 2367 creatarum
564 2340 768 2380 stupentes,
803 2347 935 2381 easque
958 2348 1023 2382 pro
1046 2338 1186 2372 numine
1215 2337 1294 2383 ipso
1320 2337 1485 2383 amplexi.
1532 2337 1584 2371 ita
1605 2336 1696 2371 alius

203 2378 306 2413 aliam
331 2385 516 2415 creaturae
541 2386 674 2426 partem
698 2381 959 2427 praeferentes,
994 2384 1097 2418 deum
1130 2384 1254 2418 horum
1287 2383 1448 2430 opificem
1481 2395 1552 2419 non
1581 2395 1693 2428 agno-

202 2431 345 2506 ἔρωσι.
418 2437 483 2461 nos
532 2434 648 2463 autem
694 2428 863 2475 deinceps
910 2436 1100 2475 sequentes
1147 2430 1316 2466 historias
1354 2429 1524 2477 persequi
1563 2441 1692 2475 aggre-

228 2483 352 2506 lemur.

296 2517 521 2554 Ptolemaeus
548 2532 634 2565 ergo
656 2519 750 2565 Lagi
771 2519 865 2555 filius
889 2520 1047 2568 Aegypti
1070 2534 1217 2567 regnum
1242 2534 1352 2557 annos
1375 2521 1422 2557 40
1443 2522 1559 2568 gessit
1589 2521 1694 2566 (eius

204 2568 323 2598 aetate
347 2565 525 2610 Epicurus
549 2567 779 2614 philosophus
802 2566 980 2612 innotuit)
1013 2575 1095 2615 post
1115 2570 1258 2604 Darium
1280 2568 1436 2604 Arsamis
1458 2569 1567 2603 filium
1592 2580 1695 2614 quem

204 2609 439 2646 Romanorum
471 2624 592 2658 regum
624 2625 731 2648 causa
759 2614 1027 2650 referendorum
1060 2615 1256 2660 omisimus,
1292 2627 1403 2661 regno
1439 2617 1596 2650 functum
1630 2627 1694 2649 an-

206 2668 272 2690 nos
296 2658 332 2691 6.
397 2670 466 2703 quo
498 2659 688 2695 interfecto
719 2660 920 2695 Alexander
948 2661 1129 2696 Persicum
1161 2673 1307 2707 regnum
1336 2661 1511 2706 abolevit,
1543 2666 1696 2696 tractum

206 2713 272 2746 per
295 2714 404 2737 annos
428 2705 510 2739 240.
557 2706 757 2742 Alexander
777 2707 886 2742 totius
906 2719 1017 2754 prope
1038 2709 1133 2743 orbis
1152 2714 1324 2744 terrarum
1343 2707 1525 2753 imperium
1546 2709 1696 2753 adeptus

206 2748 390 2791 Babylone
410 2757 585 2797 mortuus,
611 2765 758 2798 regnum
783 2753 858 2788 eius
879 2753 973 2789 inter
995 2766 1162 2801 proceres
1185 2754 1335 2789 divisum
1358 2759 1427 2789 est.
1475 2754 1698 2789 Ptolemaeus

206 2794 299 2838 Lagi
321 2794 414 2829 filius
438 2797 593 2843 Aegypti
615 2811 760 2844 regnum
782 2800 954 2842 obtinuit;
979 2813 1020 2835 ac
1044 2806 1125 2847 post
1147 2813 1224 2836 eum
1239 2800 1433 2835 Ptolemaei
1448 2800 1509 2835 alii
1526 2801 1570 2836 13
1584 2811 1697 2845 usque

209 2841 255 2875 ad
279 2840 503 2886 Cleopatram
526 2845 695 2891 Dionysii
717 2846 837 2881 filiam.
885 2846 1007 2882 Asiam
1035 2847 1237 2883 universam
1261 2847 1460 2892 Antigonus
1493 2846 1695 2892 occupavit.

210 2886 382 2932 Assyriae
404 2889 598 2934 Babylonis
623 2897 662 2928 et
682 2893 910 2930 Palaestinae
938 2905 1050 2940 regno
1079 2895 1215 2942 potitus
1241 2899 1296 2930 est
1321 2893 1491 2930 Seleucus
1517 2892 1697 2936 Nicanor3
