1742 3184
167 165 272 215 766
659 165 906 213 GEORGII
934 163 1184 211 CEDRENI

167 282 347 338 Μαβιάς
365 282 432 326 καὶ
454 282 493 325 οἳ
513 281 589 326 σὺν
607 281 718 342 αὐτῷ
736 278 1035 340 ἐφοβήθησαν,
1071 281 1139 324 καὶ
1169 276 1513 338 συλλογισάμενοι
1536 279 1661 332 ὦς’τὸ

166 357 248 397 ’τῶν
262 351 475 408 Ῥωμαίων
494 353 703 407 βασίλειον
719 349 800 394 ὑπὸ
819 355 924 394 θεοῦ
949 358 1189 410 φρουρεῖται
1197 382 1213 404 ,
1247 351 1454 406 πέμπουσι
1471 351 1663 409 πρέσβεις

165 423 272 481 πρὸς
301 421 373 465 τὸν
402 420 688 480 αὐτοκράτορα
719 422 1030 465 Κωνσταντῖνον
1057 418 1160 480 ὖπὲρ
1189 419 1363 479 εῗρήνης.
1430 418 1452 464 ὅ
1481 422 1527 464 δὲ
1555 420 1662 464 ἄπο-

166 493 320 537 στέλλει
343 491 416 536 τὸν
437 489 739 547 Πιτζικαύδην,
771 493 844 534 ,καὶ
872 496 985 534 ποιεῖ’
1007 489 1233 550 ἐγγράφως,
1255 488 1430 549 εἶρήνηνί
1446 490 1551 546 μετὰ
1579 494 1662 533 τῶν

164 565 442 621 Σαρακηνῶν,
478 562 649 617 ἐτησίως
669 552 860 619 παρέχειν
884 561 1036 612 αὐτοὺς
1057 561 1163 619 πρὸς
1186 560 1285 611 τοὺς
1308 558 1537 615 Ῥωμαίους
1556 567 1696 619 χρυ-5

164 633 256 676 σίου
274 630 471 688 χιλιάδας
494 628 520 673 ι’
541 632 610 673 καὶ
633 630 789 690 ἄνδρας
810 628 1099 686 αἰχμαλώτους
1119 629 1156 689 ρ’
1179 633 1248 674 καὶ
1265 632 1419 682 ἵππους
1437 631 1608 687 εὐγενεῖς
1626 628 1661 673 ν’

164 702 228 745 ἐπὶ
255 700 423 760 χρόνοις
451 698 502 743 λ’.
571 705 703 744 ταῦτα
729 700 938 757 μαθόντες
969 701 1008 744 οἷ
1036 701 1089 745 τὰ
1119 699 1288 759 ἑσπέρια
1315 702 1518 751 οἰκοῦντες
1547 701 1663 758 δῶρα

19 777 49 812 Ρ
72 776 141 814 438
166 774 394 822 στείλαντες
415 774 473 829 τῷ
489 774 661 825 βασιλεῖ’
675 769 837 829 εἰρήνην
857 770 1037 829 ᾔτησαν·
1074 768 1137 822 οἷς
1161 770 1276 822 εἴξας
1303 768 1326 814 ὅ
1352 769 1549 825 βασιλεὺς
1569 769 1665 813 32:15-

165 859 272 902 ρωσε
304 840 479 897 ταύτην,
515 842 584 884 καὶ
606 831 743 899 &gyon
766 841 986 900 ἀμεριμνία
1006 839 1164 899 μεγάλη
1186 838 1228 884 ἕν
1247 857 1292 885 τε
1317 845 1368 900 τῇ
1389 840 1570 898 ἀνατολῇ
1595 842 1663 883 καὶ

163 917 217 972 τῇ
245 910 372 956 δύσει.
1677 914 1723 951 10

307 985 383 1040 Τῷ
403 979 427 1023 ι’
450 978 528 1024 ἴτει
552 981 591 1024 οἳ
612 977 849 1039 Βούλγαροι
871 980 1058 1037 ἐπῆλθον
1076 983 1128 1039 τῇ
1153 976 1301 1041 Θρᾴκῃ
1312 1011 1326 1033 ,
1361 980 1523 1023 καὶτοῦ
1539 982 1667 1033 βασι-

168 1051 270 1103 λέως
299 1051 396 1095 κατ’
431 1051 568 1094 αὐτῶν
599 1049 925 1109 στρατεύσαντος
958 1049 1163 1107 ἡττῶνται
1191 1048 1387 1105 Ῥωμαῖοι
1420 1050 1488 1092 καὶ
1522 1050 1667 1091 πολλοὶ

167 1123 376 1166 πίπτουσι.
445 1118 700 1177 βουλόμενος
725 1121 772 1164 δὲ
798 1119 820 1164 ὃ
847 1121 1044 1176 βασιλεὺς
1063 1119 1168 1176 ἔχειν
1190 1119 1352 1179 εἰρήνην
1375 1119 1481 1175 μετὰ
1503 1117 1669 1162 πάντων

167 1198 328 1249 στοιχεΐ
343 1189 483 1235 πάκτα
493 1224 507 1244 ,
543 1193 610 1234 καὶ
629 1189 842 1250 ὖποχωρεῖ
858 1194 916 1244 εἷς
938 1189 1136 1247 αἰσχύνην
1156 1191 1210 1235 τὰ
1228 1195 1311 1234 τῶν
1330 1192 1598 1248 Χριστιανῶν
1617 1192 1667 1246 τῇ

166 1260 315 1306 τούτου
342 1261 581 1322 ἀβελτηρίᾳ.
1679 1260 1724 1297 15

299 1329 365 1374 ‘H
383 1332 429 1375 δὲ
453 1329 550 1389 ἁγία
570 1331 639 1374 καὶ
659 1329 917 1387 οῗκουμενικὴ
942 1326 978 1382 ς’
1001 1327 1176 1381 σύνοδος
1198 1328 1358 1387 γέγονεν
1377 1328 1420 1372 ἓν
1440 1330 1670 1372 Κωνσταν-

167 1396 417 1454 τινουπόλει,
451 1400 737 1445 συνελθόντων
758 1399 861 1444 σπθ’
883 1398 1009 1458 ἁγίων
1031 1399 1241 1457 πατέρων,
1277 1400 1319 1442 ἓν
1338 1404 1398 1459 τῷ
1420 1396 1471 1456 ιγ’
1495 1398 1574 1442 ἔτει
1596 1402 1671 1453 τῆς

112 1479 144 1515 ’Β
166 1473 380 1527 βασιλείας
411 1472 726 1515 Κωνσταντίνου
764 1475 839 1514 τοῦ
876 1470 1034 1529 πατρὸς
1059 1471 1372 1514 Ἰουστινιανοῦ·
1416 1464 1467 1525 ἧς
1496 1467 1669 1525 ἡγοῦντο

165 1544 443 1599 ’τοποτηρηταὶ
481 1540 720 1599 Ἀγάθωνος
761 1539 880 1583 πάπα
913 1539 1075 1597 Ῥώμης
1113 1538 1334 1598 Θεόδωρος
1364 1542 1435 1583 καὶ
1466 1541 1508 1581 Γ
1505 1537 1672 1596 εώργιος

164 1610 434 1670 πρεσβύτεροι
471 1614 538 1655 καὶ
571 1609 762 1667 Ἰωάννης
792 1609 982 1663 διάκονος
990 1643 1003 1663 ,
1053 1611 1371 1669 ἀρχιεπίσκοπος
1402 1611 1729 1653 Immotum-20

164 1680 397 1733 νουπόλεως
422 1684 464 1724 Γ
461 1680 629 1739 εώργιος
637 1714 651 1734 ,
691 1679 912 1739 Θεοφάνης
935 1681 1203 1736 Ἀντιοχείας,
1239 1678 1314 1723 ὕπ’
1337 1679 1464 1735 αὐτῆς
1478 1696 1671 1736 χειροτο-

165 1754 308 1807 νηθεὶς
338 1756 412 1808 τῆς
443 1751 618 1796 συνόδου
649 1751 718 1794 διὰ
743 1750 791 1794 τὸ
813 1751 884 1794 τὸν
905 1748 1245 1809 προηγησάμενον
1265 1748 1493 1807 Μακάρων
1511 1752 1670 1792 καθαι-

169 1825 342 1877 ρεθῆναι
368 1820 460 1864 τότε
491 1820 549 1873 ὥς
576 1821 871 1877 ἀπενεχθέντα
888 1827 975 1872 τοῖς
991 1818 1068 1864 ὕπ’
1094 1820 1225 1877 αὐτῆς
1245 1818 1487 1878 ὃρθοδόξως
1510 1820 1670 1877 δογμα-

261 1918 309 1954 23
333 1914 458 1953 αὐτοῦ
481 1917 510 1952 Ρ

166 1997 324 2034 Maviam
349 2003 386 2034 et
409 1998 472 2045 qui
494 2009 571 2033 cum
597 2010 640 2033 eo
667 2001 771 2034 erant
793 2000 1019 2042 terruerunt,
1054 1997 1108 2033 ita
1135 1996 1278 2044 quidem
1301 1999 1343 2032 ut
1365 1997 1565 2044 cogitantes
1593 1997 1670 2033 Ro-

168 2057 305 2081 manum
328 2045 514 2093 imperium
538 2045 661 2080 divino
685 2045 865 2092 praesidio
888 2044 1034 2080 defendi
1056 2045 1195 2091 legatos
1215 2046 1260 2080 ad
1282 2045 1554 2080 Constantinum
1573 2045 1672 2092 pacis

166 2093 344 2139 petendae
378 2104 486 2127 causa
515 2091 686 2127 miserint.
734 2092 766 2127 is
793 2092 1037 2127 Pitzicaudam
1066 2093 1112 2127 ad
1144 2093 1345 2127 Saracenos
1376 2092 1504 2137 mittit,
1534 2103 1672 2138 perque

168 2151 248 2174 eum
271 2150 394 2186 pacem
419 2151 496 2174 cum
521 2139 574 2174 eis
598 2139 777 2186 componit
804 2152 846 2174 ac
869 2138 999 2175 tabulis
1024 2139 1231 2186 consignat,
1256 2150 1298 2173 ea
1320 2138 1525 2175 conditione
1547 2143 1587 2174 ut
1606 2150 1673 2186 per

168 2197 281 2221 annos
305 2185 454 2231 triginta
488 2187 677 2231 quotannis
708 2187 904 2221 Sarraceni
939 2186 1107 2221 Romanis
1140 2187 1340 2233 penderent
1374 2187 1453 2222 auri
1485 2185 1582 2220 milia
1614 2187 1671 2231 10,
1698 2189 1699 2193 ’

168 2244 293 2267 servos
319 2234 406 2278 100,
441 2243 552 2278 equos
575 2245 770 2278 generosos
793 2234 853 2269 50.
902 2234 991 2268 haec
1014 2234 1077 2268 ubi
1097 2236 1337 2280 perceperunt
1357 2233 1386 2268 ii
1406 2232 1471 2279 qui
1494 2233 1672 2267 Occasum

165 2279 389 2324 incolebant,
427 2279 545 2315 missis
577 2280 623 2314 ad
651 2280 902 2326 imperatorem
935 2280 1041 2315 donis
1074 2292 1198 2327 pacem
1235 2279 1453 2326 petiverunt.
1502 2290 1606 2325 quam
1638 2279 1673 2313 is

166 2338 288 2361 eorum
320 2327 521 2361 concedens
554 2327 721 2374 petitioni
753 2327 886 2363 sanxit.
932 2327 986 2362 ita
1017 2331 1055 2362 et
1085 2327 1125 2363 in
1160 2326 1311 2363 Oriente
1344 2333 1382 2363 et
1411 2327 1451 2362 in
1474 2326 1673 2362 Occidente

165 2384 293 2419 magna
318 2373 388 2408 fuit
414 2373 530 2419 quies.

259 2421 362 2455 Anno
391 2420 527 2455 decimo
557 2420 705 2466 Bulgari
729 2421 921 2456 Thraciam
949 2420 1174 2459 invaserunt.
1224 2431 1373 2466 cumque
1397 2420 1586 2456 adversum
1611 2431 1674 2455 eos

166 2466 364 2513 imperator
393 2467 577 2513 duxisset,
613 2468 764 2503 Romani
793 2468 883 2503 victi
914 2473 1018 2513 sunt,
1053 2468 1224 2514 multique
1253 2468 1465 2503 desiderati.
1521 2479 1599 2502 cum
1629 2466 1676 2502 iis

166 2513 363 2559 imperator
385 2519 526 2560 pactum
551 2514 634 2559 icit,
660 2516 777 2550 omnia
801 2515 949 2562 cupiens
975 2515 1109 2551 habere
1133 2519 1282 2562 pacata3
1307 2514 1456 2561 eiusque
1477 2514 1674 2550 stoliditate

168 2571 227 2595 res
254 2560 460 2595 Christiana
485 2562 638 2596 dedecus
663 2563 817 2609 accepit.

261 2606 364 2642 Anno
389 2608 616 2643 Constantini
640 2609 761 2655 huius,
787 2608 850 2655 qui
875 2608 983 2644 filium
1006 2608 1131 2644 habuit
1153 2608 1412 2654 Iustinianum,
1441 2619 1551 2654 supra
1573 2607 1673 2642 deci-

170 2663 261 2687 mum
292 2654 399 2691 tertio
431 2661 533 2690 sexta
563 2661 687 2691 sancta
711 2662 747 2691 et
770 2655 984 2691 universalis
1007 2657 1166 2701 synodus
1191 2655 1296 2702 Cpoli
1319 2656 1410 2699 fuit,
1447 2655 1605 2690 collectis
1629 2666 1673 2689 eo

168 2700 239 2734 289
263 2701 394 2735 sanctis
418 2702 594 2747 patribus.
643 2703 823 2750 principes
849 2703 996 2737 fuerunt
1018 2703 1218 2748 Agathonis
1245 2715 1361 2750 papae
1385 2702 1536 2738 Romani
1559 2702 1674 2737 locum

168 2750 356 2800 tenentes,
392 2747 606 2784 Theodorus
630 2762 672 2785 ac
697 2750 878 2795 Georgius
902 2749 1109 2796 presbyteri
1134 2755 1171 2785 et
1194 2751 1347 2785 Ioannes
1371 2750 1561 2794 diaconus,
1598 2755 1671 2784 tum

168 2793 348 2837 Georgius
373 2794 582 2839 Cpolitanus
606 2802 644 2832 et
666 2796 906 2842 Theophanes
931 2796 1153 2832 Antiocheae
1180 2796 1454 2843 archiepiscopi,
1481 2797 1540 2831 hic
1557 2795 1671 2842 ipsius

168 2843 240 2873 tum
274 2839 416 2874 concilii
446 2842 626 2887 suffragiis
660 2843 841 2888 delectus,
877 2849 972 2879 moto
997 2843 1172 2889 dignitate
1196 2844 1377 2889 Macerio,
1410 2843 1505 2889 quod
1530 2843 1607 2878 eius
1631 2854 1672 2876 se

169 2896 277 2921 sanae
310 2885 477 2933 religioni
509 2890 785 2935 congruentibus
809 2891 964 2927 decretis
988 2896 1200 2938 opponeret.
1247 2892 1470 2938 gubernabat
1492 2895 1565 2926 tum
1587 2888 1671 2925 Ale—
