1742 3184
187 184 220 233 6
224 183 289 232 86
669 182 912 230 GEORGII
944 181 1194 227 CEDRENI

41 305 68 341 P
92 306 163 344 388
328 304 403 360 Τῷ
433 297 497 356 λη’
528 298 607 345 ἔτει
635 302 802 361 τελευτᾷ
830 296 1076 357 Βελισάριος
1102 296 1124 342 ὃ
1153 296 1364 356 πατρίκιος
1383 296 1425 347 ἓν
1445 298 1671 357 Βυζαντίῳ.

183 367 317 430 τούτῳ
340 375 398 429 τῷ
422 370 499 413 ἔτει
522 368 724 426 Εὗτόχιος
747 368 1005 427 πατριάρχης
1031 366 1504 419 Κωνσταντινουπόλεως
1531 371 1671 426 καθῃ-

185 441 293 500 ρέθη
328 442 396 483 καὶ
427 441 634 497 ἐξωρίσθη
667 440 708 482 ἐν
739 439 934 499 Ἀμασία
960 436 1040 481 ὑπὸ
1066 437 1384 490 Ἰουστινιανοῦ,
1421 439 1490 480 καὶ
1513 438 1671 494 γέγονεν

186 511 278 555 ἄντ’
317 511 444 553 αὐτοῦ
474 509 673 565 Ἰωάννης
706 508 787 552 ἀπὸ
819 512 1111 564 σχολαστικῶν.
1181 509 1237 559 εἷς
1269 508 1315 550 δὲ
1344 507 1396 550 τὰ
1421 507 1516 562 τέλη
1544 508 1670 550 αὐτοῦ

179 578 473 630 Ἰουστινιανός
493 579 539 622 τὸ
562 580 652 637 περὶ
675 583 873 637 φθαρτοῦ
891 579 959 621 καὶ
979 575 1204 636 ἀφθάρτου
1226 575 1395 633 κινήσας
1413 574 1568 633 δόγμα,
1603 579 1704 620 καὶὸ

181 649 338 694 ,ῗὸικτον
356 652 566 704 πανταχοῦ
583 649 882 704 καταπέμψας,
920 647 1136 704 ἀλλότριος
1152 651 1226 702 τῆς
1244 647 1449 702 εὐσεβείας
1465 651 1570 690 θεοῦ
1585 648 1672 690 ἓτε-

183 718 373 775 λεύτησε,
403 717 653 772 βασιλεύσας
683 718 750 775 ἔτη
783 716 846 774 λη’
879 722 1013 774 μῆνας
1042 716 1074 770 ζ’
1104 715 1262 775 ἡμέρας
1289 715 1354 774 ιγ’.
1424 718 1492 759 καὶ
1522 715 1673 773 γίνεται

182 787 331 833 τούτου
359 786 551 843 διάδοχος
573 786 594 830 ὁ
615 788 786 844 ἀνεψιὸς
813 788 939 831 αὐτοῦ
966 787 1192 838 Ἰουστῖνος
1209 784 1230 829 ὃ
1250 785 1606 846 κουροπαλάτης.·.
1643 785 1671 843 ἦ

184 860 230 902 δὲ
253 857 481 913 Αὖγοῢστα
506 856 707 916 Θεοὸὥρα
730 855 1080 916 προετελεύτησεν.

127 932 158 968 Β
315 927 543 980 Ἰουστῖνος
564 925 585 971 ὃ
607 926 856 985 ὀρθόὸοξος,
891 925 912 970 ὅ
940 926 1079 987 Θρᾷξ,
1110 924 1370 980 ἐβασίλευσεν
1388 922 1545 982 ξ’τη·ιγ’.
1599 919 1672 969 οὗ·
1685 932 1730 968 10

182 1013 253 1048 τος
274 991 325 1051 ἦν
348 1001 398 1055 τῇ
428 998 518 1058 ῗδέιιι
545 997 694 1053 εὖῆλιξ,
722 995 897 1049 πλατύς,
919 996 1098 1053 εὕογκος,
1124 992 1397 1051 ῧπόγλαυκος,
1420 990 1672 1048 ὖπόξανθος,

181 1067 385 1120 σπανίζων
415 1067 491 1122 τὴν
519 1066 719 1124 γενειάδα,
751 1066 895 1119 δειλός,
930 1065 1156 1122 ὀξύθυμος,
1178 1064 1285 1119 μετ’
1314 1064 1450 1122 ὀλίγον
1475 1066 1520 1108 δὲ
1544 1082 1674 1122 μεγα-

182 1134 390 1192 λόψυχος,
434 1138 777 1193 ἀπονενοημένος,
821 1134 1086 1191 ἃσῦμβουλος
1131 1134 1184 1178 τὰ
1230 1135 1355 1177 πλείω
1399 1137 1674 1192 φιλοκτίστης,

181 1203 486 1264 μεγαλόδωρος.
555 1205 704 1251 τούτου
733 1206 834 1264 γυνὴ
857 1207 1008 1265 Σοφία.
1077 1204 1263 1262 ε’στέφθη
1297 1204 1342 1247 δὲ
1369 1202 1451 1247 ὑπὸ
1475 1203 1673 1249 Ἰωάννου

181 1274 438 1334 πατριάρχου
470 1280 546 1320 τοῦ
578 1276 659 1320 ἀπὸ
690 1280 985 1333 σχολαστικῶν.
1053 1274 1225 1330 εὐσεβὴς
1261 1275 1306 1316 δὲ
1335 1272 1394 1317 ὢν
1421 1273 1673 1331 ἐπεκόσμησε
1686 1280 1730 1316 15

180 1345 258 1396 τ’ἀς
281 1346 497 1401 ἐκκλησίας
516 1347 591 1398 τὰς
613 1348 850 1398 κτισθείσας
874 1344 954 1389 ὕπὸ
984 1345 1305 1397 Ἲουστινιανοῦ,
1330 1341 1403 1399 τήν
1427 1362 1471 1388 τε
1494 1345 1675 1402 μεγάλην

181 1415 398 1471 ἐκκλησίαν
404 1447 419 1471 ,
453 1415 552 1467 τοὺς
577 1414 718 1473 ἁγίους
745 1414 1024 1467 ἀποστόλους,
1059 1416 1127 1457 καὶ
1147 1413 1222 1464 τὰς
1242 1411 1412 1466 λοιπάς,
1443 1414 1675 1472 χαρισάμε-

181 1502 251 1536 νος
280 1485 423 1536 αὗταΐς
447 1484 636 1541 κειμήλια
664 1487 734 1530 καὶ
764 1485 913 1529 ἔπιπλα
935 1486 1003 1528 καὶ
1024 1489 1161 1528 πᾶσαν
1179 1482 1399 1540 πρόσοδον.
1468 1484 1675 1529 ἀπέστειλε

179 1555 226 1598 δὲ
245 1554 316 1598 τὸν
336 1555 474 1609 ἆββᾶν
498 1555 704 1599 Φωτεινὸν
722 1555 794 1599 τὸν
813 1555 1014 1614 προγονὸν
1034 1555 1282 1611 Βελισαρίου
1292 1586 1306 1606 ,
1342 1553 1441 1605 δοὺς
1461 1554 1575 1613 αὐτῷ
1592 1560 1676 1598 πᾶ·-

125 1635 158 1671 C
182 1641 260 1668 σαν
287 1625 475 1676 ἐξουσίαν
494 1630 568 1668 τοῦ
587 1628 816 1683 εἷρηνεῧσαι
847 1625 924 1676 τὰς
956 1624 1172 1680 ἐκκλησίας
1202 1621 1419 1679 Αἰγύπτου
1447 1626 1515 1666 καὶ
1544 1625 1734 1669 ’Ate-20

180 1694 408 1751 ξανὸρείας.
478 1688 600 1746 οὗτος
622 1693 643 1737 ὃ
663 1695 890 1746 ’Ῑουστῖνος
911 1698 1090 1748 συνεχῶς
1107 1692 1425 1748 νοσηλευόμενος
1441 1695 1510 1736 καὶ
1530 1711 1677 1738 σκοτο-

181 1765 320 1807 δινιῶν
339 1765 407 1806 καὶ
425 1763 485 1819 μὴ
509 1763 733 1820 δυνάμενος
753 1765 1033 1823 προέρχεσθαι
1044 1794 1057 1814 ,
1092 1763 1181 1805 ἐπεί
1203 1779 1307 1812 τινες
1323 1762 1428 1805 κατὰ
1447 1767 1530 1806 τῶν
1549 1766 1675 1807 ὁυνα-

181 1836 290 1876 στιῦν
320 1833 502 1890 ἐγκαλεῖν
532 1833 606 1876 οὐκ
640 1831 769 1889 εἶχον,
815 1834 855 1877 οἳ
893 1831 1093 1877 δυνάσται
1129 1831 1240 1882 τινὸς
1267 1831 1327 1887 μὴ
1361 1831 1594 1890 φειδόμενοι
1623 1835 1676 1879 τὰ

272 1989 375 2024 Anno
397 1989 442 2026 58
467 1989 618 2026 moritur
640 1990 835 2027 Belisarius
859 1988 1033 2037 patricius
1055 1987 1238 2034 Byzantii.
1286 1988 1410 2032 eodem
1440 2001 1532 2025 anno
1565 1990 1678 2026 Iusti-

180 2034 307 2071 nianus
330 2037 547 2081 Eutychium
570 2038 807 2084 patriarcham
827 2038 1052 2084 Cpolitanum
1075 2048 1140 2071 sua
1163 2035 1351 2082 spoliatum
1373 2036 1549 2081 dignitate
1570 2038 1678 2073 Ama-

179 2094 277 2118 seam
298 2083 455 2128 relegat3
481 2084 586 2130 eique
609 2084 787 2120 sufficitur
808 2085 960 2120 Ioannes
983 2082 1232 2118 scholasticus.
1281 2083 1324 2117 ad
1351 2088 1544 2119 extremum
1568 2085 1680 2120 Iusti-

178 2129 306 2164 nianus
341 2130 545 2177 opinionem
581 2131 625 2167 de
659 2131 882 2178 corruptibili
915 2136 952 2166 et
980 2128 1244 2176 incorruptibili
1274 2128 1312 2163 in
1341 2130 1492 2166 medium
1516 2132 1678 2179 protulit,

180 2175 368 2222 edictoque
401 2189 444 2212 ea
475 2178 521 2212 de
553 2189 594 2213 re
627 2178 865 2213 circummisso
897 2178 1033 2213 alienus
1058 2188 1079 2211 a
1102 2188 1190 2211 vera
1211 2175 1386 2221 religione
1408 2177 1484 2212 vita
1510 2180 1678 2226 excessit,

180 2233 258 2257 cum
295 2222 508 2270 imperasset
542 2236 653 2260 annos
685 2225 834 2271 triginta
869 2229 973 2268 octo,
1009 2235 1148 2258 menses
1182 2227 1342 2278 septem,
1381 2222 1459 2260 dies
1493 2225 1680 2262 tredecim.

179 2270 353 2305 successit
383 2270 419 2305 ei
447 2271 605 2306 Iustinus
636 2271 861 2319 curopalates
890 2282 1016 2307 sorore
1047 2269 1237 2305 Iustiniam
1270 2274 1396 2317 natus,
1435 2278 1574 2308 mortua
1608 2273 1678 2311 iam

178 2321 263 2352 aute
287 2317 481 2353 Theodora
502 2318 679 2364 Augusta.

267 2385 425 2421 Iustinus
449 2386 567 2432 patria
590 2387 737 2433 Thrax,
762 2386 1002 2431 orthodoxus,
1025 2384 1217 2432 imperavit
1236 2396 1347 2421 annos
1369 2387 1553 2424 tredecim.
1603 2393 1679 2425 sta-

179 2434 260 2466 tura
284 2432 355 2467 fuit
376 2432 489 2479 iusta,
513 2434 626 2480 latus,
651 2434 817 2480 grandis,
832 2433 1067 2479 subcaesius,
1090 2431 1293 2477 subfuhus,
1317 2444 1400 2468 rara
1417 2436 1547 2481 barba,
1573 2437 1679 2471 meti-

180 2478 342 2522 culosus,
375 2480 421 2514 ad
453 2480 542 2516 iram
574 2481 757 2527 proclivis.
806 2481 913 2527 paulo
936 2484 1018 2526 post
1042 2480 1156 2513 factus
1182 2484 1237 2514 est
1261 2479 1387 2515 elatior
1409 2482 1540 2526 animi,
1576 2483 1679 2518 stoli—

179 2523 268 2569 dus,
306 2525 477 2572 pleraque
506 2527 599 2562 nullo
625 2528 772 2562 consilio
799 2538 930 2573 agens,
966 2525 1143 2560 condendi
1174 2525 1375 2571 studiosus,
1409 2528 1616 2573 magnificus
1640 2530 1679 2564 in

178 2570 356 2607 donando.
404 2583 494 2608 uxor
530 2575 606 2610 eins
641 2574 710 2609 fuit
741 2573 891 2620 Sophia.
941 2579 1131 2608 coronatus
1157 2577 1213 2607 est
1237 2573 1282 2607 ab
1305 2573 1440 2608 Ioanne
1464 2576 1678 2612 scholastico

179 2617 396 2663 patriarcha.
445 2631 522 2655 cum
547 2625 664 2656 autem
715 2620 770 2655 ius
795 2625 910 2665 esset,
935 2619 1068 2665 templa
1091 2631 1111 2653 a
1135 2619 1331 2654 Iustiniano
1358 2621 1501 2657 condita
1523 2635 1677 2658 exorna-

180 2663 252 2706 vit,
287 2669 328 2700 ut
355 2676 536 2711 magnum,
569 2633 829 2713 apostolorum,
863 2672 902 2701 et
932 2666 1091 2710 reliqua,
1125 2665 1282 2700 donariis
1306 2671 1342 2701 et
1365 2668 1609 2703 instrumentis
1635 2681 1678 2704 ea

179 2709 369 2757 redituque
389 2712 566 2748 instruens
585 2713 697 2760 largo.
746 2713 843 2748 misit
867 2712 974 2748 etiam
997 2711 1186 2747 Photinum
1205 2713 1390 2759 abbatem,
1412 2714 1580 2750 Belisarii
1599 2717 1676 2761 pri·

179 2755 345 2801 vignum,
373 2769 449 2794 cum
478 2760 581 2805 plena
602 2765 782 2808 potestate
800 2771 925 2807 pacem
945 2759 983 2794 in
1004 2758 1165 2793 ecclesiis
1188 2760 1346 2804 Aegypti
1371 2764 1409 2795 et
1430 2761 1677 2797 Alexandreae

180 2803 404 2839 conciliandi.
453 2805 609 2842 Iustinus
642 2807 701 2842 hic
732 2819 810 2842 cum
833 2807 961 2841 crebro
985 2811 1191 2850 aegrotaret
1212 2817 1256 2840 ac
1282 2806 1460 2852 vertigine
1484 2814 1677 2843 vexaretur

179 2859 296 2894 neque
317 2849 355 2884 in
378 2851 556 2896 publicum
579 2854 725 2900 prodire
751 2858 898 2900 posset,
921 2856 1086 2899 potentes
1112 2851 1275 2897 qnidam,
1304 2852 1390 2898 quia
1412 2855 1457 2889 ad
1481 2855 1675 2901 imperato-

179 2905 253 2931 rem
275 2896 440 2942 querelae
461 2898 506 2934 de
524 2900 569 2935 iis
592 2900 715 2937 afferri
734 2911 805 2936 non
827 2904 992 2946 possent,
1017 2898 1148 2934 nemini
1170 2904 1360 2945 parcentes
1384 2902 1537 2937 omnium
1560 2900 1674 2937 facul-
