1742 3184
564 162 1025 211 PRAEFATIO.
1472 179 1538 210 xv

45 303 143 347 gans
166 290 297 344 pastor
323 281 459 340 merito
476 282 620 327 odisse
643 280 718 332 ait,
759 277 852 325 ἴσον
880 279 1002 338 &paug
1032 283 1203 339 κορυφᾷ
1226 279 1381 325 τελέσαι
1407 277 1538 337 δόμον

48 356 340 413 ω’ρομέδοντος.
398 361 438 397 et
470 354 619 411 quidem
638 356 813 400 Graecae
849 352 1005 410 linguae
1037 366 1104 393 usu
1125 349 1336 393 Cedrennm
1372 349 1418 392 iis
1447 365 1540 408 quos

46 425 233 469 nominavi
250 424 365 467 multo
383 422 601 467 inferiorem
621 439 721 475 esse,
751 422 940 479 multoque
961 420 1080 462 minus
1099 419 1138 462 in
1155 434 1223 462 suo
1243 418 1328 462 soro
1348 419 1537 470 disertum,

46 510 121 537 non
140 493 338 537 difficulter
352 492 563 536 iudicabunt
591 494 777 544 lectores;
810 507 884 550 quo
903 490 1023 533 minus
1041 488 1159 531 habet
1184 488 1299 530 etiam
1328 488 1428 545 quod
1450 503 1536 530 con-

44 571 240 620 queratur,
275 562 310 604 si
341 562 478 605 Latine
508 563 636 620 purius
668 563 696 606 ii
724 560 948 618 nitidiusque
968 558 1053 616 ipso
1074 556 1283 615 loquuntur.
1341 573 1389 599 ac
1408 558 1540 600 nese-io

44 632 230 688 quomodo
247 631 343 675 mihi
361 631 495 675 accidit
521 639 562 675 ut
592 631 776 675 interdum
804 629 960 679 invitus,
987 626 1110 684 magis
1138 634 1264 670 tamen
1293 626 1425 677 solito,
1455 626 1537 668 hal-

42 701 204 744 butirem
232 702 317 757 ipse
340 702 475 751 etiam,
507 701 592 743 dnm
618 699 836 758 praeeuntis
864 696 984 741 verba
1011 696 1221 753 subsequor
1256 703 1298 738 et
1321 697 1539 753 exprimere

45 784 175 812 conor.
231 769 308 812 sed
320 767 396 811 hoc
413 768 590 828 quidquid
610 778 668 813 est
700 768 814 822 mali,
845 765 1115 826 aequanimitas
1141 765 1324 809 lectorum
1343 765 1408 810 vel
1429 765 1536 807 dissi-

44 837 199 881 mulabit
223 836 288 880 vel
314 838 497 897 corriget.

157 930 356 988 Postquam
375 945 456 983 vos,
486 930 722 975 Maecenatis
749 930 900 974 nomine
930 925 1141 988 dignissimi
1159 926 1324 979 heroes,
1348 925 1447 970 ultro
1466 941 1537 984 pro

44 1008 170 1044 vestra
200 999 437 1058 benignitate
470 1000 520 1044 de
552 1016 614 1044 mc
647 1001 807 1044 honeste
827 1000 1051 1048 sentientes,
1082 995 1285 1054 impulsore
1302 997 1466 1039 maxime
1485 997 1534 1037 D.

44 1069 237 1113 Ludovico
256 1070 409 1120 Carino,
430 1084 524 1112 sene
542 1069 659 1128 longe
679 1070 894 1113 doctissimo
913 1081 1082 1124 veroque
1099 1066 1295 1108 officiosae
1314 1066 1354 1109 in
1373 1065 1538 1107 cultores

42 1139 225 1182 bonarum
243 1141 377 1183 artium
405 1137 641 1181 humanitatis
661 1138 838 1196 exemplo
853 1173 864 1189 ,
898 1137 1081 1194 vobisque
1100 1150 1175 1178 non
1192 1135 1335 1192 absque
1354 1134 1535 1192 gravissi·

42 1209 115 1252 mis
133 1210 254 1251 causis
280 1216 319 1252 et
337 1208 482 1251 meritis
500 1201 691 1251 carissimo
714 1217 751 1252 et
770 1208 1049 1265 acceptissimo,
1080 1205 1131 1248 de
1158 1219 1225 1247 me
1245 1212 1369 1246 autem
1398 1202 1536 1246 iamdiu

42 1278 95 1319 ita
114 1277 249 1332 merito
268 1284 306 1318 ut
321 1278 526 1334 gratiarum
549 1279 733 1321 actionem
764 1278 876 1335 (quas
896 1276 994 1318 enim
1015 1275 1157 1332 possim
1175 1288 1246 1331 pro
1265 1280 1320 1315 tot
1338 1271 1536 1315 beneficiis

42 1345 116 1386 hac
135 1360 222 1386 mea
241 1345 453 1387 conditione
470 1346 618 1387 reterre
629 1346 671 1399 2²)
690 1346 754 1388 hic
772 1346 876 1388 locus
894 1345 1047 1402 dignam
1066 1359 1142 1386 non
1160 1343 1296 1401 capiat,
1317 1341 1537 1384 memoriam

42 1421 166 1453 autem
187 1411 236 1452 ab
255 1425 305 1453 eo
325 1411 364 1453 in
384 1426 447 1454 me
470 1412 719 1469 prosectarum
749 1413 1048 1454 commoditatum
1077 1427 1139 1454 me
1160 1412 1248 1454 vivo
1271 1411 1366 1453 nihil
1398 1411 1445 1452 sit
1467 1410 1535 1451 ob-

40 1480 287 1529 literaturam
328 1480 567 1523 suadentibus
590 1481 690 1523 idem
708 1495 791 1522 cnm
810 1479 895 1521 aliis
915 1480 1103 1536 primariis
1119 1479 1210 1522 viris
1226 1488 1302 1522 tum
1321 1479 1404 1536 ipso
1425 1479 1539 1521 etiam

41 1547 203 1599 Wolfio,
233 1547 295 1604 qui
324 1548 438 1603 (nihil
457 1549 532 1592 iam
551 1550 600 1592 de
620 1549 735 1607 ipsius
758 1549 929 1591 laudibus
950 1549 1084 1599 dicam,
1115 1563 1199 1591 cum
1219 1548 1538 1605 praedicationem

41 1632 164 1660 meam
183 1616 389 1669 excedant,
414 1633 537 1676 neque
564 1618 639 1662 hoc
659 1618 730 1660 sibi
759 1617 894 1676 reponi
912 1617 1074 1660 muneris
1093 1632 1163 1674 pro
1189 1616 1266 1658 suis
1288 1617 1432 1659 meritis
1452 1618 1538 1674 ipse

42 1686 185 1744 cupiat)
207 1685 431 1730 abundantia
452 1688 610 1744 quadam
637 1687 778 1730 amoris
808 1702 959 1744 semper
987 1701 1049 1729 me
1074 1694 1290 1744 prosecutus
1318 1686 1424 1744 quasi
1443 1685 1536 1728 lam-

41 1756 177 1813 padem
196 1754 295 1797 hanc
315 1754 353 1796 in
371 1754 592 1800 decursione
611 1756 816 1800 vertendae
837 1756 1011 1799 Graecae
1031 1755 1212 1797 historiae
1230 1764 1335 1798 recte
1360 1770 1403 1797 se
1424 1755 1536 1798 tradi-

41 1833 158 1867 turum
178 1823 271 1866 mihi
291 1823 533 1876 existimavit;
561 1835 755 1884 postquam
784 1840 882 1883 ergo
915 1824 1079 1868 Cedreni
1110 1823 1353 1867 convertendi
1383 1824 1535 1881 provin-

41 1893 136 1935 cIam
155 1893 247 1935 mihi
266 1892 473 1935 credidistis
492 1894 551 1949 (id
571 1897 669 1953 quod
688 1894 779 1937 mihi
799 1894 888 1956 fuit,v
902 1902 942 1937 ut
959 1894 1098 1945 debuit,
1124 1893 1407 1952 gratissimum),
1433 1894 1535 1950 equi-

24 1963 127 2005 dem
147 1961 186 2003 in
204 1961 278 2004 hoc
301 1960 447 2004 incubui
479 1971 517 2006 ut
536 1964 807 2022 exspectationi
826 1971 976 2007 vestrae
995 1963 1162 2021 meisque
1180 1962 1372 2021 promissis
1390 1972 1534 2005 mature

40 2039 80 2074 et
100 2029 262 2073 fideliter
278 2029 549 2075 satisfacerem.
606 2035 732 2077 omnia
762 2033 939 2092 expeditu
969 2032 1096 2074 facilia
1127 2032 1211 2075 fore
1231 2032 1355 2073 animo
1375 2047 1531 2088 praece-

40 2115 195 2157 peram,
224 2099 385 2143 fortasse
414 2116 490 2143 non
506 2101 616 2144 nimis
642 2112 867 2162 arroganter
881 2138 892 2154 ,
927 2110 965 2144 ut
985 2101 1047 2158 qui
1072 2116 1148 2143 non
1165 2117 1262 2144 nunc
1279 2101 1437 2158 primum
1457 2101 1532 2142 hoc

40 2183 162 2226 genus
180 2167 238 2211 rei
261 2169 488 2211 tractandum
507 2171 748 2229 susciperem.
808 2172 878 2214 sed
909 2171 946 2213 in
964 2185 1172 2228 progressu
1192 2178 1316 2214 tamen
1334 2170 1371 2212 id
1393 2184 1526 2227 exper-

38 2244 97 2279 tus
114 2252 195 2280 sum
222 2237 320 2295 qnod
338 2237 501 2281 Alcaeus
519 2240 610 2284 olim
633 2241 831 2300 eleganter
850 2239 1005 2283 cecinit:

318 2331 445 2374 delata
472 2331 510 2375 in
539 2331 651 2378 altum
679 2349 763 2376 cum
789 2332 908 2376 semel
938 2338 994 2375 est
1022 2345 1150 2383 mare,

317 2414 533 2458 quocunque
560 2410 764 2460 tempestas
795 2402 965 2454 vocabit,

320 2476 359 2512 ut
386 2468 454 2513 tibi
480 2471 587 2513 navis
615 2479 678 2515 eat
706 2486 864 2519 neeesse
892 2480 962 2515 est.

40 2558 152 2600 multa
187 2573 294 2617 spem
331 2573 456 2603 meam
493 2561 719 2608 fefellerunt.
798 2565 911 2609 incidi
949 2565 988 2608 in
1028 2564 1115 2607 loca
1162 2561 1225 2606 vel
1262 2560 1423 2605 obscura
1462 2562 1528 2604 vel

39 2627 165 2669 mutila
201 2643 340 2687 saepe;
406 2629 470 2674 ubi
506 2646 588 2674 cum
616 2633 762 2676 nonnisi
798 2650 888 2678 unus
926 2634 1048 2678 codex
1084 2631 1176 2679 mihi
1214 2641 1317 2674 esset
1344 2640 1406 2674 ³¹¹1
1436 2630 1527 2672 alibi

38 2696 174 2739 eadem
205 2705 269 2740 aut
299 2697 436 2741 similia
473 2701 680 2760 perscripta
722 2702 760 2745 in
791 2711 961 2759 promptu
993 2717 1069 2745 non
1110 2700 1315 2752 haberem,
1365 2699 1527 2757 oportuit

38 2779 99 2806 me
130 2764 305 2809 haerere.
362 2768 595 2812 coniecturas
629 2771 710 2814 scio
743 2771 883 2829 aliquid
917 2787 1032 2829 posse
1045 2807 1057 2824 ,
1098 2772 1167 2814 sed
1200 2785 1275 2814 eae
1311 2784 1433 2828 neque
1465 2784 1524 2811 sa·

35 2832 85 2874 tis
116 2842 217 2878 tutae
254 2835 452 2893 aliqnando
491 2848 599 2892 sunt,
651 2849 689 2884 et
724 2857 801 2890 uon
841 2855 929 2887 raro
962 2843 1061 2902 quod
1095 2841 1321 2887 coniicerem
1356 2847 1418 2884 aut
1450 2853 1525 2894 ‘1¹¹⁰
