1742 3184
391 166 794 232 msfrozmmm
830 174 1227 221 οοΜΡΕΝυῙυΜ.
1448 176 1548 224 211

69 282 267 344 Μῆδέιαν
280 288 357 345 τὴν
373 293 448 333 τοῦ
466 287 670 344 βασιλέως
681 289 886 344 Κολχίδος
903 286 1133 347 θυγατέρα,
1154 289 1335 342 Ἰάσονος
1354 292 1549 349 &pao-‘ha-

67 375 161 411 σαν,
195 357 427 414 ἀνελόμενοι
444 356 719 416 ὖπέστρεψαν.
770 357 862 402 τότε
882 360 950 401 καὶ
974 360 1099 417 Τρὼς
1117 364 1192 416 τῆς
1215 363 1393 419 Φρυγῶν
1405 360 1549 419 χώρας

65 421 203 486 ἦρχεν,
224 426 260 471 ’ὅ
274 427 384 472 Ἴλου
405 429 473 470 καὶ
497 425 770 483 Γανυμήδους
789 426 940 486 πατήρ.
993 423 1114 481 οὗτος
1134 429 1209 474 δύο
1229 429 1367 482 πόλεις
1387 433 1544 490 Τροίαν
1565 435 1595 470 Β

66 497 267 540 καὶἼλιον
289 494 550 556 ᾠκοδόμησε,
586 497 655 539 καὶ
675 497 773 547 τοὺς
793 497 1078 554 ἀστυγείτονας
1107 501 1164 551 εἷς
1188 500 1260 543 τὸν
1289 501 1546 557 ἓγκαινισμόν

28 577 52 612 5
63 571 145 609 τῶν
162 564 321 609 πόλεων
338 564 719 625 προσκαλεσάμενος
736 571 811 609 τοῦ
826 568 1086 623 Μυκηναίων
1107 567 1358 621 ἅνάσσοντος
1378 569 1544 613 Ταντά-

60 640 138 678 λου
164 634 409 679 ἐπελάθετο·
446 635 492 687 ὃς
518 637 586 678 καὶ
615 638 671 686 εἰς
699 635 858 693 ἔχθραν
887 637 1000 695 αὐτῷ
1023 637 1093 680 διὰ
1113 643 1233 682 τοῦτο
1261 639 1542 696 ἀπεκατέστη.

57 700 110 760 ἦν
131 706 176 748 δὲ
193 703 361 763 ἵνΤρϊὸς
383 704 464 763 πρὸ
483 709 556 760 τῆς
573 709 656 748 τῶν
674 703 832 749 πόλεων
851 707 1072 762 οῗκοδομῆς
1088 706 1308 763 εὐξάμενος
1334 708 1456 765 εὐχὴν
1480 715 1539 769 τῷ

2 811 6 813 ,
55 774 152 826 Διί,
194 772 351 826 θυσίας
370 776 576 832 καὶήδῶρα
594 775 763 829 πέμπων
784 776 841 826 εἷς
856 774 1073 833 Εὐρώπην.
1144 779 1213 820 καὶ
1233 778 1316 821 ἐπεὶ
1339 778 1383 820 αἱ
1403 777 1541 830 πόλεις

55 843 341 900 ἓτελὲσθησαν,
363 843 436 887 τὸν
454 843 704 899 Γανυμήδην
724 844 800 887 σὺν
814 843 989 902 ἀνδράσι
1005 844 1252 902 πεντήκοντα
1274 846 1390 904 δῶρά
1407 865 1449 891 τε
1467 850 1536 891 καὶ

0 916 45 960 10
54 914 207 964 θυσίας
222 913 326 971 πρὸς
342 912 388 956 τὸ
406 917 479 957 τοῦ
500 913 604 964 Διὸς
626 913 733 971 ἱερὸν
753 914 955 968 ἐκπέμπει.
1002 914 1217 967 Τάνταλος
1241 917 1286 959 δὲ
1308 915 1429 959 δόλον
1447 919 1535 973 οἵη-

50 984 157 1034 θείς,
181 980 355 1037 δύναμιν
376 983 620 1034 ἀποστείλας
637 981 797 1040 ἥρπασε
819 983 1069 1040 Γανυμήδην
1087 987 1154 1027 καὶ
1171 985 1267 1036 τοὺς
1280 985 1366 1039 μετ’
1390 986 1531 1039 αὐτοῦ,

50 1052 99 1094 οἳ
115 1054 183 1095 καὶ
204 1051 340 1110 ξ’λεγον
364 1044 518 1103 θυσίας
538 1054 713 1107 κομίζειν
734 1057 792 1110 τῷ
813 1053 1045 1112 Εὐρωπαίῳ
1070 1041 1157 1097 Διί.
1228 1053 1250 1097 ὃ
1273 1056 1317 1097 δὲ
1334 1056 1376 1096 Γ
1372 1055 1531 1111 ανυμῆ-

50 1122 126 1177 δης
147 1120 215 1164 διὰ
235 1121 313 1180 τὴν
333 1119 528 1177 αἰσχύνην
552 1121 641 1176 ἅμα
661 1123 730 1164 καὶ
749 1117 821 1164 τὸν
840 1122 974 1180 φόβον
994 1122 1218 1180 ἄρριοστεῖ,
1254 1125 1321 1166 καὶ
1343 1123 1527 1181 συγγνώ-
1552 1138 1582 1173 c

45 1208 130 1246 μης
154 1189 342 1247 τυγχάνει
353 1223 366 1243 ,
403 1191 511 1234 ἀλλὰ
531 1191 626 1246 μετ’
658 1191 793 1247 ὀλίγον
811 1196 990 1252 τελευτᾷ.
1061 1195 1129 1235 καὶ
1149 1193 1202 1236 τὰ
1221 1193 1298 1248 μὲν
1318 1196 1434 1250 δῶρα
1455 1200 1531 1238 τοῦ

0 1268 36 1306 [5
48 1257 267 1303 Ταντάλου
287 1259 550 1311 κελεύσαντος
566 1265 627 1319 τῷ
648 1260 742 1319 ἱερῷ
763 1266 838 1303 τοῦ
858 1262 965 1313 Διὸς
985 1260 1171 1318 ἀπεδόθη
1179 1295 1193 1314 ,
1239 1262 1288 1305 τὸ
1311 1263 1355 1305 δὲ
1379 1266 1527 1319 λείψα-

42 1346 114 1373 νον
133 1329 261 1372 mito&
292 1330 335 1371 ἓν
358 1334 418 1387 τῷ
435 1334 520 1389 ναῷ
542 1329 659 1373 ἔνδον
678 1330 871 1385 ἄπετέθη.
942 1332 1130 1374 ἐντεῦθεν
1151 1330 1433 1386 ἓμυθεύσαντο
1456 1334 1527 1376 τὸν

41 1399 130 1441 Δία
149 1396 363 1455 γενόμενον
383 1397 513 1451 ἀετόν,
550 1398 622 1441 διὰ
653 1398 700 1441 τὸ
731 1403 804 1453 τῆς
834 1398 1023 1457 ἁρπαγῆς
1049 1398 1145 1451 ὀξύ,
1182 1400 1255 1444 τὸν
1272 1400 1526 1459 Γανυμήδην

40 1467 260 1523 ἀναλαβεῖν
283 1467 407 1518 effu}
430 1469 624 1521 οἰνοχοεῖν
645 1466 771 1526 αὐτῷ.
1226 1479 1233 1494 ⁶

170 1537 241 1579 Ἓν
259 1544 347 1587 τοῖς
368 1536 508 1587 αὖτοῖς
524 1535 690 1594 χρόνοις
706 1540 788 1579 τῶν
802 1541 956 1593 κριτῶν
974 1537 1209 1590 ἐβασίλευσε
1227 1542 1301 1593 τῆς
1318 1537 1522 1595 Εὐρώπης

0 1604 62 1652 Ό-ἶ)
82 1597 325 1658 Ἁάπαθέος,
374 1604 464 1662 ἴσχε
483 1607 536 1654 δὲ
557 1603 631 1649 δύο
655 1605 772 1656 υἱοὺς
787 1605 950 1660 Ἀχαιὸν
971 1607 1038 1648 καὶ
1059 1604 1263 1649 Λάκωνα.
1331 1608 1520 1664 τελευτή-

35 1693 184 1728 σαντος
202 1677 250 1719 δὲ
267 1679 344 1719 τοῦ
361 1675 517 1734 πατρὸς
535 1678 593 1727 εἷς
613 1673 687 1718 δύο
709 1676 985 1731 κατεμερίσθη
1005 1672 1032 1730 ἦ
1056 1674 1176 1732 ἀρχή.
1212 1673 1234 1719 ὃ
1258 1676 1394 1719 τοίνυν
1412 1675 1516 1719 Λά-

34 1763 117 1790 κων
131 1746 207 1802 τὴν
222 1743 410 1801 ἡμίσειαν
422 1743 568 1803 χώραν
584 1745 723 1800 λαχὼν
734 1744 987 1799 Λακωνικὴν
1002 1742 1211 1788 ἐκάλεσεν·
1236 1739 1285 1801 ἦς
1297 1743 1516 1802 τριάκοντα

30 1823 149 1874 τρεῖς
164 1813 339 1873 χρόνους
367 1813 618 1870 βασιλεύσας
633 1813 771 1858 {intur
798 1812 915 1858 πόλιν
944 1812 1146 1872 παράλιον
1177 1814 1250 1870 τὴν
1280 1816 1323 1856 Γ
1319 1817 1508 1859 αθυνίαν.
1531 1825 1563 1860 D

413 1962 426 1981 v
557 1953 565 1970 A

27 1997 66 2030 et
87 2005 166 2029 cum
188 2004 296 2029 aureo
319 1992 453 2029 vellere
471 1992 603 2029 Medea
620 1991 748 2037 etiam,
779 1992 878 2039 regis
895 1991 969 2028 filia
994 1991 1181 2036 Colchici‚³
1197 2003 1289 2038 quae
1308 2004 1427 2028 amore
1450 1994 1509 2029 Ia-

26 2040 125 2076 sonis
156 2045 322 2087 correpta
352 2040 473 2076 fflerat
505 2040 679 2085 abducta,
715 2040 854 2075 reversi
884 2046 980 2074 sunt.
1029 2051 1072 2074 eo
1099 2044 1262 2085 tempore
1285 2038 1380 2074 Tros
1401 2040 1448 2074 Ili
1471 2046 1509 2076 et

26 2087 248 2132 Ganymedis
270 2091 375 2133 pater
396 2086 576 2132 Phrygiae
598 2086 800 2133 imperavit.
847 2086 879 2121 is
912 2087 998 2121 duas
1022 2087 1127 2120 urbes
1152 2086 1346 2131 exstruxit,
1382 2098 1509 2132 nempe

25 2133 175 2168 Troiam
198 2138 306 2178 atque
327 2133 452 2176 Ilium3
487 2133 533 2168 ad
554 2144 701 2179 quarum
718 2133 976 2169 dedicationem
999 2143 1077 2167 cum
1100 2131 1238 2166 vicinos
1262 2138 1507 2177 convocasset,

23 2179 173 2215 Tantali
190 2179 421 2225 Mycenarum
443 2179 539 2225 regis
563 2179 692 2215 oblitus
714 2180 807 2226 fuit,
837 2185 944 2225 atque
968 2179 1060 2214 hunc
1084 2183 1274 2225 propterea
1296 2178 1366 2213 sibi
1388 2179 1507 2213 infen-

22 2238 99 2262 sum
123 2225 260 2261 habuit.
308 2230 459 2260 voverat
483 2231 564 2261 ante
585 2227 791 2262 aedificatas
814 2227 921 2261 urbes
945 2225 1040 2260 Tros
1058 2225 1138 2259 Iovi
1160 2224 1323 2259 victimas
1347 2236 1387 2258 se
1411 2225 1444 2258 ei
1468 2229 1506 2260 et

22 2273 116 2308 dona
138 2273 176 2307 in
199 2273 382 2319 Europam
404 2272 601 2308 missurum.
637 2273 778 2308 'iccirco
802 2272 948 2308 urbibus
970 2272 1039 2306 iam
1064 2270 1234 2306 absolutis
1259 2271 1503 2316 Ganymedem

23 2330 100 2355 cum
121 2319 168 2355 50
190 2319 280 2354 viris
302 2319 395 2354 dona
418 2324 454 2353 et
475 2319 636 2354 victimas
660 2320 705 2354 ad
725 2320 888 2365 templum
911 2319 1008 2353 Iovis
1031 2317 1174 2352 allatum
1191 2317 1314 2351 mittit.
1362 2316 1502 2352 Tanta-

20 2365 75 2400 lus
97 2377 186 2401 vero
212 2365 329 2401 dolum
349 2366 495 2400 subesse
516 2365 734 2412 suspicatus,
765 2366 874 2402 misso
893 2364 1052 2400 exercitu
1073 2364 1314 2408 Ganymedem
1338 2374 1415 2398 cum
1438 2375 1502 2398 co-

19 2412 146 2457 mitatu
167 2412 306 2458 rapuit,
342 2412 500 2447 dicentes
525 2424 564 2446 se
581 2412 773 2458 Europaeo
794 2412 875 2448 Iovi
898 2411 1058 2446 victimas
1080 2411 1223 2445 afferre.
1272 2410 1500 2453 Ganymedes

18 2459 239 2506 turpitudine
264 2458 319 2493 rei
350 2464 386 2493 et
419 2464 514 2493 metu
547 2460 789 2495 consternatus
813 2459 850 2493 in
876 2459 1031 2493 morbum
1061 2456 1206 2500 incidit,
1241 2454 1500 2501 impetrataque

17 2507 214 2540 venia-non
241 2505 348 2539 multo
373 2511 456 2551 post
478 2504 556 2540 vita
578 2505 731 2540 excedit.
779 2506 1095 2552 proinde¹munera
1118 2501 1263 2536 Tantali
1287 2501 1386 2536 iussu
1411 2502 1497 2536 fano

15 2551 113 2587 Iovis
130 2552 271 2586 reddita
289 2557 394 2596 sunt,
428 2555 465 2586 et
486 2551 658 2597 reliquiae
678 2552 896 2597 Ganymedis
932 2550 970 2584 in
998 2556 1067 2584 tem
1094 2549 1128 2583 lo
1158 2548 1252 2583 intus
1275 2547 1494 2583 reconditae.

15 2598 100 2632 hinc
119 2598 241 2634 fabula
263 2599 413 2633 conficta
434 2603 500 2642 est,
526 2599 766 2643 Ganymedem
784 2611 806 2634 a
823 2599 911 2633 Iove
928 2597 966 2631 in
985 2596 1066 2642 aqui
1081 2607 1135 2630 am
1156 2605 1329 2630 converso
1351 2595 1495 2641 (nempe

15 2645 62 2680 ob
86 2645 302 2680 celeritatem
325 2646 465 2691 raptus)
489 2645 671 2690 abreptum
695 2656 738 2680 ac
762 2646 838 2680 eius
860 2645 1064 2691 pincernam
1081 2642 1226 2676 factum.
1291 2644 1293 2649 '

106 2692 243 2727 Eadem
265 2691 423 2726 Indicum
446 2695 565 2726 aetate
587 2702 732 2736 regnum
754 2692 925 2737 Europae
946 2689 1062 2724 tenuit
1081 2687 1275 2734 Lapathus.
1321 2686 1410 2722 duos
1433 2685 1494 2721 hic

14 2737 109 2773 filios
132 2737 267 2782 habuit,
292 2738 471 2773 Achaeum
494 2744 530 2772 et
551 2737 741 2773 Laconem.
766 2738 898 2783 itaque.
911 2737 991 2782 ipso
1015 2739 1152 2770 mortuo
1174 2744 1319 2778 regnum
1340 2732 1380 2768 in
1402 2734 1491 2768 duas

13 2788 136 2831 partes
155 2790 211 2820 est
227 2784 415 2820 divulsum.
462 2783 557 2819 Laco
592 2784 759 2819 dimidiae
789 2783 893 2829 regni
922 2782 1037 2828 parti,
1073 2792 1165 2827 quae
1195 2779 1265 2815 sibi
1299 2779 1491 2824 obtigerat,

13 2842 141 2866 nomen
162 2831 365 2867 Laconicae
388 2830 531 2875 indidit,
556 2834 591 2865 et
612 2830 650 2864 in
670 2842 713 2866 ea
735 2830 883 2877 triginta
907 2833 980 2864 tres
1004 2839 1114 2863 annos
1135 2825 1321 2872 regnavit,
1349 2827 1490 2861 urbem-

12 2887 83 2923 que
104 2877 311 2915 maritimam
334 2877 553 2925 Ga'thyniam
574 2877 790 2914 aedificavit.
828 2879 911 2924 post
932 2875 1025 2910 hunc
1046 2873 1263 2920 aliissquidam
1284 2883 1389 2919 reges
1409 2873 1488 2908 fue-
