1742 3184
394 162 802 210 HISTORIARUM
828 162 1225 210 coMPENDlUM.
1453 167 1554 218 465

75 285 158 326 τῶν
176 279 379 340 κρατῦνας
399 279 651 338 ἕγνωρίζετο,
686 279 755 323 καὶ
774 275 875 337 γυνή
894 296 958 330 τις
976 278 1065 336 ἱερὰ
1096 279 1165 323 καὶ
1190 281 1439 336 θαυμασία,
1482 284 1552 328 τὸν

73 353 165 407 βίον
186 351 458 410 ἀειπαρθένος
477 352 545 394 καὶ
563 347 718 408 ὡραία,
743 347 850 392 πάνυ
871 352 1122 404 συσχεθεῖσα
1141 351 1211 393 καὶ
1227 354 1399 403 πολλαῖς
1414 370 1553 408 μηχα-

74 427 165 472 ναῖς
199 425 329 464 θῦσαι
364 424 446 464 τῶν
483 418 691 478 τυράννων
721 418 849 474 αὐτὴν
877 417 1183 475 ἀναγκαζόντων
1214 420 1275 476 μὴ
1308 419 1549 477 ἦττηθεῖσα.
1569 434 1600 470 Β

73 490 580 547 προσέταξαν-ἐκδοθῆναι
607 486 838 546 στρατιώτῃ
860 482 964 545 πρὸς
989 487 1165 547 αἰσχρὰν
1191 493 1324 545 μῖξιν,
1359 493 1428 534 καὶ
1444 494 1553 548 μηδὲ

74 558 206 610 οὕτως
223 558 470 614 πειθομένην
485 556 774 613 ὑποβαλέσθαι
788 561 988 615 κεφαλικῇ
1006 558 1194 620 τιμωρίᾳ.
1261 561 1332 602 καὶ
1358 578 1552 619 περιστα-

71 632 247 683 τηθεῖσα
269 629 359 671 λίαν
379 629 506 671 ἐδεῖτο
527 631 602 670 τοῦ
619 627 819 682 Ἀνθίμου
842 629 1140 683 Νικομηδείας,
1172 626 1298 684 μήπω
1315 631 1553 675 τελειωθέν-

71 713 142 748 τος
168 698 237 740 διὰ
262 698 511 755 μαρτυρίου,
546 700 852 751 συμβουλεῦσαι
881 697 987 754 αὐτῇ
1015 698 1058 740 τί
1082 696 1135 740 ἂν
1158 696 1383 755 αἱρήσοιτο.
1452 698 1474 744 ὅ
1507 702 1552 745 δὲ

67 766 248 824 χρηστὸς
276 765 403 818 ὅντως
430 765 534 823 ἀνὴρ
561 767 630 808 καὶ
651 763 864 820 οἰκονόμος
886 767 954 808 καὶ
975 770 1128 817 πιστῶς
1149 766 1191 808 ἓν
1211 769 1339 825 κρίσει
1357 769 1410 812 τὰ
1431 768 1550 827 λόγια

70 837 211 893 κυρίου
239 833 529 891 ταμιευόμενός
558 852 661 893 φησι
684 833 840 878 “namne
866 835 955 888 μέν,
993 830 1027 878 ὦ
1044 836 1193 888 τέκνον,
1227 836 1273 880 τὸ
1295 837 1550 895 κατόρθωμα

14 910 60 946 10
70 909 144 958 τῆς
161 902 405 962 ἆγνείαςκαὶ
424 905 673 962 θεοπρεπές,
708 906 853 959 μείζων
872 905 918 946 δὲ
935 902 962 960 ἢ
983 909 1056 959 τῆς
1076 906 1246 956 πίστεως
1265 906 1420 963 ἐντολή,
1449 926 1550 967 κρη-

68 976 136 1026 πὶς
156 969 261 1018 οὖσα
282 980 364 1018 τῶν
384 978 520 1018 καλῶν
539 978 616 1029 τῆς
632 973 850 1028 εὐσεβείας.
902 973 962 1028 μὴ
986 969 1058 1016 οὖν
1076 975 1295 1032 προκρίνῃς
1313 981 1394 1020 τῶν
1416 994 1549 1035 κρειτ-

66 1042 196 1087 τόνων
216 1044 270 1087 τὰ
291 1043 475 1102 δεύτερα.
543 1041 680 1100 ὥσπερ
707 1042 786 1101 γὰρ
809 1044 861 1097 ζέν
890 1041 1123 1100 περιστάσει
1146 1042 1235 1085 τινὰ
1254 1043 1465 1099 γενόμενον
1484 1047 1549 1090 αἶ-

66 1112 286 1172 ρετώτερόν
306 1115 414 1157 ἐστιν
434 1111 537 1169 ὑπὲρ
558 1117 632 1156 τοῦ
649 1111 840 1167 σώματος
862 1113 1134 1170 διαρπαγῆναι
1150 1112 1196 1155 τὸ
1217 1111 1391 1167 ἱμάτιον,
1416 1115 1543 1168 οὕτως
1565 1128 1596 1163 c

65 1180 224 1237 μᾶλλόν
251 1183 359 1226 ἔστιν
390 1182 434 1225 ἓν
461 1188 546 1232 τοῖς
574 1188 814 1238 πειρασμοῖς
844 1180 1016 1224 ἄσπιλον
1043 1180 1278 1238 τηρήσαντα
1307 1182 1382 1237 τὴν
1406 1184 1547 1240 ψυχὴν

10 1255 56 1292 15
66 1253 295 1310 προδοῦναι·
308 1251 382 1307 τὴν
403 1248 537 1308 σάρκα
555 1256 640 1301 τοῖς
659 1252 861 1301 παντοίως
882 1251 1100 1308 ἐνυβρίζειν
1121 1251 1335 1295 ἐθέλουσιν
1351 1251 1379 1308 ἢ
1400 1252 1549 1296 ἀπολέ-

64 1339 135 1365 σαι
153 1326 228 1376 τῆς
244 1325 385 1376 ψυχῆς
403 1319 476 1375 τὴν
500 1318 742 1375 Histrum?
812 1317 840 1374 ἦ
865 1319 910 1361 δὲ
930 1317 1079 1362 τούτου
1099 1317 1311 1364 ἀκούσασα
1330 1319 1450 1379 ἀπῄει
1470 1340 1547 1365 τα-

63 1390 333 1444 λαντευομένη
351 1388 423 1432 τὸν
441 1392 551 1440 νοῦν,
585 1385 642 1438 ὥς
662 1386 736 1430 δύο
758 1392 894 1430 καλῶν
915 1388 1239 1444 ἀντιποιουμένῃ.
1286 1390 1382 1432 ἀλλ’
1402 1389 1430 1446 ἦ
1449 1393 1546 1435 θεία

57 1455 184 1516 χάρις
201 1455 353 1514 ταύτης
375 1456 646 1517 διεφυλάξατο
667 1457 743 1512 τὴν
764 1458 993 1515 παρθενίαν
1009 1455 1148 1515 τρόπῳ
1167 1459 1324 1516 τοιῷδε.
1392 1457 1448 1510 ὥς
1465 1461 1545 1519 γὰρ

62 1528 132 1587 ἔφ’
158 1526 248 1579 ἑνὸς
277 1527 391 1570 οἴκου
420 1527 708 1582 συνεκλείσθη,
743 1526 847 1582 λέγει
875 1531 934 1586 τῷ
961 1524 1190 1584 στρατιώτῃ
1214 1524 1373 1583 “μηὸε’ν
1394 1527 1548 1573 ἄτοπον

5 1595 220 1655 ἓοπράξῃς
239 1599 296 1648 εἷς
317 1596 402 1651 ἐμέ,
432 1594 641 1653 ἄνθρωπε,
667 1597 734 1638 καὶ
757 1595 920 1653 παρέξω
941 1612 1008 1637 σοι
1029 1594 1188 1650 μισθὸν
1206 1594 1393 1647 ἐπάξιον·
1423 1597 1545 1642 δώσω

61 1665 141 1724 γάρ
163 1684 229 1710 σοι
250 1663 485 1725 φάρμακον,
506 1659 610 1744 οδῧσα
632 1666 857 1722 φαρμακίς,
892 1665 1128 1715 ἀθανασίας
1146 1662 1354 1721 πρόξενον,
1374 1660 1410 1725 ᾧ
1424 1665 1545 1725 χριό-

59 1753 183 1791 μενος
202 1735 386 1793 ἅτρωτος
408 1741 540 1790 μενεῖς
558 1735 601 1777 ἒν
617 1741 703 1785 τοῖς
722 1735 927 1789 πολέμοις.
993 1735 1064 1777 καὶ
1085 1735 1122 1777 εἲ
1134 1731 1268 1791 βούλῃ
1289 1733 1436 1779 τούτου
1461 1740 1537 1778 λα-
1560 1748 1593 1784 D

58 1810 148 1861 βεῖν
168 1811 324 1863 πεῖραν,
358 1801 578 1862 ἐπίτρεψόν
596 1821 648 1859 με
669 1802 869 1848 σκευάσαι
887 1800 1037 1847 αὖτό.”
1107 1807 1181 1846 τοῦ
1202 1804 1249 1846 δὲ
1263 1804 1370 1859 μετὰ
1391 1809 1544 1862 πολλῆς
1600 1842 1604 1845 ,

57 1982 187 2019 mulier
214 1985 327 2038 'atque
365 1979 599 2016 admiratione
640 1979 770 2026 digna,
822 1977 1085 2027 pulchritudine
1123 1980 1260 2016 formae
1301 1978 1454 2026 insigni,
1506 1985 1545 2017 et

55 2041 150 2075 quae
187 2028 430 2074 virginitatem
469 2031 665 2071 servasset,
711 2027 964 2073 comprehensa
1004 2039 1049 2062 ac
1091 2026 1209 2061 multis
1242 2030 1476 2071 tyrannorum·
1502 2032 1544 2063 ut

56 2076 286 2111 daemonibus
323 2073 542 2108 sacrificaret
577 2073 763 2108 tormentis
802 2073 937 2110 frustra
976 2078 1134 2117 tentata,
1176 2072 1279 2107 militi
1317 2072 1454 2108 cuidam
1493 2074 1542 2108 ad

56 2121 282 2156 concubitum
311 2119 435 2155 dedita
467 2123 540 2162 est,
575 2130 617 2153 ea
647 2119 854 2155 condicione
885 2125 926 2156 ut
953 2119 984 2155 si
1014 2132 1090 2155 eum
1121 2130 1192 2153 non
1224 2118 1443 2163 admitteret,
1481 2131 1542 2155 ca-

55 2167 134 2214 pite
163 2167 394 2213 plecteretur.
456 2165 566 2200 tantis
593 2164 656 2200 illa
684 2166 822 2202 inclusa
853 2166 1027 2211 angustiis
1058 2165 1258 2200 Anthimum
1288 2165 1541 2200 Nicomedien-

57 2226 152 2258 sem,
192 2213 256 2259 qui
286 2213 444 2248 nondum
476 2210 651 2257 supplicio
687 2213 807 2248 fuerat
835 2213 1001 2256 deditus,
1036 2217 1150 2247 utrum
1178 2211 1301 2246 horum
1333 2215 1475 2256 optaret
1502 2212 1542 2247 in

56 2259 241 2296 consilium
270 2258 446 2294 adhibuit.
495 2263 602 2303 atque
634 2258 688 2303 is,
718 2264 758 2294 ut
788 2265 865 2294 erat
895 2260 954 2294 vir
985 2270 1027 2293 re
1058 2269 1146 2293 vera
1179 2258 1294 2292 bonus
1326 2262 1362 2292 et
1394 2257 1542 2304 dispen-

55 2312 156 2342 sator
200 2306 304 2341 verbi
344 2305 403 2340 dei
445 2303 561 2339 fidelis
605 2309 712 2350 atque
754 2306 908 2352 prudens
922 2332 934 2351 ‚
989 2304 1042 2339 ita
1090 2303 1125 2339 ei
1172 2303 1382 2349 respondit:
1423 2299 1541 2349 “filia,

54 2353 278 2400 praeclarum
310 2364 352 2387 ac
380 2351 538 2386 divinum
572 2355 627 2385 est
660 2350 833 2387 castitatis
871 2350 1136 2387 conservandae
1173 2349 1348 2384 officiumt
1380 2355 1542 2395 praestat

53 2405 173 2435 tamen
196 2399 230 2434 ei
252 2399 338 2434 fidei
359 2403 610 2445 praeceptum,
644 2398 738 2443 quod
762 2403 818 2434 est
837 2399 1009 2433 bonorum
1039 2408 1061 2431 a
1083 2397 1219 2443 pietate
1240 2395 1539 2442 proficiscentium

53 2446 329 2481 fundamentum.
385 2444 459 2478 noli
492 2455 577 2489 ergo
606 2443 785 2479 deteriora
819 2443 1137 2490 praestantioribus
1167 2447 1397 2488 anteponere.
1444 2442 1539 2478 sicut

54 2491 148 2527 enim
171 2491 209 2526 in
230 2489 388 2539 periculo
412 2490 539 2536 aliquis
557 2490 768 2525 constitutus
785 2496 919 2526 vestem
942 2490 1059 2536 potius
1082 2500 1178 2524 suam
1201 2489 1317 2523 scindi
1332 2499 1436 2533 quam
1454 2500 1537 2524 cor-

53 2550 122 2585 pus
142 2538 252 2583 velit,
287 2538 338 2573 ita
359 2537 398 2572 iu
421 2535 677 2572 tentationibus
701 2547 841 2583 quoque
864 2537 1002 2572 animae
1023 2547 1046 2570 a
1067 2534 1365 2570 contaminatione
1386 2545 1535 2570 servan-

53 2585 124 2620 dae
147 2595 256 2620 causa
279 2595 407 2631 corpus
432 2583 578 2629 expedit
599 2582 739 2617 libidini
761 2582 938 2618 hominum
958 2593 1161 2628 exponere,
1193 2581 1310 2636 potius
1332 2591 1436 2636 quam
1459 2581 1537 2616 eius

53 2630 276 2677 generositas
303 2631 488 2676 prodatur.
497 2626 518 2640 ”
563 2628 621 2663 his
642 2628 704 2664 illa
727 2630 857 2666 auditis
880 2635 997 2664 mente
1021 2628 1126 2663 anxia
1149 2627 1257 2672 aluit,
1294 2637 1379 2672 qma
1402 2631 1537 2663 utrum-

55 2690 126 2724 que
148 2679 278 2712 bonum
301 2677 505 2723 expetebat.
553 2675 676 2710 divina
709 2678 826 2711 tamen
858 2675 1059 2722 benignitas
1090 2673 1331 2719 virginitatem
1361 2672 1437 2708 eius
1468 2674 1538 2710 hoc

54 2731 162 2771 pacto
184 2722 423 2759 conservavit.
470 2721 607 2756 inclusa
635 2722 674 2755 in
705 2721 843 2757 domum
874 2734 953 2757 cum
986 2720 1098 2757 milite
1130 2720 1274 2767 rogavit
1303 2730 1381 2755 eum
1404 2725 1445 2755 ut
1466 2720 1540 2756 sibi

54 2775 242 2817 parceret,
267 2769 406 2814 dignam
427 2775 637 2814 recepturus
657 2768 865 2803 mercedem.
913 2780 954 2803 se
974 2767 1066 2803 euim
1087 2779 1170 2802 esse
1184 2766 1371 2811 medicam,
1395 2766 1539 2813 ipsique

54 2816 345 2851 medicamentum
367 2816 607 2861 praebituram
630 2815 726 2860 quod
747 2814 871 2850 mortis
892 2815 988 2850 foret
1012 2813 1216 2850 amuletum:
1251 2825 1330 2852 uum
1361 2824 1403 2848 eo
1432 2813 1538 2848 inun-

0 2882 1 2910 ᾗ
55 2867 150 2898 ctum
171 2863 211 2898 in
235 2862 339 2898 bellis
361 2862 442 2897 fore
463 2860 768 2897 invulnerabilem.
799 2865 907 2909 utque
930 2860 1008 2897 eius
1031 2860 1087 2897 rei
1103 2858 1295 2909 periculum
1311 2860 1432 2897 facere
1450 2871 1536 2907 pos-

115 2916 250 2964 Georg.
282 2915 456 2954 Cadmus
484 2920 567 2953 tom.
598 2915 629 2951 1.
1203 2908 1261 2950 30
1284 2903 1290 2911 ’
