1742 3184
215 153 314 202 352
691 153 932 200 GEORGII
965 151 1214 198 CEDRENI

161 277 192 313 C
215 274 422 327 πολλαχοῦ
440 270 514 327 μὲν
530 274 604 327 τῆς
622 269 856 325 οἷκουμένης
876 269 960 313 ἐστὶ
983 269 1029 313 τὸ
1059 269 1170 326 γένος
1204 267 1315 326 (ἔδει
1335 268 1414 326 γὰρ
1436 267 1598 326 ἀγαθοῦ
1617 287 1684 312 τε-

209 343 318 384 λείου
337 347 550 397 μετασχεῖν
567 342 634 383 καὶ
653 340 726 395 τὴν
740 338 920 381 Ἑλλάδα
940 341 1008 382 καὶ
1025 339 1099 394 τὴν
1115 337 1386 397 βάρβαρον),
1422 339 1464 382 ἓν
1482 338 1682 398 Αἰγύπτῳ

211 411 257 454 δὲ
272 410 497 463 πλεονάζει,
526 411 594 453 καὶ
610 408 789 463 μάλιστα
807 410 898 466 περὶ
917 408 990 464 τὴν
1003 406 1318 465 Ἀλεξάνδρειαν.
1387 410 1455 451 καὶ
1472 409 1513 450 ἓν
1532 406 1680 465 ἑκάστῃ

206 481 415 540 συμμορίᾳ
434 477 582 534 οἴκημά
598 479 705 521 ἔστιν
722 476 850 535 ἱερόν,
883 476 906 520 ὃ
924 481 1094 521 καλοῦσι
1112 485 1293 532 σεμνεῖον
1309 479 1377 521 καὶ
1393 476 1680 535 μοναστήριον,

206 550 248 592 ἐν
271 544 305 608 ᾧ
325 547 564 604 μονούμενοι
587 548 639 591 τὰ
662 552 734 589 τοῦ
761 552 908 602 σεμνοῦ
930 542 1024 601 βίου
1048 545 1255 604 μυστήρια
1277 551 1507 599 τελοῦνται,
1540 548 1715 603 μηδεὶς-5

205 620 334 674 μηδὲν
361 619 609 673 κομίζοντες,
644 616 703 672 μὴ
729 615 873 668 ποτόν,
907 616 966 671 μὴ
995 623 1128 669 σῖτον,
1162 617 1272 671 μηδέ
1289 634 1328 659 τι
1348 621 1429 659 τῶν
1450 615 1585 659 ἄλλων
1603 614 1682 659 ὅσα

205 688 309 746 πρὸς
338 687 410 743 τὴν
438 691 509 730 τοῦ
539 685 728 741 σώματος
748 687 891 743 χρείαν
914 686 1138 742 ἀναγκαῖα,
1175 685 1281 728 ἀλλὰ
1303 683 1454 740 νόμους
1474 687 1541 728 καὶ
1565 684 1682 741 λόγια

207 757 486 800 θεσπισθέντα
505 755 576 798 διὰ
593 759 813 812 προφητῶν
828 757 894 798 καὶ
911 753 1064 810 ὕμνους
1080 757 1147 798 καὶ
1166 749 1296 799 τᾶλλα
1315 753 1377 806 οἷς
1394 753 1593 810 ἐπιστήμη
1614 756 1682 796 καὶ

205 827 388 880 εὐσέβεια
419 824 686 876 συναύξονται
715 826 782 867 καὶ
813 828 1069 868 τελειοῦνται.
1138 824 1184 867 τὸ
1213 825 1257 867 δὲ
1280 825 1320 876 ἐξ
1345 822 1521 886 ἑωθινοῦ
1542 825 1683 880 μέχρις

205 894 378 954 ἑσπέρας
407 893 614 950 διάστημα
645 893 811 949 σύμπαν
839 894 978 945 αὐτοῖς
1009 894 1116 936 ἐστὶν
1150 893 1341 950 ἄσκησις·
1376 892 1682 950 ἐντυγχάνοντες
1696 897 1740 932 10

151 973 184 1009 D
209 964 287 1022 γὰρ
313 971 398 1015 τοῖς
427 964 550 1022 ἱεροῖς
576 962 790 1021 γράμμασι
821 967 1096 1022 φιλοσοφοῦσι
1125 964 1199 1019 τὴν
1226 964 1401 1021 πατρίαν
1423 963 1684 1021 φιλοσοφίαν.

210 1032 443 1091 ἐγκράτειαν
475 1034 521 1077 δὲ
551 1033 686 1091 ὥσπερ
715 1033 806 1076 τινὰ
835 1033 1027 1088 θεμέλιον
1049 1031 1478 1089 προκαταβαλλόμενοι
1497 1036 1546 1089 τῇ
1567 1035 1685 1088 ψυχῇ

208 1104 285 1154 τὰς
305 1103 432 1154 ἄλλας
452 1104 784 1158 ε’ποικοὸομοῦσιν
805 1102 974 1161 ἀρετάς·
1009 1104 1135 1146 σιτιόν
1157 1102 1235 1159 γὰρ
1258 1101 1284 1155 ἢ
1305 1102 1430 1145 ποτὸν
1452 1101 1584 1151 οὐδεὶς
1607 1101 1683 1143 αὗ-

208 1177 300 1217 τῶν·
322 1173 624 1230 πρυσενέγκοιτο
650 1171 728 1230 πρὸ
757 1170 875 1228 ἦλιόυ
902 1170 1076 1224 δύσεως,
1111 1169 1324 1228 ἐπειδήπερ
1346 1171 1392 1214 τὸ
1415 1171 1489 1226 μὲν
1511 1174 1677 1228 φιλοσο-

210 1250 300 1301 φεῖν
320 1242 432 1293 ἄξιον
451 1242 587 1299 φωτὸς
604 1243 808 1299 κρίνουσι,
844 1241 1012 1292 σκότους
1033 1242 1077 1283 δὲ
1096 1240 1171 1294 τὰς
1190 1244 1265 1284 τοῦ
1282 1238 1472 1295 σώματος
1490 1238 1683 1296 ἀνάγκας.
1696 1243 1739 1279 15

209 1311 305 1355 ἴνιοι
327 1313 372 1355 δὲ
389 1313 456 1354 καὶ
477 1313 533 1354 δι’
553 1309 715 1368 ἡμερῶν
737 1315 860 1369 τριῶν
875 1309 1248 1367 ὗπομιμνήσκονται
1267 1314 1448 1369 τροφῆς,
1484 1307 1546 1360 οἷς
1563 1309 1684 1352 πλέον

204 1379 226 1424 ὃ
248 1374 382 1432 πόθος
398 1386 470 1436 τῆς
486 1379 708 1437 ἐπιστήμης
728 1381 944 1438 ἐνίδρυται.
1013 1381 1116 1431 τινὲς
1140 1381 1184 1423 δὲ
1209 1378 1338 1431 οὕτως
1359 1380 1687 1438 ἔνευφραίνονται

203 1452 272 1494 καὶ
300 1455 511 1509 τρυφῶσιν
534 1449 614 1493 ὑπὸ
642 1452 793 1509 σοφίας
819 1449 1052 1506 ἑστιώμενοι
1082 1451 1285 1500 πλουσίως
1313 1451 1380 1491 καὶ
1409 1446 1609 1506 ἀφθόνως
1631 1447 1684 1491 τὰ

205 1519 393 1576 δόγματα
418 1519 697 1577 χορηγούσης,
733 1518 789 1571 ὦς
818 1522 886 1563 καὶ
914 1520 1017 1578 πρὸς
1047 1520 1287 1562 διπλασίονα
1310 1516 1461 1575 χρόνον
1493 1517 1682 1572 ἀντέχειν,

59 1596 91 1632 Ρ
114 1598 181 1634 201
205 1589 324 1646 μόγις
349 1590 405 1631 δι’
431 1587 594 1646 ἡμερῶν
611 1589 655 1640 ἓξ
678 1588 953 1645 ἀπογεύεσθαι
972 1592 1128 1646 τροφῆς
1147 1587 1395 1638 ἐθισθέντες.
1466 1587 1510 1629 αἱ
1529 1588 1572 1629 δὲ
1590 1588 1682 1642 ἓξη-
1691 1593 1738 1628 20

199 1658 337 1716 γήσεις
365 1662 446 1701 τῶν
476 1658 593 1716 ἱερῶν
620 1659 764 1714 λογίων
788 1660 964 1714 γίνονται
987 1659 1126 1708 αὐτοῖς
1147 1658 1204 1699 δι’
1224 1655 1425 1700 ὑπονοιῶν
1445 1657 1485 1699 ἓν
1505 1657 1682 1712 ἀλληγο-

202 1730 322 1785 ρίαις.
392 1732 506 1770 πᾶσα
533 1727 612 1784 γὰρ
640 1725 665 1782 ἦ
697 1729 922 1781 νομοθεσία
953 1729 1068 1770 δοκεῖ
1091 1733 1175 1777 τοῖς
1203 1724 1377 1783 ἀνδράσι
1406 1723 1564 1777 τούτοις
1592 1724 1681 1784 ζώῳ

200 1798 394 1850 ἐοικέναι,
430 1798 499 1839 καὶ
527 1801 649 1851 σῶμα
672 1797 747 1852 μὲν
773 1795 875 1852 ἔχειν
898 1797 972 1848 τὰς
993 1796 1118 1855 ῥητὰς
1139 1796 1354 1847 διαλέξεις,
1388 1795 1528 1851 ψυχὴν
1550 1795 1596 1838 δὲ
1612 1795 1683 1838 τὸν

200 1927 239 1963 in
273 1926 426 1962 diversis
461 1927 580 1963 mundi
612 1927 794 1974 partibus:
827 1928 955 1962 bonum
992 1927 1082 1962 enim
1118 1928 1311 1974 perfectum
1347 1927 1535 1973 oportebat
1569 1928 1604 1961 et
1638 1926 1682 1960 ad

203 1975 365 2008 Graecos
394 1975 583 2020 pervenire
615 1980 651 2009 et
679 1975 722 2009 ad
753 1975 937 2010 barbaros.
985 1975 1023 2008 in
1051 1975 1215 2020 Aegypto
1242 1980 1355 2009 autem
1383 1985 1507 2018 magna
1530 1978 1584 2008 est
1608 1972 1684 2007 eius

202 2020 326 2066 copia,
352 2019 501 2055 maxime
525 2021 618 2066 apud
639 2021 906 2063 Alexandriam3
940 2026 977 2055 et
999 2021 1035 2055 in
1057 2021 1183 2066 quavis
1206 2021 1319 2055 classe
1343 2021 1465 2055 domus
1489 2023 1546 2054 est
1569 2030 1685 2063 sacra,

201 2068 299 2112 quod
322 2078 500 2102 semneum
525 2067 675 2112 dicitur,
711 2073 747 2102 et
770 2068 1036 2111 monasterium,
1071 2068 1165 2113 quod
1186 2067 1223 2101 in
1248 2079 1292 2102 ea
1315 2069 1359 2102 ab
1383 2066 1557 2100 hominum
1581 2066 1688 2100 turba

203 2112 335 2148 seclusi
364 2114 578 2149 venerabilis
602 2113 697 2148 vitae
721 2114 899 2158 mysteriis
921 2114 1126 2158 initiantur,
1161 2113 1249 2148 nihil
1272 2114 1456 2160 quisquam
1479 2113 1685 2156 afferentes,

201 2172 273 2195 non
295 2164 437 2206 potum,
473 2172 543 2195 non
567 2161 702 2205 cibum,
738 2172 808 2195 non
834 2161 1023 2206 quidquam
1048 2160 1143 2195 aliud
1167 2172 1287 2195 eorum
1309 2171 1401 2205 quae
1424 2159 1470 2194 ad
1493 2170 1576 2193 usus
1604 2171 1684 2193 cor-

201 2206 302 2253 poris
332 2212 415 2241 sunt
441 2207 663 2242 necessaria:
691 2207 754 2241 sed
775 2206 878 2253 ¹leges
907 2213 943 2241 et
968 2207 1108 2242 oracula
1132 2213 1271 2251 vatum,
1298 2206 1465 2251 hymnos,
1489 2210 1596 2250 atque
1617 2205 1687 2241 alia

202 2253 331 2299 quibus
355 2253 413 2288 dei
437 2253 593 2298 cognitio
619 2258 655 2288 et
678 2253 790 2288 cultus
817 2259 990 2299 augentur
1013 2259 1118 2299 atque
1144 2254 1385 2299 perficiuntur.
1435 2251 1604 2297 quicquid
1630 2256 1686 2286 est

202 2301 247 2334 ab
286 2310 414 2335 aurora
450 2301 495 2335 ad
528 2312 712 2347 vesperam
747 2311 858 2345 usque
891 2300 1082 2346 temporis,
1115 2300 1152 2334 id
1176 2312 1278 2335 omne
1301 2299 1346 2334 iis
1370 2297 1685 2334 exercitationibus

202 2345 432 2391 impenditur.
482 2359 602 2382 sacras
632 2347 723 2381 enim
751 2345 871 2380 literas
901 2346 1058 2391 legentes
1089 2345 1344 2393 philosophiam
1376 2350 1557 2391 paternam
1581 2356 1685 2378 exer-

203 2397 297 2426 cent.
345 2394 596 2428 continentiam
615 2399 779 2438 tanquam
798 2393 1058 2427 fundamentum
1076 2393 1113 2427 in
1133 2393 1247 2427 animo
1266 2404 1329 2426 suo
1348 2391 1484 2436 locant,
1507 2402 1687 2436 superque

202 2450 280 2473 eam
314 2439 470 2485 reliquas
506 2445 693 2475 exstruunt
725 2439 888 2474 virtutes.
938 2451 1038 2474 nemo
1075 2451 1194 2474 eorum
1231 2438 1344 2473 cibum
1374 2443 1540 2484 potumve
1565 2442 1686 2482 gustat

203 2491 287 2519 ante
321 2486 404 2520 solis
439 2498 610 2521 occasum.
661 2485 790 2520 etenim
814 2485 1054 2532 philosophari
1076 2486 1218 2531 dignum
1241 2485 1318 2519 luce
1344 2489 1486 2530 putant,
1519 2485 1684 2518 tenebras

202 2532 362 2576 corporis
385 2533 656 2568 necessitatibus
680 2543 888 2577 congruere.
937 2532 1077 2577 quidam
1101 2531 1272 2567 scientiae
1293 2530 1487 2565 ardentiori
1505 2529 1683 2565 desiderio

202 2576 367 2612 alimenta
393 2580 500 2614 tertio
526 2584 661 2614 tantum
696 2589 836 2624 quoque
865 2578 924 2613 die
947 2579 1147 2613 admittunt.
1196 2577 1258 2612 alii
1289 2582 1422 2612 tantum
1451 2576 1610 2611 laetitiae
1640 2588 1683 2611 ac

203 2623 397 2669 voluptatis
432 2625 550 2660 studio
583 2625 781 2672 sapientiae
813 2624 1028 2660 immorando
1062 2623 1281 2671 percipiunt,
1324 2623 1464 2658 abunde
1502 2623 1683 2657 doctrinae

204 2670 480 2717 suppeditantis,
513 2676 553 2706 ut
581 2684 623 2706 eo
651 2671 761 2707 veluti
786 2671 950 2706 convivio
974 2671 1110 2706 detenti
1133 2682 1240 2716 aegre
1263 2675 1364 2704 sexto
1388 2670 1524 2704 demum
1548 2668 1607 2703 die
1629 2669 1682 2702 ci-

194 2715 276 2748 bum
307 2727 445 2752 sumere
474 2718 716 2753 adsueverint.
765 2723 918 2752 ceterum
943 2717 1141 2752 divinorum
1167 2715 1384 2751 oraculorum
1415 2715 1592 2762 expositio
1616 2726 1681 2760 per

195 2760 404 2806 allegorias,
428 2775 515 2808 quas
535 2770 684 2810 vocant,
709 2765 752 2799 ab
776 2764 822 2798 iis
843 2764 905 2809 fit,
928 2775 1005 2798 cum
1029 2769 1143 2799 tectus
1167 2763 1354 2797 verborum
1378 2773 1502 2796 sensus
1527 2760 1679 2796 elicitur.

195 2812 272 2842 tota
296 2807 388 2842 enim
410 2808 466 2843 lex
489 2822 592 2846 sacra
613 2811 658 2845 iis
683 2810 881 2846 hominibus
905 2810 1047 2845 videtur
1070 2809 1211 2845 animali
1243 2806 1389 2851 similis,
1421 2807 1520 2842 cuius
1552 2818 1681 2853 corpus

195 2854 308 2890 verba
340 2854 519 2901 referant,
555 2857 704 2894 animam
735 2862 876 2903 autem,
911 2857 974 2905 qui
1002 2856 1143 2893 abditus
1172 2855 1238 2891 sub
1263 2853 1309 2890 iis
1333 2859 1560 2902 conspectum
1589 2853 1682 2899 fugit
