1742 3184
198 150 262 199 63
270 150 299 198 6
681 152 923 198 GEORGII
958 151 1205 197 CEDRENI

197 266 324 325 λείφω
342 267 708 326 τεσσαρεσκαίδεκα
729 264 797 321 ἔτη
809 265 854 318 ‚²²
893 267 961 309 καὶ
985 263 1213 324 ἀπήλειψεν
1238 266 1357 313 αὗτᾶ.
1427 272 1681 322 ὁιυπνισθεὶς

198 337 244 379 δὲ
270 339 597 395 προσεκαλέσατο
625 335 842 392 Ἀμάντιον
867 335 938 379 τὸν
966 335 1248 393 πραιπόσιτον,
1279 341 1345 382 καὶ
1369 336 1474 383 εἶπεν
1496 341 1610 399 αὐτῷ
1632 341 1679 384 τὸ

196 404 348 463 ὅραμα.
419 405 440 449 ὅ
474 408 517 449 δὲ
550 405 656 449 εἶπεν
689 404 752 448 ὅτι
784 405 897 462 κάγὼ
929 404 1166 462 ἐθεασάμην
1194 406 1256 451 ὅτι
1286 410 1589 467 παρισταμένου
1621 414 1680 468 τῷ

194 474 334 533 κράτει
362 493 436 520 σου
464 483 606 533 χοῖρος
626 476 754 531 μέγας
781 474 918 518 ἐλθών
944 478 1012 518 καὶ
1036 475 1290 533 ὁραξάμενός
1313 495 1395 532 μου
1419 484 1493 535 τῆς
1509 481 1681 534 χλαίνης

194 545 421 602 κατέρραξέ
435 563 487 600 με
509 547 565 595 εἷς
582 545 656 599 τὴν
675 549 750 601 γῆν
768 546 836 586 καὶ
859 543 1081 589 ἀνάλωσεν.
1151 545 1347 600 ἐλθόντος
1368 549 1412 591 δὲ
1430 553 1506 591 τοῦ
1525 549 1716 606 &welpo-5

195 616 334 671 κρίτου
355 613 578 671 Πρόκλου,
619 613 802 670 ἤκουσαν
825 612 888 656 ὅτι
911 617 978 657 καὶ
1000 614 1227 673 ἀμφότεροι
1245 607 1338 670 μετ’
1361 617 1409 660 οὗ
1430 618 1534 660 πολὺ
1555 622 1683 661 τελει-

197 688 340 727 οὗσθε.
423 685 506 726 ἐπεὶ
541 684 585 726 δὲ
617 681 916 740 κεχρημάτιστο
948 685 1016 727 διὰ
1046 685 1175 743 πυρὸς
1201 686 1327 728 αὐτὸν
1352 686 1426 742 τὴν
1453 688 1684 741 ἀμείλικτον

196 753 325 796 αὐτοῦ
357 753 499 808 ψυχὴν
535 754 789 811 ἀπορρῆξαι,
834 753 909 808 τὴν
947 755 988 796 ἓν
1032 758 1091 813 τῷ
1131 757 1316 813 παλατίῳ
1346 757 1579 812 κινστέρναν
1608 757 1684 811 τὴν

196 822 414 878 λεγομένην
446 823 615 880 ψυχρὰν
646 825 702 873 εἷς
730 823 864 864 πολλὰ
895 822 1046 878 στόμια
1088 826 1296 876 διανοίξας
1334 828 1400 868 καὶ
1435 825 1613 876 midam-9
1641 827 1683 867 ἓν

51 898 81 931 Ρ
103 898 173 934 363
199 890 356 950 ἑκάστῳ
394 895 602 948 παραθεὶς
642 892 810 934 ἔσπευδε
850 891 925 946 τὴν
969 891 1164 948 τοιαύτην
1202 897 1294 951 περὶ
1346 896 1474 938 αὐτοῦ
1517 912 1682 952 προφη-
1699 900 1742 935 10

196 962 307 1004 τειάν
353 964 489 1017 ψευδῆ
537 962 769 1012 ἀποδεῖξαι.
840 961 936 1003 ἀλλ’
983 961 1226 1018 ἓματαιώθη
1270 963 1338 1005 διὰ
1381 968 1498 1020 κενῆς
1537 963 1558 1006 ὃ
1604 966 1687 1007 δεί-

199 1035 340 1081 λαιος·
376 1033 444 1073 καὶ
469 1031 548 1088 γὰρ
577 1033 680 1089 θείῳ
712 1035 880 1088 σκηπτῷ
910 1034 1184 1088 κεραυνωθεὶς
1217 1031 1491 1090 ἓμβρόντητος
1520 1034 1689 1090 γέγονεν.

201 1100 324 1155 ἐτέθη
355 1101 398 1143 δὲ
427 1101 473 1143 τὸ
503 1106 625 1155 σῶμα
653 1100 779 1143 αὐτοῦ
814 1101 856 1141 ἒν
884 1105 942 1157 τῷ
970 1106 1056 1159 ναῷ
1091 1106 1172 1144 τῶν
1204 1100 1328 1158 ἁγίων
1358 1101 1610 1154 ἀποστόλων,
1647 1104 1689 1146 ἐν

202 1168 374 1227 λάρνακι
391 1170 629 1226 Ἀκυντιανῇ
642 1201 654 1221 ,
689 1168 793 1224 μετὰ
818 1169 1036 1226 Ἀριάδνης
1064 1175 1138 1226 τῆς
1163 1171 1353 1226 γυναικὸς
1385 1172 1512 1215 αὐτοῦ
1542 1189 1689 1230 προτε-

201 1237 470 1295 λευτησάσης.
540 1234 660 1290 οὗτος
686 1239 843 1295 λέγεται
872 1244 1024 1283 καῦσαι
1051 1242 1120 1283 καὶ
1153 1240 1204 1284 τὰ
1232 1243 1377 1296 βιβλία
1407 1246 1480 1285 τοῦ
1500 1259 1688 1300 χρυσαρ-
1702 1244 1742 1282 15

200 1325 344 1367 ἵυρου·

338 1377 555 1427 Ἰουστῒνος
588 1375 609 1418 ὅ
642 1377 770 1433 μέγας
798 1376 994 1431 βασιλεὺς
1018 1375 1275 1432 εῬωμαιων
1262 1378 1330 1434 ἔτη
1362 1376 1422 1420 θ’.
1493 1372 1612 1428 οὗτος
1641 1371 1691 1432 ἦν

205 1446 375 1502 εὐσεβὴς
395 1445 498 1503 ανήρ
509 1479 522 1498 ,
550 1445 783 1504 πρεσβύτης
802 1448 870 1488 καὶ
890 1445 992 1488 πολ
958 1464 1146 1504 υπειρος,
1182 1448 1262 1490 ἀπὸ
1283 1452 1543 1505 στρατιωτῶν
1562 1445 1693 1503 ἀρξά-

205 1535 325 1572 μενος
345 1518 411 1560 καὶ
433 1516 506 1566 ἕως
525 1521 599 1571 τῆς
620 1514 847 1572 συγκλήτου
865 1514 1107 1574 προκόψας,
1139 1517 1335 1574 Ἰλλυριὸς
1354 1521 1412 1574 τῷ
1431 1517 1557 1572 γένει·
1589 1517 1626 1558 οἱ
1650 1516 1694 1558 δὲ

153 1588 183 1624 Β
214 1587 362 1646 Θρᾷκα
383 1590 528 1629 τοῦτον
546 1586 730 1641 λέγουσιν
752 1583 866 1628 εἶναι.
935 1580 987 1640 ἦν
1015 1587 1059 1628 δὲ
1087 1589 1145 1629 ‘ccii
1167 1585 1327 1640 σώματι
1348 1589 1520 1641 μεσῆλιξ
1530 1618 1542 1637 ,
1573 1585 1694 1642 εὗρυς
1704 1592 1742 1627 2(

206 1656 303 1707 τοὺς
325 1655 464 1710 ὤμους
485 1657 554 1697 καὶ
578 1655 630 1698 τὰ
651 1656 821 1711 στέρνα,
856 1653 1020 1705 πολιός·
1057 1653 1225 1708 ἔπηιί9ει
1247 1657 1290 1698 de*
1313 1661 1369 1698 τῶ
1389 1654 1594 1738 προσώπω
1617 1672 1694 1697 αυ-

207 1730 281 1768 τοῦ
305 1725 476 1783 ἴρευθος
494 1728 689 1782 βλοσυρῷ
711 1724 795 1766 ὄντι
815 1725 882 1765 καὶ
899 1727 1056 1767 πλατεῖ.
1116 1741 1237 1774 ουτος
1259 1729 1383 1767 πᾶσιν
1403 1724 1570 1780 ἄριστος
1591 1725 1696 1767 idel-

204 1799 295 1850 χθη
307 1827 320 1847 ,
358 1794 539 1850 ζηλωτὴς
559 1798 629 1849 τῆς
648 1792 881 1852 ὀρθοὸόξου
902 1795 1077 1844 πίστεως
1095 1795 1165 1837 καὶ
1184 1796 1228 1837 ἐν
1247 1800 1332 1845 τοῖς
1352 1795 1544 1848 πολέμοις
1563 1811 1613 1849 με
1619 1811 1698 1851 χα-

213 1971 266 2007 ait
295 1970 345 2006 illi
376 1966 485 2006 “ecce
518 1972 563 2007 ob
587 1971 859 2027 perversitatem
886 1970 971 2007 fidei
993 1973 1078 2006 tuae
1102 1971 1147 2006 de
1167 1971 1244 2006 vita
1266 1974 1328 2006 tua
1355 1983 1464 2006 annos
1492 1970 1536 2007 14
1560 1971 1677 2006 deleo.
1679 1968 1701 1983 ”

214 2019 387 2063 simulque
423 2030 484 2053 eos
513 2017 695 2065 expunxit.
744 2031 864 2053 somno
889 2018 1024 2053 solutus
1046 2018 1255 2053 Anastasius
1281 2018 1486 2053 insomnium
1512 2018 1547 2052 id
1572 2020 1704 2052 Aman-

214 2066 267 2099 tio
302 2067 507 2119 praeposito
543 2066 587 2099 ad
622 2078 662 2100 se
697 2071 824 2100 vocato
862 2065 1039 2110 exposuit.
1097 2071 1204 2110 atque
1238 2065 1270 2099 is
1303 2061 1394 2110 “ego
1430 2061 1556 2099 etiam”
1588 2065 1705 2110 inquit

214 2108 452 2156 “imaginatus
476 2123 564 2155 sum,
590 2124 666 2146 cum
691 2113 865 2146 adstarem
886 2110 1063 2146 maiestati
1081 2117 1176 2155 tuae,
1199 2112 1342 2146 venisse
1364 2123 1525 2156 magnum
1547 2123 1704 2169 porcum,

217 2158 280 2214 qui
314 2170 369 2192 me
399 2164 499 2192 veste
524 2165 701 2204 arreptum
726 2158 763 2192 in
788 2165 918 2193 terram
942 2158 1179 2212 prostraverit
1202 2163 1307 2203 atque
1330 2155 1595 2192 devoraverit?
1640 2158 1703 2192 de-

216 2201 300 2239 inde
322 2204 504 2239 Procius·
494 2205 748 2239 insomniorum
774 2205 954 2239 coniector
977 2204 1141 2249 advenit,
1177 2204 1492 2250 pronuntiavitque
1518 2209 1704 2249 utrumque

217 2251 322 2298 paulo
348 2257 430 2297 post
453 2251 528 2286 vita
553 2252 813 2286 defuncturum.
839 2251 903 2285 sed
926 2250 1148 2304 Anastasius,
1173 2262 1250 2284 cum
1274 2251 1428 2285 oraculo
1441 2251 1586 2285 edoctus
1609 2255 1705 2285 esset

218 2299 303 2344 igne
339 2298 407 2332 sibi
442 2299 658 2343 pereundum
682 2299 781 2343 fore,
816 2298 1006 2332 cisternam
1039 2297 1077 2333 in
1110 2297 1241 2342 palatio
1273 2309 1364 2342 quae
1387 2297 1537 2341 Frigida
1562 2297 1703 2340 dicitur,

218 2344 338 2379 multis
369 2345 541 2378 meatibus
566 2345 729 2398 apernit,
767 2356 912 2389 quorum
940 2344 1067 2389 cuique
1089 2345 1195 2378 cadus
1220 2345 1401 2389 appositus
1428 2350 1540 2387 esset,
1573 2355 1704 2378 conans

219 2392 287 2426 hoc
321 2397 425 2436 pacto
458 2391 634 2425 oraculum
668 2391 805 2426 irritum
838 2390 1003 2424 reddere.
1052 2402 1173 2425 verum
1208 2391 1246 2425 id
1280 2390 1343 2424 abs
1373 2402 1414 2424 re
1446 2390 1535 2424 fuit.
1561 2390 1706 2424 fulmine

221 2439 313 2474 enim
338 2438 508 2472 divinitus
534 2444 589 2472 est
612 2437 717 2472 ictus.
767 2437 919 2471 cadaver
950 2436 1028 2470 eius
1057 2437 1094 2471 in
1126 2438 1206 2471 fano
1241 2436 1476 2481 apostolorum
1508 2436 1707 2482 depositum

222 2491 288 2528 est,
314 2483 351 2517 in
376 2485 465 2519 cista
488 2484 714 2530 Aquinfiana,
739 2483 837 2517 iuxta
861 2483 1038 2518 Ariadnae
1064 2484 1184 2518 uxoris
1209 2494 1349 2527 corpus,
1375 2495 1466 2528 quae
1490 2490 1572 2517 ante
1594 2483 1709 2529 ipsum

223 2544 243 2565 e
278 2530 372 2565 vivis
407 2536 620 2566 excesserat.
667 2531 699 2565 is
732 2531 941 2565 Anastasius
983 2529 1098 2565 fertur
1131 2529 1373 2574 Chrysargyri
1412 2529 1539 2565 tributi
1570 2528 1708 2564 tabulas

222 2577 472 2614 combussisse.

319 2624 476 2658 Iustinus
501 2635 647 2669 magnus
671 2625 865 2669 imperator
889 2623 1125 2657 Romanorum
1150 2621 1220 2656 fuit
1242 2632 1352 2655 annos
1376 2622 1418 2666 9,
1446 2621 1499 2656 vir
1521 2621 1622 2668 pius,
1650 2633 1709 2655 se·

226 2682 296 2704 nex
322 2682 362 2703 ac
386 2670 571 2715 multipiici
595 2670 726 2717 peritia
754 2669 948 2716 praeditus.
1006 2681 1026 2703 a
1048 2668 1192 2704 militari
1216 2668 1339 2702 ordine
1363 2679 1473 2713 usque
1497 2670 1541 2702 ad
1564 2674 1710 2702 senato-

226 2717 314 2750 riam
340 2716 545 2761 dignitatem
569 2723 795 2763 pervenerat.
844 2717 962 2761 patria
983 2716 1052 2751 fuit
1076 2715 1257 2759 lilyricus,
1289 2726 1486 2759 quanquam
1510 2715 1569 2748 aiii
1588 2714 1709 2748 Thra-

229 2774 304 2796 cem
328 2763 438 2797 fuisse
465 2763 657 2798 affirmant.
714 2763 883 2818 corporis
905 2768 1040 2797 statura
1071 2762 1140 2796 fuit
1170 2761 1358 2804 mediocii,
1391 2761 1471 2795 latis
1499 2760 1652 2794 humeris
1675 2765 1712 2795 et

220 2815 376 2854 ¹pectore
400 2820 520 2854 caum,
549 2810 644 2844 facie
666 2810 759 2845 truci
783 2822 825 2845 ac
849 2810 919 2843 lata
943 2815 980 2844 et
1004 2810 1134 2843 rubore
1159 2807 1305 2841 insecta.
1344 2808 1512 2854 optimum
1534 2819 1574 2841 se
1599 2807 1712 2840 omni-

231 2855 297 2890 bus
326 2855 603 2902 demonstravit,
640 2867 718 2892 cum
749 2862 788 2892 et
819 2856 1038 2891 orthodoxae
1067 2853 1154 2890 fidei
1183 2853 1346 2890 studeret
1379 2858 1418 2889 et
1438 2853 1530 2889 beno
1554 2865 1713 2898 magnam
