1742 3184
257 192 320 240 10
739 191 980 257 GEORGII
1015 192 1260 238 CEDRENI

197 316 231 353 D
255 309 335 370 πρὸ
353 313 426 367 τῆς
445 305 718 367 παραβάσεως
736 313 794 369 τῷ
816 306 1049 369 ἀνθρώπῳ,
1078 307 1204 363 διότι,
1235 309 1380 368 φησίν,
1407 306 1429 353 ὃ
1451 305 1546 367 ι’)’φις
1566 306 1737 368 ἀνθρω-

247 382 342 440 πίνῃ
370 385 489 440 φωνῇ
511 378 682 436 ἐλάλησε
700 383 753 438 τῇ
772 378 877 442 Εὕα.
946 385 1061 424 πᾶσα
1090 381 1142 431 δέ,
1169 378 1460 438 λογικὴὲφύσις
1482 380 1577 423 κατ’
1598 379 1735 423 εἰκόνα

247 455 374 504 θεοῦ,
409 454 539 494 ταῦτα
568 450 613 493 δέ
643 449 718 494 οὗκ
749 451 825 494 εἰσὶ
856 450 960 494 κατὰ
987 448 1122 494 εἰκόνα
1145 454 1273 494 θεοῦ·
1309 450 1380 493 τὸν
1403 450 1482 508 γὰρ
1507 448 1604 508 ὅφιν
1628 448 1736 505 ὃμοη

249 525 448 579 λογοῦμεν
479 520 738 576 λελαληκέναι
767 524 818 578 τῇ
848 519 964 582 Εὕα,
994 518 1130 576 στόμα
1161 518 1373 578 γενόμενον
1393 525 1452 580 τῷ
1471 524 1606 579 νοητῷ
1623 518 1732 579 ὄφει,

247 593 291 634 ἐν
314 585 349 652 ᾧ
372 589 587 649 ἐνεργήσας
606 589 662 642 ὥς
681 588 853 647 συνήθει
874 589 961 634 ὄντι
978 594 1039 650 τῷ
1060 589 1270 650 ἀνθρώπῳ
1291 591 1406 649 παρὰ
1426 590 1478 634 τὰ
1504 590 1627 633 λοιπὰ
1646 594 1731 646 θη-

248 662 319 720 ρία
356 661 411 704 δι’
447 661 574 704 αὐτοῦ
606 658 787 718 ἢπάτησε
819 661 917 712 τοὺς
947 659 1235 720 προπάτορας,
1269 658 1291 703 ὅ
1324 661 1429 716 μετὰ
1454 665 1574 704 τοῦτο
1599 662 1667 703 καὶ
1690 662 1732 704 ἐν

247 729 427 786 ἀψύχοις
448 729 628 784 εἰδώλοις
647 729 831 787 λαλήσας
847 738 933 783 τοῖς
948 730 1022 774 ὑπ’
1047 732 1173 776 αὐτοῦ
1194 733 1449 775 δελεασθεΐσι
1465 729 1734 788 πολυτρόπως

247 799 575 859 εἰδωλολάτραις.
641 802 688 845 τὸ
712 801 756 844 δὲ
775 799 875 845 εἶναι
897 800 969 846 τὸν
988 800 1087 861 ὅφιν
1106 800 1333 860 τετράπουν
1354 801 1400 845 τὸ
1423 802 1517 860 πρὶν
1539 802 1607 843 καὶ
1627 800 1732 856 μετὰ

244 871 319 928 τὴν
338 871 520 930 πονηρὰν
544 869 748 928 εἰσήγησιν
766 870 1031 931 ἕρπυστικόν,
1066 874 1135 916 καὶ
1157 873 1217 915 ἰὸν
1235 871 1347 931 αὐτῷ
1367 873 1431 915 ἐπὶ
1449 871 1523 927 τὴν
1541 874 1732 927 γλῶσσαν

147 943 179 978 Ρ
200 943 222 981 5
246 942 480 997 ἐντεθῆναι,
517 942 590 984 οὐκ
615 941 878 998 ἀπιστοῦμεν.
948 941 1149 1002 φρόνιμος
1168 943 1212 986 δὲ
1232 940 1253 985 ὃ
1273 940 1368 1000 ὄφις
1388 940 1568 997 ἐκλήθη,
1599 940 1662 984 ὅτι
1682 939 1729 984 τὸ

245 1011 408 1068 λογικὸν
440 1013 541 1070 ζῷον
568 1011 640 1055 τὸν
672 1011 919 1071 ἄνθρωπον,
955 1014 1024 1056 καὶ
1052 1018 1134 1056 τῶν
1161 1012 1296 1055 ἄλλων
1313 1012 1496 1072 ἀγχινοίᾳ
1518 1011 1731 1069 διαφέρον,

245 1084 451 1133 ἐξαπατᾶν
469 1081 645 1135 ἔμελλεν.
693 1081 809 1126 ἄλλοι
828 1083 876 1126 δέ
890 1099 1016 1141 φασιν
1032 1082 1095 1126 ὅτι
1113 1084 1161 1126 οὗ
1181 1086 1242 1142 τῷ
1262 1083 1367 1126 κατὰ
1386 1082 1603 1140 προφορὰν
1623 1079 1733 1139 λόγῳ

244 1149 268 1194 ὃ
292 1151 387 1210 ὄφις
408 1150 633 1209 ἐχρήσατο·
668 1151 762 1194 ἀλλ’
794 1154 834 1196 οἳ
858 1152 1199 1211 πρωτόπλαστοι,
1233 1151 1303 1197 ἅτε
1329 1154 1474 1202 κακίας
1498 1150 1609 1202 ’ὄντες
1633 1151 1733 1206 ἀμι-

243 1227 348 1278 γεῖς,
384 1219 680 1276 ἀκριβεστάτας
714 1220 820 1277 εἰχον
847 1224 923 1274 τὰς
954 1221 1172 1279 αἰσθήσεις
1199 1225 1266 1266 καὶ
1295 1222 1400 1266 πολὺ
1423 1226 1504 1266 τῶν
1526 1220 1733 1278 ἡμετέρων

243 1290 591 1344 διαλλαττούσας,
629 1291 733 1335 ὥστε
761 1292 836 1348 τὴν
868 1293 997 1348 ἀκοὴν
1034 1293 1169 1336 αὐτῶν
1201 1291 1335 1348 πάσης
1366 1290 1563 1349 ὖπάρχειν
1592 1294 1734 1350 φωνῆς

242 1360 498 1417 ἀκουστικήν.
568 1361 705 1417 ἐπειδὴ
738 1361 817 1419 γὰρ
848 1363 1044 1417 βασιλεὺς
1070 1362 1206 1420 ὥσπερ
1229 1361 1424 1420 προήχθη
1447 1363 1490 1404 ἐν
1511 1366 1568 1420 τῷ
1587 1359 1731 1420 κόσμῳ

240 1428 263 1474 ὃ
295 1429 541 1489 ἄνθρωπος,
578 1430 743 1483 εἰκότως
768 1431 865 1474 κατ’
892 1430 1028 1475 εἰκόνα
1053 1435 1159 1475 θεοῦ
1176 1432 1427 1488 γεγέννηται·
1453 1431 1532 1474 ἔδει
1556 1431 1636 1489 γὰρ
1659 1430 1732 1474 τὸν

238 1501 441 1555 μέλλοντα
471 1499 610 1558 ἄρχειν
636 1505 719 1544 τῶν
748 1500 885 1544 ἄλλων
915 1499 1053 1559 ὥσπερ
1071 1501 1163 1544 τινὰ
1182 1499 1317 1544 εἰκόνα
1334 1499 1433 1544 εἶναι
1453 1500 1639 1556 ἔμψυχον
1657 1503 1733 1556 τῆς

238 1574 315 1612 τοῦ
345 1570 635 1625 παμβασιλίως
659 1568 920 1625 ὁμοιότητος,
954 1570 1029 1614 οὐκ
1052 1572 1093 1614 ἐν
1114 1573 1338 1629 πορφυρίδι
1359 1572 1426 1614 καὶ
1446 1569 1641 1630 σκήπτρῳ
1662 1571 1732 1613 καὶ

184 1646 216 1682 Β
242 1638 465 1696 διαδήματι
488 1639 562 1696 τὴν
584 1640 699 1692 ἀξίαν
720 1640 995 1698 ἐμφαίνοντα,
1031 1640 1114 1684 ἐπεὶ
1135 1642 1242 1696 μηδὲ
1259 1640 1304 1684 τὸ
1327 1641 1553 1698 ἀρχέτυπον
1574 1642 1618 1684 ἐν
1633 1639 1742 1686 τού-Α

239 1727 328 1761 τοις
360 1710 490 1762 ἐστίν,
529 1709 622 1752 ἀλλ’
650 1711 691 1753 ἐν
713 1713 773 1769 τῷ
797 1714 1083 1766 κεκοσμῆσθαι
1104 1715 1156 1768 τῇ
1178 1711 1400 1772 ἀφθαρσίᾳ
1424 1714 1492 1754 καὶ
1517 1711 1733 1773 ἀθανασία

241 1780 311 1824 καὶ
333 1780 480 1838 ἀρετῇ·
515 1778 674 1832 τούτοις
693 1780 773 1840 γὰρ
793 1781 984 1837 τιμηθεὶς
1007 1778 1028 1827 ὃ
1047 1779 1272 1840 ἄνθρωπος
1289 1782 1363 1838 τὴν
1382 1780 1484 1840 πρὸς
1503 1780 1549 1824 τὸ
1569 1779 1734 1840 πρωτό-

239 1890 394 1929 minibus
424 1902 514 1927 voce
542 1901 609 1927 usa
632 1893 727 1929 sunt.
774 1902 852 1926 nam
877 1891 1041 1938 (inquit)
1066 1903 1214 1939 serpens
1237 1891 1387 1927 humana
1417 1903 1506 1927 voce
1534 1892 1651 1926 Evam
1676 1894 1734 1928 est

239 1938 427 1974 allocutus.
476 1938 587 1974 omnis
617 1943 734 1974 autem
756 1944 884 1974 natura
905 1939 1045 1982 ratione
1066 1939 1229 1984 praedita
1253 1944 1309 1974 est
1330 1939 1520 1974 secundum
1542 1938 1734 1984 imaginem

240 1985 322 2020 ἀεὶ·
364 1990 402 2020 at
423 1996 510 2020 vero
533 1985 603 2020 ista
629 1997 701 2020 non
725 1990 809 2021 sunt
833 1987 931 2021 sacta
953 1987 1144 2021 secundum
1168 1986 1352 2032 imaginem
1377 1986 1450 2022 dei.
1498 1986 1630 2021 etenim
1652 1998 1734 2021 ser-

240 2037 385 2078 pentem
413 2033 564 2067 fatemur
585 2034 689 2068 Evae
721 2034 834 2068 verba
855 2033 1006 2077 fecisse,
1045 2033 1097 2068 ita
1120 2033 1261 2079 quidem
1288 2038 1329 2067 ut
1351 2033 1382 2068 is
1411 2032 1483 2068 oris
1512 2032 1590 2067 loco
1622 2032 1735 2068 fuerit

241 2079 423 2125 serpenti,
449 2091 551 2125 quem
573 2085 610 2115 et
632 2079 870 2126 significatum
891 2080 1130 2126 intelligentia
1147 2080 1452 2127 deprehendimus.
1503 2080 1561 2116 hic
1583 2079 1666 2126 illo,
1692 2084 1734 2116 ut

242 2137 322 2161 cum
345 2126 486 2161 homine
507 2127 587 2172 plus
611 2138 715 2173 quam
747 2127 894 2173 reliquis
925 2127 973 2163 sit
1004 2127 1239 2163 animantibus
1272 2127 1536 2163 consuetudinis
1565 2127 1734 2172 habente,

239 2183 327 2207 usus
353 2173 604 2219 instrumento,
631 2175 772 2220 generis
791 2174 905 2209 nostri
924 2179 1088 2210 auctores
1106 2175 1260 2222 decepit.
1307 2175 1400 2210 idem
1418 2175 1603 2221 postmodo
1623 2174 1733 2210 etiam

240 2219 281 2253 in
303 2219 496 2255 simulacris
517 2221 680 2257 inanimis
698 2222 836 2257 locutus
860 2226 915 2257 est
938 2222 983 2257 ad
1006 2222 1117 2258 variis
1142 2222 1255 2257 modis
1279 2234 1301 2258 a
1323 2234 1363 2257 se
1386 2221 1564 2257 inescatos
1588 2221 1733 2257 simula-

241 2278 381 2302 crorum
414 2267 580 2303 cultores.
617 2280 754 2315 (neque
787 2274 907 2304 tamen
939 2281 1010 2304 non
1042 2269 1216 2305 credimus
1250 2274 1451 2316 serpentem
1483 2269 1587 2304 initio
1618 2268 1733 2304 fuisse

242 2314 526 2360 quadrupedem,
563 2327 605 2349 ac
627 2322 710 2362 post
733 2315 941 2351 malitiosam
966 2316 1070 2351 istam
1098 2316 1336 2351 inductionem
1358 2316 1450 2352 humi
1475 2316 1643 2363 serpendi
1666 2328 1732 2351 ne-

243 2360 411 2396 cessitate
435 2362 662 2409 adstrictum,
691 2363 905 2409 linguaeque
927 2362 1005 2398 eius
1027 2364 1126 2399 virus
1147 2363 1360 2410 impositum.
1408 2369 1557 2398 vocatus
1577 2368 1633 2398 est
1652 2375 1731 2398 ser-

242 2419 331 2454 pens
356 2408 518 2454 callidus,
544 2410 638 2455 quod
659 2410 811 2455 homini,
837 2410 978 2445 animali
994 2411 1133 2446 ratione
1155 2411 1317 2456 praedito
1343 2414 1380 2446 et
1401 2410 1550 2457 reliquis
1571 2409 1733 2445 acumine

243 2455 370 2489 mentis
398 2456 593 2502 praestanti
625 2462 720 2492 esset
748 2457 991 2503 impositurus.
1048 2457 1109 2492 alii
1143 2458 1263 2493 dicunt
1291 2470 1362 2493 non
1397 2457 1576 2504 expressis
1608 2456 1731 2492 verbis

242 2511 343 2535 usum
367 2508 588 2549 serpentem,
622 2505 684 2539 sed
719 2504 834 2550 primo
866 2509 1005 2540 creatos
1029 2504 1208 2550 homines,
1240 2509 1365 2551 utpote
1397 2506 1441 2540 ab
1477 2504 1571 2538 omni
1597 2503 1732 2540 malitia

239 2558 369 2592 puros,
393 2550 612 2585 acutissimos
636 2551 805 2586 habuisse
828 2563 954 2587 sensus
976 2552 1155 2598 multoque
1179 2552 1309 2587 nostris
1334 2550 1635 2599 praestantior053
1657 2551 1729 2585 ita-

240 2604 311 2638 que
334 2606 397 2629 suo
423 2596 543 2631 auditu
567 2598 682 2633 omnia
706 2599 806 2634 vocis
831 2610 965 2644 genera
986 2599 1203 2645 percepisse.
1251 2600 1392 2644 quando
1430 2599 1523 2633 enim
1555 2598 1593 2632 in
1628 2610 1731 2632 mun-

239 2640 321 2674 dum
346 2641 446 2676 homo
468 2648 633 2689 tanquam
655 2657 721 2682 rex
743 2642 937 2692 productus
961 2645 1052 2692 fuit,
1090 2646 1327 2682 conveniebat
1359 2658 1436 2682 eum
1466 2646 1511 2680 ad
1540 2644 1731 2691 imaginem

242 2686 303 2741 dei
321 2688 450 2742 factum
468 2702 564 2725 esse:
589 2692 720 2739 quippe
741 2693 932 2739 oportebat
952 2705 1029 2728 eum
1049 2693 1110 2740 qui
1129 2693 1207 2729 aliis
1227 2699 1322 2729 esset
1338 2693 1594 2739 imperaturus,
1617 2692 1731 2727 veluti

242 2744 430 2788 imaginem
453 2738 626 2782 quandam
645 2739 832 2775 animatam
854 2751 933 2775 esse
954 2739 1193 2776 similitudinis
1218 2741 1294 2776 eius
1318 2740 1379 2787 qui
1401 2751 1466 2775 rex
1485 2744 1540 2774 est
1558 2739 1731 2781 omnium;

245 2791 309 2826 qul
342 2793 413 2816 non
443 2794 599 2830 purpura
631 2792 772 2833 sceptro
807 2799 849 2822 ac
882 2787 1081 2823 diademate
1122 2788 1338 2833 dignitatem*
1370 2799 1468 2822 suam
1502 2791 1730 2830 monstraret,

244 2829 385 2871 quando
408 2834 445 2864 et
468 2832 644 2878 exemplar
669 2835 714 2868 ad
734 2835 830 2881 quod
851 2833 910 2869 ille
931 2834 1046 2870 factus
1070 2838 1126 2870 est
1148 2834 1236 2870 nihil
1267 2834 1392 2869 horum
1422 2834 1550 2879 habet,
1585 2834 1650 2868 sed
1685 2845 1728 2867 eo

244 2876 342 2918 quod
367 2875 533 2913 interitus
559 2879 738 2915 vacuitate
766 2881 1030 2917 immortalitate
1063 2894 1106 2916 ac
1139 2882 1272 2917 virtute
1305 2886 1495 2916 exornatus
1519 2885 1633 2916 esset:
1672 2879 1728 2914 his

245 2921 338 2959 enim
369 2924 476 2960 rebus
508 2925 695 2965 decoratus
724 2928 827 2966 homo
858 2928 1124 2967 similitudinem
1155 2928 1416 2977 imaginemque
1445 2927 1657 2975 exemplaris
1683 2926 1728 2962 ad
