<?xml version="1.0" encoding="UTF-8"?>
<!DOCTYPE html PUBLIC "-//W3C//DTD XHTML 1.0 Transitional//EN"
    "http://www.w3.org/TR/xhtml1/DTD/xhtml1-transitional.dtd">
<html xmlns="http://www.w3.org/1999/xhtml" xml:lang="en" lang="en">
 <head>
  <title>
</title>
<meta http-equiv="Content-Type" content="text/html;charset=utf-8" />
  <meta name='ocr-system' content='tesseract 3.04.00' />
  <meta name='ocr-capabilities' content='ocr_page ocr_carea ocr_par ocr_line ocrx_word'/>
</head>
<body>
  <div class='ocr_page' id='page_1' title='image "./corpusscriptorum13niebuoft_0626.png"; bbox 0 0 1742 3184; ppageno 0'>
   <div class='ocr_carea' id='block_1_1' title="bbox 201 169 1201 219">
    <p class='ocr_par' dir='ltr' id='par_1_1' title="bbox 201 169 1201 219">
     <span class='ocr_line' id='line_1_1' title="bbox 201 169 1201 219; baseline -0.005 0"><span class='ocrx_word' id='word_1_1' title='bbox 201 171 302 219; x_wconf 82' lang='lat'>602</span> <span class='ocrx_word' id='word_1_2' title='bbox 685 170 925 216; x_wconf 87' lang='lat' dir='ltr'>GEORGII</span> <span class='ocrx_word' id='word_1_3' title='bbox 954 169 1201 214; x_wconf 86' lang='lat' dir='ltr'>GEDRENI</span> 
     </span>
    </p>
   </div>
   <div class='ocr_carea' id='block_1_2' title="bbox 62 280 1742 1878">
    <p class='ocr_par' dir='ltr' id='par_1_2' title="bbox 196 280 1683 414">
     <span class='ocr_line' id='line_1_2' title="bbox 196 280 1682 344; baseline -0.001 -13"><span class='ocrx_word' id='word_1_4' title='bbox 196 286 399 344; x_wconf 81' lang='grc' dir='ltr'><em>Ἰωάννην.</em></span> <span class='ocrx_word' id='word_1_5' title='bbox 467 286 621 344; x_wconf 73' lang='grc' dir='ltr'><em>μαθὼν</em></span> <span class='ocrx_word' id='word_1_6' title='bbox 644 288 688 330; x_wconf 77' lang='grc' dir='ltr'>δὲ</span> <span class='ocrx_word' id='word_1_7' title='bbox 708 285 729 329; x_wconf 81' lang='grc' dir='ltr'>ὁ</span> <span class='ocrx_word' id='word_1_8' title='bbox 750 285 946 341; x_wconf 75' lang='grc' dir='ltr'><em>βασιλεὺς</em></span> <span class='ocrx_word' id='word_1_9' title='bbox 969 284 1032 329; x_wconf 79' lang='grc' dir='ltr'>ὅτι</span> <span class='ocrx_word' id='word_1_10' title='bbox 1058 280 1170 329; x_wconf 70' lang='grc' dir='ltr'><em>οὗτοι</em></span> <span class='ocrx_word' id='word_1_11' title='bbox 1191 287 1260 329; x_wconf 78' lang='grc' dir='ltr'>καὶ</span> <span class='ocrx_word' id='word_1_12' title='bbox 1282 285 1324 328; x_wconf 71' lang='grc' dir='ltr'><em>ἓν</em></span> <span class='ocrx_word' id='word_1_13' title='bbox 1356 290 1407 344; x_wconf 87' lang='grc' dir='ltr'>τῇ</span> <span class='ocrx_word' id='word_1_14' title='bbox 1436 284 1550 330; x_wconf 85' lang='grc' dir='ltr'><em>πόλει</em></span> <span class='ocrx_word' id='word_1_15' title='bbox 1579 287 1682 344; x_wconf 83' lang='grc' dir='ltr'><em>πρὸς</em></span> 
     </span>
     <span class='ocr_line' id='line_1_3' title="bbox 202 353 1683 414; baseline -0.002 -13"><span class='ocrx_word' id='word_1_16' title='bbox 202 358 330 414; x_wconf 76' lang='grc' dir='ltr'><em>αὐτὴν</em></span> <span class='ocrx_word' id='word_1_17' title='bbox 351 355 582 413; x_wconf 76' lang='grc' dir='ltr'><em>ἐσύχναζον,</em></span> <span class='ocrx_word' id='word_1_18' title='bbox 618 357 860 406; x_wconf 77' lang='grc' dir='ltr'><em>ἀποστείλας</em></span> <span class='ocrx_word' id='word_1_19' title='bbox 880 355 1176 413; x_wconf 74' lang='grc' dir='ltr'><em>ἀπεκεφάλισεν</em></span> <span class='ocrx_word' id='word_1_20' title='bbox 1202 353 1366 406; x_wconf 73' lang='grc' dir='ltr'><em>αὐτούς.</em></span> <span class='ocrx_word' id='word_1_21' title='bbox 1406 356 1482 412; x_wconf 82' lang='grc' dir='ltr'>τὴν</span> <span class='ocrx_word' id='word_1_22' title='bbox 1503 357 1547 400; x_wconf 74' lang='grc' dir='ltr'>δὲ</span> <span class='ocrx_word' id='word_1_23' title='bbox 1565 355 1683 413; x_wconf 74' lang='grc' dir='ltr'><em>ἁγίαν</em></span> 
     </span>
    </p>

    <p class='ocr_par' dir='ltr' id='par_1_3' title="bbox 147 424 1716 761">
     <span class='ocr_line' id='line_1_4' title="bbox 147 424 1682 484; baseline -0.002 -13"><span class='ocrx_word' id='word_1_24' title='bbox 147 439 178 474; x_wconf 85' lang='lat' dir='ltr'>c</span> <span class='ocrx_word' id='word_1_25' title='bbox 201 429 463 484; x_wconf 74' lang='grc' dir='ltr'><em>Πουλχεριάν</em></span> <span class='ocrx_word' id='word_1_26' title='bbox 483 427 586 482; x_wconf 80' lang='grc' dir='ltr'><em>μετὰ</em></span> <span class='ocrx_word' id='word_1_27' title='bbox 608 429 761 480; x_wconf 81' lang='grc' dir='ltr'><em>πολλῆς</em></span> <span class='ocrx_word' id='word_1_28' title='bbox 782 424 1078 481; x_wconf 79' lang='grc' dir='ltr'><em>παρακλήσεως</em></span> <span class='ocrx_word' id='word_1_29' title='bbox 1095 425 1304 482; x_wconf 82' lang='grc' dir='ltr'><em>εἲσήγαγεν</em></span> <span class='ocrx_word' id='word_1_30' title='bbox 1323 427 1380 476; x_wconf 74' lang='grc' dir='ltr'>εἷς</span> <span class='ocrx_word' id='word_1_31' title='bbox 1395 427 1451 473; x_wconf 72' lang='grc' dir='ltr'><em>,τὰ</em></span> <span class='ocrx_word' id='word_1_32' title='bbox 1469 427 1682 481; x_wconf 82' lang='grc' dir='ltr'><em>βασίλεια·</em></span> 
     </span>
     <span class='ocr_line' id='line_1_5' title="bbox 197 493 1681 553; baseline -0.002 -13"><span class='ocrx_word' id='word_1_33' title='bbox 197 498 286 553; x_wconf 75' lang='grc' dir='ltr'><em>ἣτις</em></span> <span class='ocrx_word' id='word_1_34' title='bbox 315 497 443 547; x_wconf 76' lang='grc' dir='ltr'><em>εὐθὺς</em></span> <span class='ocrx_word' id='word_1_35' title='bbox 471 496 745 538; x_wconf 77' lang='grc' dir='ltr'><em>ἄποστείλασα</em></span> <span class='ocrx_word' id='word_1_36' title='bbox 767 496 823 546; x_wconf 80' lang='grc' dir='ltr'>εἷς</span> <span class='ocrx_word' id='word_1_37' title='bbox 844 494 1023 553; x_wconf 81' lang='grc' dir='ltr'><em>’Ἐφεσον</em></span> <span class='ocrx_word' id='word_1_38' title='bbox 1041 495 1164 552; x_wconf 75' lang='grc' dir='ltr'><em>ἤγαγε</em></span> <span class='ocrx_word' id='word_1_39' title='bbox 1187 495 1232 538; x_wconf 84' lang='grc' dir='ltr'>τὸ</span> <span class='ocrx_word' id='word_1_40' title='bbox 1258 496 1453 550; x_wconf 77' lang='grc' dir='ltr'><strong><em>λείψανον</em></strong></span> <span class='ocrx_word' id='word_1_41' title='bbox 1469 500 1544 539; x_wconf 82' lang='grc' dir='ltr'>τοῦ</span> <span class='ocrx_word' id='word_1_42' title='bbox 1566 493 1681 551; x_wconf 76' lang='grc' dir='ltr'><em>ἁγίου</em></span> 
     </span>
     <span class='ocr_line' id='line_1_6' title="bbox 202 564 1716 623; baseline -0.001 -14"><span class='ocrx_word' id='word_1_43' title='bbox 202 570 457 622; x_wconf 77' lang='grc' dir='ltr'><em>Φλαβιανοῦ.</em></span> <span class='ocrx_word' id='word_1_44' title='bbox 528 565 619 608; x_wconf 88' lang='grc' dir='ltr'><em>τότε</em></span> <span class='ocrx_word' id='word_1_45' title='bbox 643 567 708 607; x_wconf 79' lang='grc' dir='ltr'>καὶ</span> <span class='ocrx_word' id='word_1_46' title='bbox 729 564 802 619; x_wconf 81' lang='grc' dir='ltr'>τὴν</span> <span class='ocrx_word' id='word_1_47' title='bbox 823 569 904 607; x_wconf 82' lang='grc' dir='ltr'>τῶν</span> <span class='ocrx_word' id='word_1_48' title='bbox 922 566 1255 622; x_wconf 83' lang='grc' dir='ltr'><em>Χαλκοπρατίων</em></span> <span class='ocrx_word' id='word_1_49' title='bbox 1275 566 1490 620; x_wconf 76' lang='grc' dir='ltr'><strong><em>ἐκκλησίαν</em></strong></span> <span class='ocrx_word' id='word_1_50' title='bbox 1509 569 1560 623; x_wconf 85' lang='grc' dir='ltr'>τῇ</span> <span class='ocrx_word' id='word_1_51' title='bbox 1579 569 1681 608; x_wconf 84' lang='grc' dir='ltr'><em>θεο-</em></span> <span class='ocrx_word' id='word_1_52' title='bbox 1695 572 1716 607; x_wconf 82' lang='grc'><strong>6</strong></span> 
     </span>
     <span class='ocr_line' id='line_1_7' title="bbox 199 628 1686 694; baseline -0.002 -14"><span class='ocrx_word' id='word_1_53' title='bbox 199 635 310 694; x_wconf 81' lang='grc' dir='ltr'><em>τόκῳ</em></span> <span class='ocrx_word' id='word_1_54' title='bbox 340 634 547 692; x_wconf 78' lang='grc' dir='ltr'><em>ἀνήγειρε,</em></span> <span class='ocrx_word' id='word_1_55' title='bbox 584 635 823 691; x_wconf 75' lang='grc' dir='ltr'><em>συναγωγὴν</em></span> <span class='ocrx_word' id='word_1_56' title='bbox 849 634 1061 677; x_wconf 76' lang='grc' dir='ltr'><em>Ἰουδαίων</em></span> <span class='ocrx_word' id='word_1_57' title='bbox 1092 632 1290 692; x_wconf 78' lang='grc' dir='ltr'><em>πρότερον</em></span> <span class='ocrx_word' id='word_1_58' title='bbox 1319 628 1462 680; x_wconf 64' lang='grc' dir='ltr'><em>οὖσαν.</em></span> <span class='ocrx_word' id='word_1_59' title='bbox 1534 638 1608 690; x_wconf 84' lang='grc' dir='ltr'><em>τῆς</em></span> <span class='ocrx_word' id='word_1_60' title='bbox 1641 635 1686 677; x_wconf 79' lang='grc' dir='ltr'>δὲ</span> 
     </span>
     <span class='ocr_line' id='line_1_8' title="bbox 201 702 1340 761; baseline -0.002 -12"><span class='ocrx_word' id='word_1_61' title='bbox 201 706 414 761; x_wconf 75' lang='grc' dir='ltr'><strong><em>ἐκκλησίας</em></strong></span> <span class='ocrx_word' id='word_1_62' title='bbox 430 704 536 759; x_wconf 82' lang='grc' dir='ltr'><em>μετὰ</em></span> <span class='ocrx_word' id='word_1_63' title='bbox 556 703 795 759; x_wconf 81' lang='grc' dir='ltr'><em>Φλαβιανὸν</em></span> <span class='ocrx_word' id='word_1_64' title='bbox 808 702 1040 755; x_wconf 83' lang='grc' dir='ltr'><em>Ἀνατόλιος</em></span> <span class='ocrx_word' id='word_1_65' title='bbox 1058 702 1340 748; x_wconf 75' lang='grc' dir='ltr'><em>ε’πεσκόπευσε.</em></span> 
     </span>
    </p>

    <p class='ocr_par' dir='ltr' id='par_1_4' title="bbox 197 772 1742 1110">
     <span class='ocr_line' id='line_1_9' title="bbox 340 772 1686 831; baseline -0.003 -14"><span class='ocrx_word' id='word_1_66' title='bbox 340 774 466 818; x_wconf 64' lang='lat' dir='ltr'>Met&amp;</span> <span class='ocrx_word' id='word_1_67' title='bbox 496 774 544 817; x_wconf 78' lang='grc' dir='ltr'>δέ</span> <span class='ocrx_word' id='word_1_68' title='bbox 560 791 649 816; x_wconf 86' lang='grc' dir='ltr'><em>τινα</em></span> <span class='ocrx_word' id='word_1_69' title='bbox 674 772 827 831; x_wconf 79' lang='grc' dir='ltr'><em>χρόνον</em></span> <span class='ocrx_word' id='word_1_70' title='bbox 846 775 1019 829; x_wconf 76' lang='grc' dir='ltr'><em>ἐξῆλθεν</em></span> <span class='ocrx_word' id='word_1_71' title='bbox 1042 772 1063 817; x_wconf 85' lang='grc' dir='ltr'><strong>ὅ</strong></span> <span class='ocrx_word' id='word_1_72' title='bbox 1085 774 1280 829; x_wconf 77' lang='grc' dir='ltr'><em>βασιλεὺς</em></span> <span class='ocrx_word' id='word_1_73' title='bbox 1301 774 1582 827; x_wconf 79' lang='grc' dir='ltr'><em>ἱππασθῆναι·</em></span> <span class='ocrx_word' id='word_1_74' title='bbox 1618 773 1686 814; x_wconf 84' lang='grc' dir='ltr'>καὶ</span> 
     </span>
     <span class='ocr_line' id='line_1_10' title="bbox 202 840 1686 901; baseline -0.004 -13"><span class='ocrx_word' id='word_1_75' title='bbox 202 842 480 899; x_wconf 82' lang='grc' dir='ltr'><em>συμπεσόντος</em></span> <span class='ocrx_word' id='word_1_76' title='bbox 502 844 615 901; x_wconf 78' lang='grc' dir='ltr'><em>αὐτῷ</em></span> <span class='ocrx_word' id='word_1_77' title='bbox 637 848 710 886; x_wconf 84' lang='grc' dir='ltr'>τοῦ</span> <span class='ocrx_word' id='word_1_78' title='bbox 736 845 864 886; x_wconf 67' lang='grc' dir='ltr'><em>ἰ’ππου</em></span> <span class='ocrx_word' id='word_1_79' title='bbox 896 845 1060 900; x_wconf 81' lang='grc' dir='ltr'><em>πληγεὶς</em></span> <span class='ocrx_word' id='word_1_80' title='bbox 1091 846 1280 898; x_wconf 78' lang='grc' dir='ltr'><em>εἷσῆλθεν</em></span> <span class='ocrx_word' id='word_1_81' title='bbox 1310 845 1352 886; x_wconf 76' lang='grc' dir='ltr'>ἐν</span> <span class='ocrx_word' id='word_1_82' title='bbox 1385 843 1569 899; x_wconf 83' lang='grc' dir='ltr'><em>λεκτικίῳ</em></span> <span class='ocrx_word' id='word_1_83' title='bbox 1595 840 1686 895; x_wconf 75' lang='grc' dir='ltr'><em>ἤτοι</em></span> 
     </span>
     <span class='ocr_line' id='line_1_11' title="bbox 203 909 1742 972; baseline -0.003 -15"><span class='ocrx_word' id='word_1_84' title='bbox 203 915 382 972; x_wconf 77' lang='grc' dir='ltr'><em>φορείῳ,</em></span> <span class='ocrx_word' id='word_1_85' title='bbox 435 914 503 955; x_wconf 83' lang='grc' dir='ltr'>καὶ</span> <span class='ocrx_word' id='word_1_86' title='bbox 535 913 712 963; x_wconf 75' lang='grc' dir='ltr'>καλέσας</span> <span class='ocrx_word' id='word_1_87' title='bbox 743 913 818 967; x_wconf 74' lang='grc' dir='ltr'>τὴν</span> <span class='ocrx_word' id='word_1_88' title='bbox 849 913 1033 970; x_wconf 80' lang='grc' dir='ltr'><em>ἀδελφὴν</em></span> <span class='ocrx_word' id='word_1_89' title='bbox 1057 915 1318 970; x_wconf 78' lang='grc' dir='ltr'><em>Πουλχερίαν</em></span> <span class='ocrx_word' id='word_1_90' title='bbox 1347 910 1453 955; x_wconf 74' lang='grc' dir='ltr'><em>εἶπεν</em></span> <span class='ocrx_word' id='word_1_91' title='bbox 1486 911 1590 968; x_wconf 81' lang='grc' dir='ltr'><em>αὐτῇ</em></span> <span class='ocrx_word' id='word_1_92' title='bbox 1620 909 1687 952; x_wconf 74' lang='grc' dir='ltr'><em>διὰ</em></span> <span class='ocrx_word' id='word_1_93' title='bbox 1699 918 1742 953; x_wconf 80' lang='lat'>10</span> 
     </span>
     <span class='ocr_line' id='line_1_12' title="bbox 202 980 1689 1040; baseline -0.004 -13"><span class='ocrx_word' id='word_1_94' title='bbox 202 982 455 1040; x_wconf 81' lang='grc' dir='ltr'><em>Μαρκιανόν</em></span> <span class='ocrx_word' id='word_1_95' title='bbox 473 983 546 1026; x_wconf 86' lang='grc' dir='ltr'>τὸν</span> <span class='ocrx_word' id='word_1_96' title='bbox 562 982 646 1038; x_wconf 80' lang='grc' dir='ltr'><em>μετ’</em></span> <span class='ocrx_word' id='word_1_97' title='bbox 671 981 795 1025; x_wconf 79' lang='grc' dir='ltr'><em>αὐτὸν</em></span> <span class='ocrx_word' id='word_1_98' title='bbox 813 981 1137 1036; x_wconf 75' lang='grc' dir='ltr'><em>βασιλεύσαντα·</em></span> <span class='ocrx_word' id='word_1_99' title='bbox 1163 981 1313 1025; x_wconf 54' lang='lat' dir='ltr'>“wito</span> <span class='ocrx_word' id='word_1_100' title='bbox 1336 980 1415 1039; x_wconf 80' lang='grc' dir='ltr'>γάρ</span> <span class='ocrx_word' id='word_1_101' title='bbox 1435 981 1537 1035; x_wconf 77' lang='grc' dir='ltr'><em>μοι”</em></span> <span class='ocrx_word' id='word_1_102' title='bbox 1565 981 1689 1038; x_wconf 86' lang='grc' dir='ltr'><em>φησίν</em></span> 
     </span>
     <span class='ocr_line' id='line_1_13' title="bbox 197 1049 1689 1110; baseline -0.004 -14"><span class='ocrx_word' id='word_1_103' title='bbox 197 1051 423 1108; x_wconf 74' lang='grc' dir='ltr'><em>“Ἰωάννης</em></span> <span class='ocrx_word' id='word_1_104' title='bbox 453 1050 474 1095; x_wconf 82' lang='grc' dir='ltr'><strong>ὅ</strong></span> <span class='ocrx_word' id='word_1_105' title='bbox 506 1050 704 1108; x_wconf 80' lang='grc' dir='ltr'><em>θεολόγος</em></span> <span class='ocrx_word' id='word_1_106' title='bbox 737 1050 1000 1106; x_wconf 78' lang='grc' dir='ltr'><em>ἀπεκάλυψεν</em></span> <span class='ocrx_word' id='word_1_107' title='bbox 1008 1084 1022 1104; x_wconf 90' lang='grc'><em>,</em></span> <span class='ocrx_word' id='word_1_108' title='bbox 1059 1054 1102 1095; x_wconf 73' lang='grc' dir='ltr'>ἓν</span> <span class='ocrx_word' id='word_1_109' title='bbox 1124 1053 1284 1110; x_wconf 78' lang='grc' dir='ltr'><em>Ἐφέσῳ</em></span> <span class='ocrx_word' id='word_1_110' title='bbox 1313 1069 1385 1105; x_wconf 85' lang='grc' dir='ltr'><em>μοι</em></span> <span class='ocrx_word' id='word_1_111' title='bbox 1417 1049 1546 1094; x_wconf 52' lang='lat' dir='ltr'>abu?</span> <span class='ocrx_word' id='word_1_112' title='bbox 1620 1050 1689 1091; x_wconf 83' lang='grc' dir='ltr'>καὶ</span> 
     </span>
    </p>

    <p class='ocr_par' dir='ltr' id='par_1_5' title="bbox 149 1119 1742 1459">
     <span class='ocr_line' id='line_1_14' title="bbox 149 1119 1691 1180; baseline -0.005 -12"><span class='ocrx_word' id='word_1_113' title='bbox 149 1133 183 1168; x_wconf 89' lang='lat' dir='ltr'>D</span> <span class='ocrx_word' id='word_1_114' title='bbox 204 1120 569 1179; x_wconf 73' lang='grc' dir='ltr'>μεταστειλάμενος</span> <span class='ocrx_word' id='word_1_115' title='bbox 588 1121 837 1178; x_wconf 81' lang='grc' dir='ltr'><em>Μαρκιανὸν</em></span> <span class='ocrx_word' id='word_1_116' title='bbox 856 1119 961 1164; x_wconf 79' lang='grc' dir='ltr'><em>εἶπεν</em></span> <span class='ocrx_word' id='word_1_117' title='bbox 981 1122 1094 1180; x_wconf 75' lang='grc' dir='ltr'><em>αὐτῷ</em></span> <span class='ocrx_word' id='word_1_118' title='bbox 1109 1124 1172 1164; x_wconf 76' lang='grc' dir='ltr'>ἐπὶ</span> <span class='ocrx_word' id='word_1_119' title='bbox 1188 1121 1395 1179; x_wconf 79' lang='grc' dir='ltr'><em>Ἄσπαρος</em></span> <span class='ocrx_word' id='word_1_120' title='bbox 1413 1121 1480 1162; x_wconf 81' lang='grc' dir='ltr'>καὶ</span> <span class='ocrx_word' id='word_1_121' title='bbox 1501 1123 1573 1174; x_wconf 81' lang='grc' dir='ltr'>τῆς</span> <span class='ocrx_word' id='word_1_122' title='bbox 1590 1135 1691 1174; x_wconf 80' lang='grc' dir='ltr'><em>συγ-</em></span> 
     </span>
     <span class='ocr_line' id='line_1_15' title="bbox 203 1188 1689 1248; baseline -0.005 -12"><span class='ocrx_word' id='word_1_123' title='bbox 203 1192 354 1248; x_wconf 80' lang='grc' dir='ltr'><em>κλήτου</em></span> <span class='ocrx_word' id='word_1_124' title='bbox 379 1190 577 1247; x_wconf 72' lang='grc' dir='ltr'><em>“ἐὸ“ει’χθη</em></span> <span class='ocrx_word' id='word_1_125' title='bbox 601 1208 673 1246; x_wconf 81' lang='grc' dir='ltr'><em>μοι</em></span> <span class='ocrx_word' id='word_1_126' title='bbox 697 1189 760 1233; x_wconf 80' lang='grc' dir='ltr'>ὅτι</span> <span class='ocrx_word' id='word_1_127' title='bbox 783 1207 827 1234; x_wconf 86' lang='grc' dir='ltr'>σε</span> <span class='ocrx_word' id='word_1_128' title='bbox 853 1192 919 1234; x_wconf 80' lang='grc' dir='ltr'>δεῖ</span> <span class='ocrx_word' id='word_1_129' title='bbox 935 1192 1126 1247; x_wconf 82' lang='grc' dir='ltr'><em>γενέσθαι</em></span> <span class='ocrx_word' id='word_1_130' title='bbox 1146 1192 1320 1246; x_wconf 77' lang='grc' dir='ltr'><strong><em>βασιλέα</em></strong></span> <span class='ocrx_word' id='word_1_131' title='bbox 1341 1191 1434 1244; x_wconf 73' lang='grc' dir='ltr'><em>μετ’</em></span> <span class='ocrx_word' id='word_1_132' title='bbox 1454 1188 1570 1243; x_wconf 50' lang='lat' dir='ltr'>{nef-’³</span> <span class='ocrx_word' id='word_1_133' title='bbox 1621 1189 1689 1230; x_wconf 82' lang='grc' dir='ltr'>καὶ</span> 
     </span>
     <span class='ocr_line' id='line_1_16' title="bbox 202 1259 1742 1318; baseline -0.002 -13"><span class='ocrx_word' id='word_1_134' title='bbox 202 1264 306 1318; x_wconf 75' lang='grc' dir='ltr'><em>μεθ’</em></span> <span class='ocrx_word' id='word_1_135' title='bbox 330 1260 488 1318; x_wconf 75' lang='grc' dir='ltr'><em>ἡμέρας</em></span> <span class='ocrx_word' id='word_1_136' title='bbox 516 1260 590 1304; x_wconf 78' lang='grc' dir='ltr'>δύο</span> <span class='ocrx_word' id='word_1_137' title='bbox 625 1259 855 1315; x_wconf 73' lang='grc' dir='ltr'><em>ἐτελεύτησε</em></span> <span class='ocrx_word' id='word_1_138' title='bbox 867 1291 881 1313; x_wconf 90' lang='grc'><em>,</em></span> <span class='ocrx_word' id='word_1_139' title='bbox 928 1262 995 1303; x_wconf 82' lang='grc' dir='ltr'>καὶ</span> <span class='ocrx_word' id='word_1_140' title='bbox 1019 1262 1179 1304; x_wconf 75' lang='grc' dir='ltr'><em>τίθεται</em></span> <span class='ocrx_word' id='word_1_141' title='bbox 1202 1261 1249 1304; x_wconf 83' lang='grc' dir='ltr'>τὸ</span> <span class='ocrx_word' id='word_1_142' title='bbox 1273 1264 1393 1314; x_wconf 79' lang='grc' dir='ltr'><em>σῶμα</em></span> <span class='ocrx_word' id='word_1_143' title='bbox 1415 1259 1542 1301; x_wconf 77' lang='grc' dir='ltr'><em>αὐτοῦ</em></span> <span class='ocrx_word' id='word_1_144' title='bbox 1565 1260 1607 1300; x_wconf 77' lang='grc' dir='ltr'>ἓν</span> <span class='ocrx_word' id='word_1_145' title='bbox 1630 1261 1689 1315; x_wconf 71' lang='grc' dir='ltr'>τῷ</span> <span class='ocrx_word' id='word_1_146' title='bbox 1703 1266 1742 1302; x_wconf 79' lang='lat'>1⁵</span> 
     </span>
     <span class='ocr_line' id='line_1_17' title="bbox 202 1325 1689 1391; baseline -0.004 -16"><span class='ocrx_word' id='word_1_147' title='bbox 202 1337 290 1391; x_wconf 78' lang='grc' dir='ltr'>ναῷ</span> <span class='ocrx_word' id='word_1_148' title='bbox 312 1336 393 1375; x_wconf 81' lang='grc' dir='ltr'>τῶν</span> <span class='ocrx_word' id='word_1_149' title='bbox 413 1330 537 1388; x_wconf 78' lang='grc' dir='ltr'><em>ἁγίων</em></span> <span class='ocrx_word' id='word_1_150' title='bbox 559 1328 811 1373; x_wconf 81' lang='grc' dir='ltr'><em>ἀποστόλων.</em></span> <span class='ocrx_word' id='word_1_151' title='bbox 881 1330 981 1386; x_wconf 84' lang='grc' dir='ltr'><em>γυνὴ</em></span> <span class='ocrx_word' id='word_1_152' title='bbox 1015 1331 1059 1374; x_wconf 63' lang='lat' dir='ltr'>de*</span> <span class='ocrx_word' id='word_1_153' title='bbox 1088 1329 1233 1374; x_wconf 80' lang='grc' dir='ltr'><em>τούτου</em></span> <span class='ocrx_word' id='word_1_154' title='bbox 1255 1330 1438 1373; x_wconf 78' lang='grc' dir='ltr'>Εὐδοκία</span> <span class='ocrx_word' id='word_1_155' title='bbox 1449 1360 1463 1382; x_wconf 94' lang='grc'><em>,</em></span> <span class='ocrx_word' id='word_1_156' title='bbox 1498 1325 1689 1384; x_wconf 74' lang='grc' dir='ltr'><em>θυγάτηρ</em></span> 
     </span>
     <span class='ocr_line' id='line_1_18' title="bbox 202 1398 945 1459; baseline -0.007 -13"><span class='ocrx_word' id='word_1_157' title='bbox 202 1402 406 1446; x_wconf 83' lang='grc' dir='ltr'><em>Λεοντίου</em></span> <span class='ocrx_word' id='word_1_158' title='bbox 428 1398 660 1459; x_wconf 83' lang='grc' dir='ltr'><em>φιλοσόφου</em></span> <span class='ocrx_word' id='word_1_159' title='bbox 684 1401 726 1451; x_wconf 76' lang='grc' dir='ltr'>ἐξ</span> <span class='ocrx_word' id='word_1_160' title='bbox 745 1399 945 1454; x_wconf 80' lang='grc' dir='ltr'><em>Ἀθηνῶν.</em></span> 
     </span>
    </p>

    <p class='ocr_par' dir='ltr' id='par_1_6' title="bbox 203 1465 1742 1735">
     <span class='ocr_line' id='line_1_19' title="bbox 332 1465 1694 1527; baseline -0.006 -13"><span class='ocrx_word' id='word_1_161' title='bbox 332 1469 396 1513; x_wconf 88' lang='lat' dir='ltr'>‘H</span> <span class='ocrx_word' id='word_1_162' title='bbox 423 1471 468 1513; x_wconf 75' lang='grc' dir='ltr'>δὲ</span> <span class='ocrx_word' id='word_1_163' title='bbox 498 1469 609 1527; x_wconf 83' lang='grc' dir='ltr'><em>σοφὴ</em></span> <span class='ocrx_word' id='word_1_164' title='bbox 642 1471 709 1512; x_wconf 82' lang='grc' dir='ltr'>καὶ</span> <span class='ocrx_word' id='word_1_165' title='bbox 740 1468 882 1525; x_wconf 79' lang='grc' dir='ltr'><em>ἀγαθὴ</em></span> <span class='ocrx_word' id='word_1_166' title='bbox 906 1467 1144 1524; x_wconf 79' lang='grc' dir='ltr'><em>Πουλχεριά</em></span> <span class='ocrx_word' id='word_1_167' title='bbox 1164 1465 1289 1522; x_wconf 78' lang='grc' dir='ltr'><em>μήπω</em></span> <span class='ocrx_word' id='word_1_168' title='bbox 1315 1470 1389 1522; x_wconf 84' lang='grc' dir='ltr'>τῆς</span> <span class='ocrx_word' id='word_1_169' title='bbox 1409 1469 1484 1508; x_wconf 77' lang='grc' dir='ltr'><em>τοῦ</em></span> <span class='ocrx_word' id='word_1_170' title='bbox 1509 1465 1694 1522; x_wconf 79' lang='grc' dir='ltr'><em>ἀδελφοῦ</em></span> 
     </span>
     <span class='ocr_line' id='line_1_20' title="bbox 204 1533 1693 1597; baseline -0.006 -12"><span class='ocrx_word' id='word_1_171' title='bbox 204 1544 394 1596; x_wconf 80' lang='grc' dir='ltr'><em>τελευτῆς</em></span> <span class='ocrx_word' id='word_1_172' title='bbox 421 1541 676 1597; x_wconf 68' lang='grc' dir='ltr'><em>γνωσθείσης</em></span> <span class='ocrx_word' id='word_1_173' title='bbox 700 1537 1046 1594; x_wconf 85' lang='grc' dir='ltr'><em>μεταστειλαμένη</em></span> <span class='ocrx_word' id='word_1_174' title='bbox 1075 1537 1146 1580; x_wconf 84' lang='grc' dir='ltr'>τὸν</span> <span class='ocrx_word' id='word_1_175' title='bbox 1167 1534 1443 1594; x_wconf 79' lang='grc' dir='ltr'><em>Μαρκιανόν,</em></span> <span class='ocrx_word' id='word_1_176' title='bbox 1490 1533 1623 1591; x_wconf 72' lang='grc' dir='ltr'><em>ἄνδρα</em></span> <span class='ocrx_word' id='word_1_177' title='bbox 1650 1535 1693 1576; x_wconf 72' lang='grc' dir='ltr'>ἐν</span> 
     </span>
     <span class='ocr_line' id='line_1_21' title="bbox 205 1601 1742 1668; baseline -0.004 -14"><span class='ocrx_word' id='word_1_178' title='bbox 205 1609 455 1668; x_wconf 80' lang='grc' dir='ltr'><em>σωφροσύνῃ</em></span> <span class='ocrx_word' id='word_1_179' title='bbox 480 1611 545 1652; x_wconf 84' lang='grc' dir='ltr'>καὶ</span> <span class='ocrx_word' id='word_1_180' title='bbox 568 1607 782 1663; x_wconf 83' lang='grc' dir='ltr'><em>σεμνότητι</em></span> <span class='ocrx_word' id='word_1_181' title='bbox 807 1608 1082 1664; x_wconf 75' lang='grc' dir='ltr'><em>διαπρέποντα</em></span> <span class='ocrx_word' id='word_1_182' title='bbox 1094 1639 1107 1659; x_wconf 96' lang='grc'><em>,</em></span> <span class='ocrx_word' id='word_1_183' title='bbox 1142 1608 1312 1663; x_wconf 78' lang='grc' dir='ltr'><em>γέροντα</em></span> <span class='ocrx_word' id='word_1_184' title='bbox 1335 1605 1433 1649; x_wconf 70' lang='grc' dir='ltr'><em>ὄντα</em></span> <span class='ocrx_word' id='word_1_185' title='bbox 1454 1606 1521 1647; x_wconf 84' lang='grc' dir='ltr'>καὶ</span> <span class='ocrx_word' id='word_1_186' title='bbox 1544 1601 1742 1648; x_wconf 60' lang='lat' dir='ltr'>{zama-20</span> 
     </span>
     <span class='ocr_line' id='line_1_22' title="bbox 203 1673 1697 1735; baseline -0.005 -13"><span class='ocrx_word' id='word_1_187' title='bbox 203 1697 350 1732; x_wconf 88' lang='grc' dir='ltr'><em>τατον,</em></span> <span class='ocrx_word' id='word_1_188' title='bbox 395 1681 498 1735; x_wconf 84' lang='grc' dir='ltr'><em>λέγει</em></span> <span class='ocrx_word' id='word_1_189' title='bbox 518 1679 621 1735; x_wconf 78' lang='grc' dir='ltr'><em>πρὸς</em></span> <span class='ocrx_word' id='word_1_190' title='bbox 643 1676 767 1720; x_wconf 77' lang='grc' dir='ltr'><em>αὐτόν</em></span> <span class='ocrx_word' id='word_1_191' title='bbox 790 1675 958 1732; x_wconf 68' lang='grc' dir='ltr'>ιιἐπειδὴ</span> <span class='ocrx_word' id='word_1_192' title='bbox 985 1675 1006 1720; x_wconf 82' lang='grc' dir='ltr'><strong>ὅ</strong></span> <span class='ocrx_word' id='word_1_193' title='bbox 1028 1676 1224 1731; x_wconf 78' lang='grc' dir='ltr'><em>βασιλεὺς</em></span> <span class='ocrx_word' id='word_1_194' title='bbox 1242 1675 1508 1730; x_wconf 77' lang='grc' dir='ltr'><em>ἐτελεύτησεν,</em></span> <span class='ocrx_word' id='word_1_195' title='bbox 1543 1673 1623 1729; x_wconf 78' lang='grc' dir='ltr'><em>ε’γιὺ</em></span> <span class='ocrx_word' id='word_1_196' title='bbox 1650 1673 1697 1715; x_wconf 84' lang='grc' dir='ltr'>ὸέ</span> 
     </span>
    </p>

    <p class='ocr_par' dir='ltr' id='par_1_7' title="bbox 62 1740 1694 1878">
     <span class='ocr_line' id='line_1_23' title="bbox 62 1740 1694 1804; baseline -0.006 -11"><span class='ocrx_word' id='word_1_197' title='bbox 62 1758 91 1792; x_wconf 90' lang='grc' dir='ltr'><strong>Ρ</strong></span> <span class='ocrx_word' id='word_1_198' title='bbox 115 1756 186 1793; x_wconf 80' lang='lat'>344</span> <span class='ocrx_word' id='word_1_199' title='bbox 211 1768 254 1793; x_wconf 90' lang='grc' dir='ltr'>σε</span> <span class='ocrx_word' id='word_1_200' title='bbox 277 1747 518 1804; x_wconf 69' lang='grc' dir='ltr'><em>ἐξελεξάμην</em></span> <span class='ocrx_word' id='word_1_201' title='bbox 539 1751 580 1799; x_wconf 70' lang='grc' dir='ltr'>ἐξ</span> <span class='ocrx_word' id='word_1_202' title='bbox 605 1747 702 1803; x_wconf 80' lang='grc' dir='ltr'><em>ὅλης</em></span> <span class='ocrx_word' id='word_1_203' title='bbox 723 1751 797 1801; x_wconf 80' lang='grc' dir='ltr'>τῆς</span> <span class='ocrx_word' id='word_1_204' title='bbox 818 1746 1044 1802; x_wconf 80' lang='grc' dir='ltr'><em>συγκλήτου</em></span> <span class='ocrx_word' id='word_1_205' title='bbox 1067 1744 1122 1796; x_wconf 80' lang='grc' dir='ltr'>ὡς</span> <span class='ocrx_word' id='word_1_206' title='bbox 1141 1744 1330 1802; x_wconf 75' lang='grc' dir='ltr'><em>ἐνάρετον</em></span> <span class='ocrx_word' id='word_1_207' title='bbox 1337 1776 1351 1796; x_wconf 95' lang='grc'><em>,</em></span> <span class='ocrx_word' id='word_1_208' title='bbox 1387 1742 1460 1794; x_wconf 74' lang='grc' dir='ltr'>δός</span> <span class='ocrx_word' id='word_1_209' title='bbox 1477 1759 1550 1797; x_wconf 87' lang='grc' dir='ltr'><em>μοι</em></span> <span class='ocrx_word' id='word_1_210' title='bbox 1573 1740 1694 1799; x_wconf 86' lang='grc' dir='ltr'><em>λόγον</em></span> 
     </span>
     <span class='ocr_line' id='line_1_24' title="bbox 207 1812 1694 1878; baseline -0.005 -16"><span class='ocrx_word' id='word_1_211' title='bbox 207 1818 271 1862; x_wconf 79' lang='grc' dir='ltr'>ὅτι</span> <span class='ocrx_word' id='word_1_212' title='bbox 293 1818 513 1878; x_wconf 83' lang='grc' dir='ltr'><em>φυλάττεις</em></span> <span class='ocrx_word' id='word_1_213' title='bbox 532 1818 606 1872; x_wconf 79' lang='grc' dir='ltr'>τὴν</span> <span class='ocrx_word' id='word_1_214' title='bbox 628 1817 871 1874; x_wconf 82' lang='grc' dir='ltr'><em>παρθενίαν,</em></span> <span class='ocrx_word' id='word_1_215' title='bbox 906 1815 957 1872; x_wconf 76' lang='grc' dir='ltr'>ἢν</span> <span class='ocrx_word' id='word_1_216' title='bbox 983 1819 1042 1875; x_wconf 73' lang='grc' dir='ltr'>τῷ</span> <span class='ocrx_word' id='word_1_217' title='bbox 1072 1819 1161 1875; x_wconf 75' lang='grc' dir='ltr'>θεῷ</span> <span class='ocrx_word' id='word_1_218' title='bbox 1193 1815 1413 1870; x_wconf 75' lang='grc' dir='ltr'><em>ἀνεθέμην,</em></span> <span class='ocrx_word' id='word_1_219' title='bbox 1448 1814 1516 1855; x_wconf 86' lang='grc' dir='ltr'>καὶ</span> <span class='ocrx_word' id='word_1_220' title='bbox 1543 1812 1694 1869; x_wconf 79' lang='grc' dir='ltr'><em>ἄναγο-</em></span> 
     </span>
    </p>
   </div>
   <div class='ocr_carea' id='block_1_3' title="bbox 207 1988 1701 2880">
    <p class='ocr_par' dir='ltr' id='par_1_8' title="bbox 207 1988 1698 2275">
     <span class='ocr_line' id='line_1_25' title="bbox 207 1988 1695 2041; baseline -0.005 -10"><span class='ocrx_word' id='word_1_221' title='bbox 207 1995 400 2041; x_wconf 77' lang='lat' dir='ltr'>imperator</span> <span class='ocrx_word' id='word_1_222' title='bbox 433 1992 575 2039; x_wconf 85' lang='lat' dir='ltr'>cognito</span> <span class='ocrx_word' id='word_1_223' title='bbox 607 1992 686 2028; x_wconf 87' lang='lat' dir='ltr'>illos</span> <span class='ocrx_word' id='word_1_224' title='bbox 720 1991 824 2026; x_wconf 83' lang='lat' dir='ltr'>etiam</span> <span class='ocrx_word' id='word_1_225' title='bbox 856 1990 894 2026; x_wconf 85' lang='lat' dir='ltr'>in</span> <span class='ocrx_word' id='word_1_226' title='bbox 918 1991 1007 2026; x_wconf 90' lang='lat' dir='ltr'>urbe</span> <span class='ocrx_word' id='word_1_227' title='bbox 1028 1990 1239 2036; x_wconf 72' lang='lat' dir='ltr'>frequenter</span> <span class='ocrx_word' id='word_1_228' title='bbox 1263 1990 1308 2024; x_wconf 87' lang='lat' dir='ltr'>ad</span> <span class='ocrx_word' id='word_1_229' title='bbox 1330 1988 1443 2035; x_wconf 87' lang='lat' dir='ltr'>ipsam</span> <span class='ocrx_word' id='word_1_230' title='bbox 1467 1994 1695 2034; x_wconf 77' lang='lat' dir='ltr'>commeasse,</span> 
     </span>
     <span class='ocr_line' id='line_1_26' title="bbox 207 2036 1694 2086; baseline -0.005 -9"><span class='ocrx_word' id='word_1_231' title='bbox 207 2042 327 2078; x_wconf 81' lang='lat' dir='ltr'>missis</span> <span class='ocrx_word' id='word_1_232' title='bbox 363 2041 587 2076; x_wconf 84' lang='lat' dir='ltr'>carnificibus</span> <span class='ocrx_word' id='word_1_233' title='bbox 618 2038 737 2086; x_wconf 89' lang='lat' dir='ltr'>capita</span> <span class='ocrx_word' id='word_1_234' title='bbox 769 2050 888 2073; x_wconf 85' lang='lat' dir='ltr'>eorum</span> <span class='ocrx_word' id='word_1_235' title='bbox 919 2037 1096 2083; x_wconf 87' lang='lat' dir='ltr'>amputari</span> <span class='ocrx_word' id='word_1_236' title='bbox 1119 2037 1237 2072; x_wconf 85' lang='lat' dir='ltr'>iussit.</span> <span class='ocrx_word' id='word_1_237' title='bbox 1285 2042 1442 2071; x_wconf 80' lang='lat' dir='ltr'>sanctam</span> <span class='ocrx_word' id='word_1_238' title='bbox 1469 2042 1586 2071; x_wconf 87' lang='lat' dir='ltr'>autem</span> <span class='ocrx_word' id='word_1_239' title='bbox 1608 2036 1694 2071; x_wconf 88' lang='lat' dir='ltr'>Pul-</span> 
     </span>
     <span class='ocr_line' id='line_1_27' title="bbox 208 2083 1695 2130; baseline -0.005 -5"><span class='ocrx_word' id='word_1_240' title='bbox 208 2089 364 2125; x_wconf 86' lang='lat' dir='ltr'>cheriam</span> <span class='ocrx_word' id='word_1_241' title='bbox 388 2086 505 2122; x_wconf 86' lang='lat' dir='ltr'>multis</span> <span class='ocrx_word' id='word_1_242' title='bbox 528 2086 649 2121; x_wconf 87' lang='lat' dir='ltr'>verbis</span> <span class='ocrx_word' id='word_1_243' title='bbox 673 2086 876 2120; x_wconf 87' lang='lat' dir='ltr'>consolatus</span> <span class='ocrx_word' id='word_1_244' title='bbox 899 2084 936 2118; x_wconf 91' lang='lat' dir='ltr'>in</span> <span class='ocrx_word' id='word_1_245' title='bbox 960 2084 1074 2119; x_wconf 87' lang='lat' dir='ltr'>aulam</span> <span class='ocrx_word' id='word_1_246' title='bbox 1099 2083 1254 2119; x_wconf 85' lang='lat' dir='ltr'>reduxit.</span> <span class='ocrx_word' id='word_1_247' title='bbox 1305 2095 1348 2118; x_wconf 84' lang='lat' dir='ltr'>ea</span> <span class='ocrx_word' id='word_1_248' title='bbox 1369 2083 1487 2118; x_wconf 86' lang='lat' dir='ltr'>statim</span> <span class='ocrx_word' id='word_1_249' title='bbox 1512 2083 1695 2130; x_wconf 84' lang='lat' dir='ltr'>Ephesum</span> 
     </span>
     <span class='ocr_line' id='line_1_28' title="bbox 209 2130 1696 2180; baseline -0.005 -10"><span class='ocrx_word' id='word_1_250' title='bbox 209 2136 308 2171; x_wconf 86' lang='lat' dir='ltr'>misit</span> <span class='ocrx_word' id='word_1_251' title='bbox 336 2135 397 2180; x_wconf 89' lang='lat' dir='ltr'>qui</span> <span class='ocrx_word' id='word_1_252' title='bbox 432 2134 547 2168; x_wconf 85' lang='lat' dir='ltr'>sancti</span> <span class='ocrx_word' id='word_1_253' title='bbox 569 2132 737 2168; x_wconf 82' lang='lat' dir='ltr'>Flaviani</span> <span class='ocrx_word' id='word_1_254' title='bbox 768 2133 920 2166; x_wconf 85' lang='lat' dir='ltr'>cadaver</span> <span class='ocrx_word' id='word_1_255' title='bbox 953 2132 1149 2166; x_wconf 79' lang='lat' dir='ltr'>adferrent.</span> <span class='ocrx_word' id='word_1_256' title='bbox 1196 2136 1282 2165; x_wconf 83' lang='lat' dir='ltr'>tunc</span> <span class='ocrx_word' id='word_1_257' title='bbox 1306 2135 1344 2164; x_wconf 91' lang='lat' dir='ltr'>et</span> <span class='ocrx_word' id='word_1_258' title='bbox 1366 2130 1696 2175; x_wconf 81' lang='lat' dir='ltr'>chalcopratiorum</span> 
     </span>
     <span class='ocr_line' id='line_1_29' title="bbox 207 2175 1698 2226; baseline -0.005 -8"><span class='ocrx_word' id='word_1_259' title='bbox 207 2184 332 2218; x_wconf 84' lang='lat' dir='ltr'>aedem</span> <span class='ocrx_word' id='word_1_260' title='bbox 356 2181 415 2216; x_wconf 90' lang='lat' dir='ltr'>dei</span> <span class='ocrx_word' id='word_1_261' title='bbox 437 2180 602 2226; x_wconf 79' lang='lat' dir='ltr'>genitrici</span> <span class='ocrx_word' id='word_1_262' title='bbox 626 2178 851 2223; x_wconf 82' lang='lat' dir='ltr'>aedificavit,</span> <span class='ocrx_word' id='word_1_263' title='bbox 889 2190 966 2212; x_wconf 91' lang='lat' dir='ltr'>cum</span> <span class='ocrx_word' id='word_1_264' title='bbox 1004 2178 1036 2212; x_wconf 90' lang='lat' dir='ltr'>is</span> <span class='ocrx_word' id='word_1_265' title='bbox 1069 2177 1167 2212; x_wconf 87' lang='lat' dir='ltr'>locus</span> <span class='ocrx_word' id='word_1_266' title='bbox 1203 2182 1285 2211; x_wconf 89' lang='lat' dir='ltr'>ante</span> <span class='ocrx_word' id='word_1_267' title='bbox 1321 2176 1531 2212; x_wconf 85' lang='lat' dir='ltr'>Iudaeorum</span> <span class='ocrx_word' id='word_1_268' title='bbox 1565 2175 1698 2211; x_wconf 80' lang='lat' dir='ltr'>fuisset</span> 
     </span>
     <span class='ocr_line' id='line_1_30' title="bbox 209 2222 1369 2275; baseline -0.005 -10"><span class='ocrx_word' id='word_1_269' title='bbox 209 2241 408 2275; x_wconf 82' lang='lat' dir='ltr'>synagoga.</span> <span class='ocrx_word' id='word_1_270' title='bbox 457 2227 629 2263; x_wconf 83' lang='lat' dir='ltr'>Flaviano</span> <span class='ocrx_word' id='word_1_271' title='bbox 653 2226 692 2261; x_wconf 91' lang='lat' dir='ltr'>in</span> <span class='ocrx_word' id='word_1_272' title='bbox 716 2225 958 2272; x_wconf 86' lang='lat' dir='ltr'>episcopatum</span> <span class='ocrx_word' id='word_1_273' title='bbox 977 2224 1151 2260; x_wconf 84' lang='lat' dir='ltr'>successit</span> <span class='ocrx_word' id='word_1_274' title='bbox 1171 2222 1369 2259; x_wconf 80' lang='lat' dir='ltr'>Anatolius.</span> 
     </span>
    </p>

    <p class='ocr_par' dir='ltr' id='par_1_9' title="bbox 207 2267 1699 2647">
     <span class='ocr_line' id='line_1_31' title="bbox 302 2267 1696 2320; baseline -0.005 -10"><span class='ocrx_word' id='word_1_275' title='bbox 302 2276 390 2310; x_wconf 85' lang='lat' dir='ltr'>Post</span> <span class='ocrx_word' id='word_1_276' title='bbox 410 2275 543 2320; x_wconf 88' lang='lat' dir='ltr'>aliquid</span> <span class='ocrx_word' id='word_1_277' title='bbox 567 2273 736 2319; x_wconf 88' lang='lat' dir='ltr'>temporis</span> <span class='ocrx_word' id='word_1_278' title='bbox 760 2272 955 2318; x_wconf 84' lang='lat' dir='ltr'>imperator</span> <span class='ocrx_word' id='word_1_279' title='bbox 977 2272 1170 2318; x_wconf 79' lang='lat' dir='ltr'>equitatum</span> <span class='ocrx_word' id='word_1_280' title='bbox 1196 2281 1380 2315; x_wconf 84' lang='lat' dir='ltr'>egressus,</span> <span class='ocrx_word' id='word_1_281' title='bbox 1416 2280 1507 2314; x_wconf 88' lang='lat' dir='ltr'>equo</span> <span class='ocrx_word' id='word_1_282' title='bbox 1540 2267 1696 2314; x_wconf 82' lang='lat' dir='ltr'>collapso</span> 
     </span>
     <span class='ocr_line' id='line_1_32' title="bbox 209 2316 1697 2367; baseline -0.005 -10"><span class='ocrx_word' id='word_1_283' title='bbox 209 2323 366 2358; x_wconf 75' lang='lat' dir='ltr'>afflictus</span> <span class='ocrx_word' id='word_1_284' title='bbox 401 2322 510 2367; x_wconf 85' lang='lat' dir='ltr'>inque</span> <span class='ocrx_word' id='word_1_285' title='bbox 541 2320 666 2356; x_wconf 77' lang='lat' dir='ltr'>lectica</span> <span class='ocrx_word' id='word_1_286' title='bbox 690 2320 828 2354; x_wconf 88' lang='lat' dir='ltr'>domum</span> <span class='ocrx_word' id='word_1_287' title='bbox 854 2317 1009 2362; x_wconf 82' lang='lat' dir='ltr'>relatus,</span> <span class='ocrx_word' id='word_1_288' title='bbox 1045 2318 1162 2353; x_wconf 88' lang='lat' dir='ltr'>sorori</span> <span class='ocrx_word' id='word_1_289' title='bbox 1184 2316 1393 2352; x_wconf 85' lang='lat' dir='ltr'>Pulcheriae</span> <span class='ocrx_word' id='word_1_290' title='bbox 1416 2317 1462 2351; x_wconf 88' lang='lat' dir='ltr'>ad</span> <span class='ocrx_word' id='word_1_291' title='bbox 1485 2328 1525 2350; x_wconf 88' lang='lat' dir='ltr'>se</span> <span class='ocrx_word' id='word_1_292' title='bbox 1547 2321 1697 2350; x_wconf 79' lang='lat' dir='ltr'>vocatae</span> 
     </span>
     <span class='ocr_line' id='line_1_33' title="bbox 209 2361 1698 2404; baseline -0.005 0"><span class='ocrx_word' id='word_1_293' title='bbox 209 2369 386 2404; x_wconf 87' lang='lat' dir='ltr'>indicavit</span> <span class='ocrx_word' id='word_1_294' title='bbox 416 2369 547 2403; x_wconf 85' lang='lat' dir='ltr'>debere</span> <span class='ocrx_word' id='word_1_295' title='bbox 581 2367 650 2403; x_wconf 87' lang='lat' dir='ltr'>sibi</span> <span class='ocrx_word' id='word_1_296' title='bbox 681 2365 901 2401; x_wconf 80' lang='lat' dir='ltr'>Marcianum</span> <span class='ocrx_word' id='word_1_297' title='bbox 933 2365 1143 2400; x_wconf 84' lang='lat' dir='ltr'>succedere:</span> <span class='ocrx_word' id='word_1_298' title='bbox 1187 2364 1254 2398; x_wconf 91' lang='lat' dir='ltr'>hoc</span> <span class='ocrx_word' id='word_1_299' title='bbox 1286 2362 1378 2397; x_wconf 87' lang='lat' dir='ltr'>enim</span> <span class='ocrx_word' id='word_1_300' title='bbox 1409 2361 1479 2398; x_wconf 84' lang='lat' dir='ltr'>sibi</span> <span class='ocrx_word' id='word_1_301' title='bbox 1511 2375 1533 2397; x_wconf 84' lang='lat' dir='ltr'>a</span> <span class='ocrx_word' id='word_1_302' title='bbox 1563 2362 1698 2397; x_wconf 80' lang='lat' dir='ltr'>Ioanne</span> 
     </span>
     <span class='ocr_line' id='line_1_34' title="bbox 209 2406 1699 2461; baseline -0.006 -10"><span class='ocrx_word' id='word_1_303' title='bbox 209 2416 375 2461; x_wconf 79' lang='lat' dir='ltr'>theologo</span> <span class='ocrx_word' id='word_1_304' title='bbox 408 2414 548 2461; x_wconf 79' lang='lat' dir='ltr'>Ephesi</span> <span class='ocrx_word' id='word_1_305' title='bbox 580 2412 702 2459; x_wconf 81' lang='lat' dir='ltr'>agenti</span> <span class='ocrx_word' id='word_1_306' title='bbox 738 2412 987 2457; x_wconf 79' lang='lat' dir='ltr'>significatum.</span> <span class='ocrx_word' id='word_1_307' title='bbox 1034 2411 1206 2446; x_wconf 88' lang='lat' dir='ltr'>accersito</span> <span class='ocrx_word' id='word_1_308' title='bbox 1244 2410 1348 2444; x_wconf 86' lang='lat' dir='ltr'>etiam</span> <span class='ocrx_word' id='word_1_309' title='bbox 1383 2408 1569 2444; x_wconf 82' lang='lat' dir='ltr'>Marciano</span> <span class='ocrx_word' id='word_1_310' title='bbox 1607 2406 1699 2443; x_wconf 81' lang='lat' dir='ltr'>dixit</span> 
     </span>
     <span class='ocr_line' id='line_1_35' title="bbox 207 2455 1697 2508; baseline -0.006 -10"><span class='ocrx_word' id='word_1_311' title='bbox 207 2460 279 2498; x_wconf 79' lang='lat' dir='ltr'>“ab</span> <span class='ocrx_word' id='word_1_312' title='bbox 302 2464 440 2508; x_wconf 83' lang='lat' dir='ltr'>Aspare</span> <span class='ocrx_word' id='word_1_313' title='bbox 476 2467 512 2496; x_wconf 89' lang='lat' dir='ltr'>et</span> <span class='ocrx_word' id='word_1_314' title='bbox 542 2467 667 2496; x_wconf 87' lang='lat' dir='ltr'>senatu</span> <span class='ocrx_word' id='word_1_315' title='bbox 695 2459 781 2493; x_wconf 86' lang='lat' dir='ltr'>mihi</span> <span class='ocrx_word' id='word_1_316' title='bbox 803 2460 1076 2493; x_wconf 83' lang='lat' dir='ltr'>demonstratum</span> <span class='ocrx_word' id='word_1_317' title='bbox 1102 2463 1158 2492; x_wconf 85' lang='lat' dir='ltr'>est</span> <span class='ocrx_word' id='word_1_318' title='bbox 1180 2462 1218 2492; x_wconf 87' lang='lat' dir='ltr'>te</span> <span class='ocrx_word' id='word_1_319' title='bbox 1240 2455 1424 2502; x_wconf 89' lang='lat' dir='ltr'>imperium</span> <span class='ocrx_word' id='word_1_320' title='bbox 1450 2468 1471 2491; x_wconf 81' lang='lat' dir='ltr'>a</span> <span class='ocrx_word' id='word_1_321' title='bbox 1494 2467 1570 2490; x_wconf 88' lang='lat' dir='ltr'>meo</span> <span class='ocrx_word' id='word_1_322' title='bbox 1597 2455 1697 2490; x_wconf 89' lang='lat' dir='ltr'>obitu</span> 
     </span>
     <span class='ocr_line' id='line_1_36' title="bbox 210 2502 1697 2555; baseline -0.006 -11"><span class='ocrx_word' id='word_1_323' title='bbox 210 2504 477 2555; x_wconf 81' lang='lat' dir='ltr'>occepturum.&#39;&#39;</span> <span class='ocrx_word' id='word_1_324' title='bbox 524 2508 631 2543; x_wconf 90' lang='lat' dir='ltr'>biduo</span> <span class='ocrx_word' id='word_1_325' title='bbox 656 2512 738 2552; x_wconf 88' lang='lat' dir='ltr'>post</span> <span class='ocrx_word' id='word_1_326' title='bbox 760 2507 954 2551; x_wconf 86' lang='lat' dir='ltr'>imperator</span> <span class='ocrx_word' id='word_1_327' title='bbox 978 2505 1087 2540; x_wconf 84' lang='lat' dir='ltr'>vitam</span> <span class='ocrx_word' id='word_1_328' title='bbox 1110 2516 1186 2539; x_wconf 91' lang='lat' dir='ltr'>cum</span> <span class='ocrx_word' id='word_1_329' title='bbox 1211 2509 1322 2538; x_wconf 89' lang='lat' dir='ltr'>morte</span> <span class='ocrx_word' id='word_1_330' title='bbox 1345 2502 1583 2537; x_wconf 83' lang='lat' dir='ltr'>commutavit.</span> <span class='ocrx_word' id='word_1_331' title='bbox 1617 2513 1697 2536; x_wconf 93' lang='lat' dir='ltr'>cor-</span> 
     </span>
     <span class='ocr_line' id='line_1_37' title="bbox 209 2548 1697 2602; baseline -0.005 -12"><span class='ocrx_word' id='word_1_332' title='bbox 209 2567 277 2602; x_wconf 85' lang='lat' dir='ltr'>pus</span> <span class='ocrx_word' id='word_1_333' title='bbox 302 2555 378 2590; x_wconf 85' lang='lat' dir='ltr'>eius</span> <span class='ocrx_word' id='word_1_334' title='bbox 396 2556 433 2590; x_wconf 87' lang='lat' dir='ltr'>in</span> <span class='ocrx_word' id='word_1_335' title='bbox 453 2555 537 2589; x_wconf 85' lang='lat' dir='ltr'>fano</span> <span class='ocrx_word' id='word_1_336' title='bbox 557 2553 795 2600; x_wconf 87' lang='lat' dir='ltr'>apostolorum</span> <span class='ocrx_word' id='word_1_337' title='bbox 817 2552 1037 2587; x_wconf 87' lang='lat' dir='ltr'>reconditum</span> <span class='ocrx_word' id='word_1_338' title='bbox 1061 2551 1143 2587; x_wconf 71' lang='lat' dir='ltr'>fuit.</span> <span class='ocrx_word' id='word_1_339' title='bbox 1177 2561 1321 2585; x_wconf 85' lang='lat' dir='ltr'>uxorem</span> <span class='ocrx_word' id='word_1_340' title='bbox 1344 2549 1469 2585; x_wconf 81' lang='lat' dir='ltr'>habuit</span> <span class='ocrx_word' id='word_1_341' title='bbox 1489 2548 1697 2594; x_wconf 86' lang='lat' dir='ltr'>Eudociam,</span> 
     </span>
     <span class='ocr_line' id='line_1_38' title="bbox 208 2598 1024 2647; baseline -0.006 -10"><span class='ocrx_word' id='word_1_342' title='bbox 208 2603 318 2637; x_wconf 85' lang='lat' dir='ltr'>filiam</span> <span class='ocrx_word' id='word_1_343' title='bbox 342 2601 488 2637; x_wconf 80' lang='lat' dir='ltr'>Leontii</span> <span class='ocrx_word' id='word_1_344' title='bbox 511 2599 733 2647; x_wconf 85' lang='lat' dir='ltr'>philosophi,</span> <span class='ocrx_word' id='word_1_345' title='bbox 758 2598 1024 2633; x_wconf 78' lang='lat' dir='ltr'>Atheniensem.</span> 
     </span>
    </p>

    <p class='ocr_par' dir='ltr' id='par_1_10' title="bbox 214 2641 1701 2880">
     <span class='ocr_line' id='line_1_39' title="bbox 305 2641 1701 2694; baseline -0.006 -10"><span class='ocrx_word' id='word_1_346' title='bbox 305 2649 472 2684; x_wconf 84' lang='lat' dir='ltr'>Ceterum</span> <span class='ocrx_word' id='word_1_347' title='bbox 497 2647 638 2694; x_wconf 83' lang='lat' dir='ltr'>sapiens</span> <span class='ocrx_word' id='word_1_348' title='bbox 663 2646 724 2681; x_wconf 88' lang='lat' dir='ltr'>illa</span> <span class='ocrx_word' id='word_1_349' title='bbox 748 2651 784 2681; x_wconf 91' lang='lat' dir='ltr'>et</span> <span class='ocrx_word' id='word_1_350' title='bbox 807 2644 990 2691; x_wconf 82' lang='lat' dir='ltr'>praeclara</span> <span class='ocrx_word' id='word_1_351' title='bbox 1012 2642 1212 2687; x_wconf 84' lang='lat' dir='ltr'>Pulcheria‚</span> <span class='ocrx_word' id='word_1_352' title='bbox 1239 2642 1390 2677; x_wconf 90' lang='lat' dir='ltr'>nondum</span> <span class='ocrx_word' id='word_1_353' title='bbox 1412 2641 1535 2677; x_wconf 81' lang='lat' dir='ltr'>fratris</span> <span class='ocrx_word' id='word_1_354' title='bbox 1556 2641 1701 2686; x_wconf 78' lang='lat' dir='ltr'>vulgata</span> 
     </span>
     <span class='ocr_line' id='line_1_40' title="bbox 214 2687 1699 2739; baseline -0.005 -10"><span class='ocrx_word' id='word_1_355' title='bbox 214 2699 348 2739; x_wconf 86' lang='lat' dir='ltr'>morte,</span> <span class='ocrx_word' id='word_1_356' title='bbox 382 2694 602 2730; x_wconf 77' lang='lat' dir='ltr'>Marcianum</span> <span class='ocrx_word' id='word_1_357' title='bbox 635 2705 755 2728; x_wconf 84' lang='lat' dir='ltr'>senem</span> <span class='ocrx_word' id='word_1_358' title='bbox 787 2692 876 2737; x_wconf 86' lang='lat' dir='ltr'>iam,</span> <span class='ocrx_word' id='word_1_359' title='bbox 908 2692 1023 2727; x_wconf 84' lang='lat' dir='ltr'>virum</span> <span class='ocrx_word' id='word_1_360' title='bbox 1046 2689 1278 2737; x_wconf 78' lang='lat' dir='ltr'>temperantia</span> <span class='ocrx_word' id='word_1_361' title='bbox 1303 2701 1344 2723; x_wconf 87' lang='lat' dir='ltr'>ac</span> <span class='ocrx_word' id='word_1_362' title='bbox 1365 2688 1544 2734; x_wconf 84' lang='lat' dir='ltr'>gravitate</span> <span class='ocrx_word' id='word_1_363' title='bbox 1566 2687 1699 2733; x_wconf 81' lang='lat' dir='ltr'>insigni</span> 
     </span>
     <span class='ocr_line' id='line_1_41' title="bbox 216 2734 1696 2788; baseline -0.005 -12"><span class='ocrx_word' id='word_1_364' title='bbox 216 2747 255 2775; x_wconf 87' lang='lat' dir='ltr'>et</span> <span class='ocrx_word' id='word_1_365' title='bbox 276 2743 381 2776; x_wconf 85' lang='lat' dir='ltr'>rebus</span> <span class='ocrx_word' id='word_1_366' title='bbox 406 2741 570 2786; x_wconf 79' lang='lat' dir='ltr'>gerendis</span> <span class='ocrx_word' id='word_1_367' title='bbox 593 2739 834 2788; x_wconf 82' lang='lat' dir='ltr'>aptissimum,</span> <span class='ocrx_word' id='word_1_368' title='bbox 868 2738 913 2773; x_wconf 88' lang='lat' dir='ltr'>ad</span> <span class='ocrx_word' id='word_1_369' title='bbox 947 2750 987 2773; x_wconf 85' lang='lat' dir='ltr'>se</span> <span class='ocrx_word' id='word_1_370' title='bbox 1018 2744 1144 2782; x_wconf 81' lang='lat' dir='ltr'>vocat,</span> <span class='ocrx_word' id='word_1_371' title='bbox 1178 2735 1417 2781; x_wconf 85' lang='lat' dir='ltr'>ostenditque,</span> <span class='ocrx_word' id='word_1_372' title='bbox 1449 2734 1613 2780; x_wconf 87' lang='lat' dir='ltr'>quoniam</span> <span class='ocrx_word' id='word_1_373' title='bbox 1632 2737 1696 2770; x_wconf 91' lang='lat' dir='ltr'>de-</span> 
     </span>
     <span class='ocr_line' id='line_1_42' title="bbox 217 2782 1697 2834; baseline -0.004 -13"><span class='ocrx_word' id='word_1_374' title='bbox 217 2788 365 2822; x_wconf 73' lang='lat' dir='ltr'>cesserit</span> <span class='ocrx_word' id='word_1_375' title='bbox 395 2788 606 2834; x_wconf 83' lang='lat' dir='ltr'>imperator‚</span> <span class='ocrx_word' id='word_1_376' title='bbox 640 2799 680 2822; x_wconf 88' lang='lat' dir='ltr'>se</span> <span class='ocrx_word' id='word_1_377' title='bbox 712 2786 828 2831; x_wconf 83' lang='lat' dir='ltr'>ipsum</span> <span class='ocrx_word' id='word_1_378' title='bbox 862 2784 1004 2820; x_wconf 85' lang='lat' dir='ltr'>virtutis</span> <span class='ocrx_word' id='word_1_379' title='bbox 1039 2795 1146 2819; x_wconf 87' lang='lat' dir='ltr'>causa</span> <span class='ocrx_word' id='word_1_380' title='bbox 1178 2793 1282 2817; x_wconf 89' lang='lat' dir='ltr'>unum</span> <span class='ocrx_word' id='word_1_381' title='bbox 1312 2782 1358 2817; x_wconf 88' lang='lat' dir='ltr'>de</span> <span class='ocrx_word' id='word_1_382' title='bbox 1380 2782 1474 2817; x_wconf 84' lang='lat' dir='ltr'>omni</span> <span class='ocrx_word' id='word_1_383' title='bbox 1496 2788 1697 2817; x_wconf 87' lang='lat' dir='ltr'>senatorum</span> 
     </span>
     <span class='ocr_line' id='line_1_43' title="bbox 217 2828 1699 2880; baseline -0.004 -12"><span class='ocrx_word' id='word_1_384' title='bbox 217 2845 361 2868; x_wconf 85' lang='lat' dir='ltr'>numero</span> <span class='ocrx_word' id='word_1_385' title='bbox 383 2834 577 2880; x_wconf 84' lang='lat' dir='ltr'>delegisse,</span> <span class='ocrx_word' id='word_1_386' title='bbox 602 2845 705 2880; x_wconf 88' lang='lat' dir='ltr'>quem</span> <span class='ocrx_word' id='word_1_387' title='bbox 728 2833 975 2878; x_wconf 83' lang='lat' dir='ltr'>imperatorem</span> <span class='ocrx_word' id='word_1_388' title='bbox 998 2831 1068 2866; x_wconf 86' lang='lat' dir='ltr'>sibi</span> <span class='ocrx_word' id='word_1_389' title='bbox 1092 2829 1324 2873; x_wconf 87' lang='lat' dir='ltr'>adscisceret,</span> <span class='ocrx_word' id='word_1_390' title='bbox 1360 2841 1404 2864; x_wconf 89' lang='lat' dir='ltr'>ea</span> <span class='ocrx_word' id='word_1_391' title='bbox 1426 2828 1634 2863; x_wconf 90' lang='lat' dir='ltr'>condicione</span> <span class='ocrx_word' id='word_1_392' title='bbox 1660 2834 1699 2862; x_wconf 90' lang='lat' dir='ltr'>ut</span> 
     </span>
    </p>
   </div>
   <div class='ocr_carea' id='block_1_4' title="bbox 217 2875 1698 2927">
    <p class='ocr_par' dir='ltr' id='par_1_11' title="bbox 217 2875 1698 2927">
     <span class='ocr_line' id='line_1_44' title="bbox 217 2875 1698 2927; baseline -0.005 -11"><span class='ocrx_word' id='word_1_393' title='bbox 217 2881 322 2916; x_wconf 79' lang='lat' dir='ltr'>fidem</span> <span class='ocrx_word' id='word_1_394' title='bbox 345 2881 448 2916; x_wconf 81' lang='lat' dir='ltr'>daret</span> <span class='ocrx_word' id='word_1_395' title='bbox 469 2880 709 2927; x_wconf 79' lang='lat' dir='ltr'>virginitatem</span> <span class='ocrx_word' id='word_1_396' title='bbox 735 2890 845 2924; x_wconf 86' lang='lat' dir='ltr'>suam,</span> <span class='ocrx_word' id='word_1_397' title='bbox 870 2890 974 2926; x_wconf 85' lang='lat' dir='ltr'>quam</span> <span class='ocrx_word' id='word_1_398' title='bbox 997 2879 1064 2915; x_wconf 87' lang='lat' dir='ltr'>deo</span> <span class='ocrx_word' id='word_1_399' title='bbox 1089 2881 1345 2922; x_wconf 82' lang='lat' dir='ltr'>consecrasset,</span> <span class='ocrx_word' id='word_1_400' title='bbox 1367 2887 1408 2911; x_wconf 86' lang='lat' dir='ltr'>se</span> <span class='ocrx_word' id='word_1_401' title='bbox 1428 2875 1598 2912; x_wconf 84' lang='lat' dir='ltr'>intactam</span> <span class='ocrx_word' id='word_1_402' title='bbox 1620 2886 1698 2909; x_wconf 80' lang='lat' dir='ltr'>ser·</span> 
     </span>
    </p>
   </div>
  </div>
 </body>
</html>
