1742 3184
223 216 291 268 98
710 209 951 258 GEORGII
987 204 1235 253 CEDRENI

356 331 614 390 Ἀναγκαῖον
645 328 691 372 δὲ
721 326 968 384 ἡγησάμεθα
1003 323 1198 380 καὶπερὶ
1225 324 1299 377 τῆς
1333 324 1415 364 τῶν
1436 321 1593 378 ικριτῶν
1634 320 1708 359 τοῢ

220 402 396 462 Ἰσραὴλ
415 400 600 461 πράξεως
622 401 666 443 ἐν
681 403 837 455 ,βραχεῖ
852 393 1186 451 ἐπισημήνασθαι
1196 424 1210 444 ,
1250 393 1321 434 ἵνα
1343 389 1439 440 τοὺς
1456 388 1531 444 μὲν
1553 385 1712 437 εἰδότας

226 475 284 525 εἰς
304 471 530 528 ἀνάμνησιν
551 466 830 525 ἀναγάγωμεν,
865 473 951 517 τοῖς
977 465 1022 508 δὲ
1053 463 1244 520 ἀγνοοῦσι
1270 459 1424 518 μικράν
1442 475 1533 502 τινα
1557 457 1711 512 εἴδησιν

227 543 414 587 ἐντεῦθεν
434 538 723 599 παράσχωμεν.

366 610 493 655 Μετὰ
511 607 698 662 τελευτὴν
714 606 858 660 ’Ῑησοῧ
879 602 1210 660 κατελείφθησαν
1228 597 1332 653 ἔθνη
1361 596 1466 654 πρὸς
1492 595 1538 639 τὸ
1570 592 1742 652 πειρά-Ξ

229 699 301 727 σαι
322 681 393 725 τὸν
407 676 602 738 Ἰσραήλ·
634 677 731 735 θείᾳ
753 674 831 732 γὰρ
855 670 1079 730 προγνώσει
1104 668 1125 713 ὃ
1148 669 1249 717 θεὸς
1267 667 1348 726 ᾔδη
1367 667 1440 722 τὴν
1459 666 1714 709 ἀποστασίαν

231 751 380 803 αὐτῶν,
412 748 477 793 ὅτι
496 744 850 806 προστεθήσονται
869 749 955 793 τοῖς
978 740 1182 791 εἰδώλοις,
1218 740 1286 782 καὶ
1306 738 1465 790 ἐξέδοτο
1491 734 1639 785 αὐτοὺς
1661 736 1717 784 εἷς

175 830 207 867 Β
227 827 369 878 χεῖρας
396 823 477 862 τῶν
505 819 668 874 ἐχθρῶν
692 815 826 858 αὐτῶν
843 816 925 857 τῶν
946 810 1319 868 καταλειφθέντων,
1354 808 1423 849 καὶ
1444 806 1717 849 ἐταπείνωσαν

233 892 300 933 καὶ
320 886 594 947 ἐφορολόγουν
617 883 780 935 αὐτούς.
839 885 1022 937 κατῆλθε
1044 881 1088 923 δὲ
1111 878 1281 935 ἄγγελος
1301 878 1442 934 κυρίου
1464 878 1521 927 εἲς
1539 875 1612 930 τὴν
1630 891 1722 917 >coc-

233 957 341 1002 λάδα
371 959 440 1001 καὶ
467 961 549 1007 πᾶς
573 953 771 1014 Ἰσραήλ·
815 955 884 996 καὶ
911 951 1075 1007 ἤλεγξεν
1104 948 1253 999 αὐτοὺς
1281 946 1302 990 ὁ
1332 946 1500 1003 ἄγγελος
1525 946 1618 1002 περὶ
1645 948 1742 999 τῆς]

229 1028 487 1078 ἀποστασίας
509 1025 664 1078 αὐτῶν,
706 1025 776 1067 καὶ
809 1022 872 1066 ὅτι
903 1021 973 1065 διὰ
1000 1025 1120 1064 τοῦτο
1143 1016 1438 1077 παρεδόθησαν
1459 1022 1544 1066 τοΐς
1567 1014 1720 1058 ἔθνεσι.

231 1099 304 1141 καὶ
327 1096 496 1140 ἴκλαυσε
517 1092 638 1146 naga
661 1092 782 1146 λαός,
818 1092 1072 1148 μνησθέντες
1104 1093 1184 1133 τῶν
1214 1089 1449 1144 εὐεργεσιῶν
1478 1086 1620 1142 κυρίου
1651 1085 1722 1127 καὶ

235 1171 309 1223 τῆς
331 1166 591 1220 ἐνισταμένης
610 1163 827 1213 κακώσεως
847 1163 996 1205 αὐτῶν.
1066 1158 1167 1203 ὅθεν
1188 1157 1344 1214 ἐκλήθη
1376 1154 1398 1199 ὃ
1428 1154 1551 1206 τόπος
1574 1155 1723 1204 ἐκεῖνος

235 1237 376 1287 κοιλὰς
396 1238 694 1289 κλαυθμῶνος·
731 1233 801 1276 διὰ
821 1233 899 1290 γὰρ
919 1231 965 1274 τὸ
984 1226 1043 1286 μὴ
1065 1231 1360 1286 ε’ξολοθρεῦσαι
1383 1225 1453 1269 τὸν
1472 1224 1646 1283 Ἰσραὴλ
1670 1223 1722 1266 τὰ

230 1305 338 1362 ἔθνη
363 1305 391 1348 ἃ
416 1303 498 1348 εἶπε
526 1302 668 1362 κύριος
695 1303 854 1354 αὐτοῖς,
891 1300 998 1344 ἀλλὰ
1027 1301 1094 1342 καὶ
1123 1302 1277 1354 μαθεῖν
1298 1296 1349 1340 τὰ
1372 1296 1471 1353 ἔργα
1495 1296 1630 1338 αὐτῶν
1654 1295 1742 1336 καὶ]

235 1380 402 1433 μιγῆναι
435 1374 574 1425 αὐτοῖς
597 1375 665 1416 καὶ
698 1374 917 1415 δουλεῦσαι
957 1377 1042 1421 τοῖς
1070 1373 1263 1426 γλυπτοῖς
1295 1366 1452 1417 αὐτῶν,
1501 1364 1573 1408 διὰ
1603 1368 1723 1407 τοῦτο

184 1452 218 1488 C
240 1442 536 1502 παρεδόθησαν
555 1445 613 1494 εἷς
626 1449 769 1499 χεῖρας
786 1446 867 1485 τῶν
885 1439 1145 1498 ἀλλοφύλων.
1197 1442 1247 1495 τῇ
1267 1438 1393 1496 οἰκείᾳ
1415 1436 1460 1478 δὲ
1480 1438 1725 1494 φιλανθρω-

238 1516 310 1575 πίᾳ
327 1511 560 1569 κινούμενος
577 1510 598 1556 ὃ
617 1513 718 1562 θεὸς
739 1511 954 1570 ᾠκτείρησε
979 1510 1049 1553 τὸν
1068 1507 1248 1566 Ἰσραήλ,
1284 1508 1352 1550 καὶ
1375 1506 1590 1560 ἀνέστησεν
1612 1504 1726 1563 αὐτῷ

237 1586 399 1640 πρῶτον
432 1583 575 1640 κριτὴν
606 1581 676 1624 τὸν
696 1583 737 1623 Γ
734 1579 930 1636 οθονιήλ,
973 1579 1162 1636 γαμβρὸν
1192 1576 1290 1621 ὄντα
1312 1580 1385 1619 τοῦ
1407 1573 1578 1629 Χάλεβ,
1615 1572 1727 1624 ὅστις

237 1651 386 1707 Χάλεβ
406 1651 532 1708 ζήσας
549 1650 617 1707 ἕτη
637 1649 698 1709 ρξ’
717 1651 759 1693 ἐν
778 1649 948 1704 δυνάμει
969 1647 1024 1699 ὥς
1040 1649 1201 1698 νεανίας
1220 1646 1427 1704 εἰσήρχετο
1449 1646 1516 1687 καὶ
1537 1643 1742 1702 ἐξήρχετοε

237 1722 283 1765 ’ἓν
304 1727 362 1780 τῷ
383 1722 563 1779 πολέμῳ.
633 1722 701 1762 καὶ
719 1721 902 1774 ἓνίσχυσε
921 1717 1061 1776 κύριος
1081 1719 1149 1761 τὸν
1172 1719 1200 1758 Ι
1201 1715 1396 1772 ὀθονιήλ,
1427 1717 1494 1757 καὶ
1515 1714 1584 1757 τὸν
1602 1719 1728 1769 βασι-

240 1792 314 1834 λέα
332 1792 487 1847 Συρίας
508 1788 695 1841 ἐπάταξε.
764 1792 833 1832 καὶ
862 1787 1090 1846 εἷρήνευσεν
1121 1785 1146 1843 ἡ
1178 1791 1227 1843 γῆ
1260 1789 1335 1837 ἕως
1366 1790 1439 1841 τῆς
1474 1786 1578 1839 ζωῆς
1602 1784 1728 1827 αὐτοῦ

238 1859 310 1916 ἔτη
331 1859 390 1916 μ’.
459 1861 527 1903 καὶ
544 1857 666 1902 πάλιν
683 1858 838 1916 ἀπέστη
854 1858 1019 1916 Ἰσραὴλ
1040 1857 1119 1900 ἀπὸ
1143 1858 1300 1915 κυρίου,
1335 1858 1405 1898 καὶ
1427 1853 1633 1911 ἐπήγειρεν
1652 1853 1730 1896 αὖ-

335 1991 587 2028 Necessarium
618 1990 702 2026 duxi
732 1990 799 2026 hoc
830 1989 908 2025 loco
940 1989 985 2025 de
1015 1989 1170 2024 iudicum
1201 1987 1448 2024 Israelicorum
1477 1987 1585 2022 rebus
1616 1984 1732 2032 gestis

242 2037 403 2075 breviter
435 2049 727 2083 commemorare,
762 2041 800 2072 ut
815 2040 859 2072 'et
883 2036 1009 2083 quibus
1035 2049 1101 2071 eae
1125 2036 1289 2081 cognitae
1314 2040 1414 2080 sunt,
1454 2034 1492 2068 in
1527 2032 1730 2068 memoriam

243 2091 481 2168 ἱενοοοῐιωτ,
515 2091 552 2120 et
577 2085 705 2131 quibus
737 2083 903 2130 ignotae,
933 2083 1003 2119 illis
1031 2081 1090 2119 vei
1115 2095 1261 2130 parvam
1289 2093 1409 2117 earum
1440 2079 1602 2116 notitiam
1625 2092 1732 2127 prae—

195 2144 211 2163 =-
269 2143 403 2168 eamus.

336 2179 479 2214 Mortuo
506 2177 613 2212 Iosua
639 2176 812 2224 quaedam
834 2180 960 2222 gentes
991 2176 1037 2211 ad
1060 2176 1264 2211 tentandum
1288 2174 1456 2211 Israelem
1483 2173 1630 2210 relictae
1654 2173 1734 2208 fue-

244 2221 341 2260 run't.
387 2228 626 2272 praenoverat
647 2224 741 2259 enim
759 2224 846 2259 deus
869 2224 948 2258 fore
967 2227 1007 2258 ut
1030 2235 1050 2258 a
1069 2235 1109 2258 se
1132 2223 1327 2258 deficerent
1351 2235 1392 2257 ac
1415 2220 1523 2257 falsos
1547 2222 1633 2257 deos
1658 2232 1733 2255 am-

244 2272 507 2318 plecterentur:
539 2271 661 2316 itaque
692 2282 753 2306 eos
781 2270 820 2304 in
848 2270 1001 2305 hostium
1025 2281 1165 2305 suorum
1189 2270 1418 2317 superstitum
1443 2280 1562 2305 manus
1587 2266 1735 2312 dedidit,

270 2318 307 2353 ui
330 2330 394 2354 eos
420 2322 673 2365 oppresserunt
697 2329 738 2352 ac
761 2317 1014 2363 stipendiarios
1041 2317 1217 2352 fecerunt.
1264 2323 1338 2352 tum
1367 2315 1498 2359 (Iudic.
1522 2316 1562 2360 2)
1590 2313 1735 2360 angelus

244 2330 305 2401 dei
327 2365 365 2400 in
388 2365 603 2409 convallem,
628 2363 666 2398 in
689 2375 792 2410 quam
811 2363 999 2399 universus
1025 2363 1172 2410 populus
1197 2368 1436 2408 convenerat,
1461 2362 1656 2405 descendit,
1684 2360 1736 2394 ei-

248 2422 319 2459 que
342 2424 440 2448 suam
463 2411 698 2447 defectionem
723 2410 966 2456 exprobravit,
990 2409 1147 2446 indicans
1173 2422 1248 2446 eam
1271 2411 1382 2448 fuisse
1407 2420 1546 2446 causam
1573 2420 1636 2444 cur
1653 2409 1737 2442 bar-

247 2458 347 2493 baris
372 2459 600 2494 dederentur.
648 2457 770 2493 fletum
791 2456 842 2492 ibi
862 2457 1049 2493 universus
1075 2457 1224 2505 populus
1250 2457 1410 2501 sustulit,
1446 2455 1579 2491 domini
1600 2454 1737 2490 benefi-

251 2504 384 2541 ciorum
417 2511 453 2540 et
486 2504 684 2552 praesentis
718 2503 885 2540 miseriae
918 2503 1097 2539 memoria.
1146 2504 1266 2550 itaque
1299 2504 1333 2539 ei
1363 2503 1441 2538 loco
1475 2514 1602 2537 nomen
1626 2500 1739 2536 Vallis

250 2551 355 2587 fletus
379 2552 542 2587 inditum.
590 2551 684 2597 quod
709 2550 802 2586 enim
819 2550 1007 2586 Israelicus
1030 2551 1181 2598 populus
1202 2555 1326 2597 gentes
1346 2562 1432 2596 quas
1452 2548 1563 2583 deleri
1587 2549 1740 2583 iusserat

250 2598 340 2633 deus
363 2611 435 2633 uon
460 2597 654 2643 exciderat,
677 2597 741 2632 sed
760 2609 870 2643 opera
893 2609 1013 2634 eorum
1036 2597 1232 2644 didicisset,
1258 2598 1303 2633 iis
1327 2609 1367 2631 se
1393 2595 1659 2642 permiscuisset
1682 2601 1738 2629 at-

252 2655 322 2691 que
349 2644 488 2691 sculpta
522 2655 640 2679 eorum
674 2643 860 2679 simulacra
891 2644 988 2679 cultu
1021 2645 1183 2690 dignatus
1217 2649 1332 2689 esset,
1357 2643 1438 2678 ideo
1464 2643 1501 2677 in
1525 2646 1740 2689 potestatem

252 2691 480 2726 barbarorum
504 2696 581 2726 erat
602 2691 756 2726 deditus.
805 2691 892 2726 deus
920 2696 1040 2728 tamen
1067 2703 1131 2726 sua
1155 2697 1268 2726 motus
1292 2689 1507 2725 humanitate
1532 2700 1609 2732 eum
1632 2688 1739 2722 mise-

252 2742 352 2772 ratus
373 2742 439 2782 est,
464 2737 706 2784 excitavitque
732 2735 765 2772 ei
783 2736 932 2783 primum
952 2736 1103 2773 iudicem
1123 2736 1372 2773 Gothonielum
1397 2735 1545 2771 chalabi
1572 2746 1742 2782 generum

255 2783 388 2827 (Iudic.
408 2784 462 2829 3).
488 2783 520 2818 is
544 2783 720 2819 Chalebus
745 2795 823 2819 cum
844 2796 954 2822 annos
977 2786 1042 2820 107
1064 2785 1225 2829 vixisset,
1250 2783 1386 2820 viribus
1405 2782 1517 2818 veluti
1535 2782 1740 2818 adolescens

254 2828 404 2876 integris
429 2830 465 2864 in
488 2829 578 2866 bello
603 2831 825 2866 versabatur.
876 2830 1111 2867 Gothonielus
1138 2838 1253 2867 autem
1284 2831 1415 2866 robore
1438 2829 1610 2866 divinitus
1632 2840 1738 2874 prae-

255 2876 350 2913 ditus
371 2889 490 2923 regem
508 2877 638 2923 Syriae
662 2875 760 2912 clade
783 2878 918 2923 affecit,
943 2890 1137 2925 pacemque
1161 2878 1235 2913 suis
1259 2876 1429 2921 restituit,
1454 2888 1546 2922 quae
1564 2886 1674 2911 annos
1694 2873 1741 2910 40

255 2923 412 2970 duravit,
433 2935 546 2972 usque
569 2925 615 2961 ad
634 2923 838 2961 Gothonieli
861 2930 1020 2964 mortem.
1056 2937 1192 2961 rursum
1216 2924 1299 2960 inde
1324 2936 1344 2960 a
1367 2923 1508 2960 domino
1533 2923 1742 2960 defecerunt
