1676 3138
146 180 197 211 Ἦ
722 160 1059 207 FABROTI

147 278 209 337 qui
228 276 432 336 longinque
462 285 577 335 agunt
607 276 726 320 libros
744 275 833 320 Tibi
860 274 1063 328 dedicare,
1093 283 1132 319 ut
1161 290 1212 319 ex
1230 289 1340 318 sacro
1371 281 1409 316 et
1438 272 1639 317 immortali

147 348 297 391 nomine
316 347 399 389 Tuo
420 345 557 389 famam
578 354 615 389 et
635 347 798 405 gloriam
817 346 889 389 sibi
910 351 1091 403 quaerant
1120 359 1166 387 ac
1193 342 1469 388 immortalitate
1499 343 1636 385 donen-

147 424 220 460 tur.
275 415 351 458 hoc
368 423 492 458 tamen
513 431 672 466 vereor,
704 430 752 458 ne
771 415 831 458 Te
851 416 890 458 in
910 413 1062 458 excelso
1081 414 1322 457 humanarum
1341 427 1466 456 rerum
1485 410 1639 468 fastigio

149 485 309 541 positum
328 491 365 526 et
391 499 573 542 nunquam
601 500 754 528 vacuum
784 498 860 541 ego
888 499 979 526 unus
998 498 1021 526 e
1050 482 1159 526 turba
1185 481 1360 524 audacius
1387 480 1576 523 incondito
1596 493 1641 520 ac

149 553 233 596 rudi
253 567 427 595 sermone
447 553 697 610 interpellem,
725 553 858 609 Teque
877 567 1025 603 morer,
1054 551 1157 594 cuius
1188 548 1424 606 amplissimis
1442 548 1639 606 cogitatio-

150 621 257 664 nibus
277 636 323 663 ac
342 621 507 664 consiliis
533 622 729 679 imperium
747 621 931 666 Gallicum
946 620 1195 679 gubernatur,
1227 633 1309 661 cum
1340 618 1462 675 potius
1482 632 1640 674 occupa·

150 689 312 731 tionibus
335 689 428 731 Tuis
457 687 558 731 bono
587 689 737 747 publico
765 690 993 747 parcendum
1029 696 1141 733 esset.
1201 687 1270 731 sed
1303 701 1465 744 magnae
1494 701 1642 743 quoque

151 758 301 800 animae
332 757 505 800 literaria
533 757 631 800 haec
658 766 900 802 avocamenta
928 773 1003 801 non
1022 764 1205 802 recusant.
1262 755 1353 799 heic
1381 762 1503 798 autem
1526 755 1640 799 admi-

151 826 231 870 rari
250 827 347 870 subit
375 841 483 884 quam
511 827 642 884 sagaci
669 828 827 871 consilio
859 828 1018 886 optimus
1054 827 1313 882 maximusque
1340 824 1530 881 princeps,
1561 839 1642 865 cum

153 895 362 939 excederet
397 896 460 939 vel
489 897 612 952 potius
649 897 939 954 interciperetur
977 905 1015 940 et
1052 896 1093 940 in
1121 894 1266 939 caelum
1311 892 1477 943 rediret,
1539 890 1641 939 Tibi,

154 963 368 1007 Cardinalis
387 965 710 1017 Eminentissime,
740 981 840 1024 pene
860 966 1040 1015 dixerim,
1070 971 1201 1008 cuncta
1228 962 1389 1021 regendi
1416 977 1508 1004 onus
1526 961 1644 1017 impo-

154 1034 294 1084 suerit,
327 1048 408 1076 cum
429 1035 601 1078 iuvenilis
626 1035 855 1078 successoris
883 1034 1024 1077 animus
1054 1033 1215 1076 nondum
1241 1046 1313 1089 par
1341 1038 1440 1073 esset
1469 1030 1642 1086 imperi0.

155 1101 212 1144 sic
231 1101 338 1144 Atlas
365 1118 446 1147 cum
471 1103 570 1147 caeli
598 1105 707 1148 oneri
729 1120 772 1149 se
789 1104 1035 1153 subduceret,
1064 1101 1263 1145 Herculem
1292 1099 1506 1143 submisisse
1528 1098 1646 1141 fertur

156 1170 258 1213 velut
279 1178 403 1214 tantae
422 1171 531 1215 molis
552 1187 750 1230 capacem:
780 1181 818 1216 at
837 1173 985 1231 qualem
1003 1170 1156 1216 virum?
1191 1170 1375 1212 maiorem
1393 1168 1553 1211 humana
1581 1183 1644 1208 na-

156 1245 262 1289 tura,
311 1239 386 1282 deo
418 1241 627 1296 proximum
643 1276 654 1296 ,
699 1243 861 1300 denique
903 1242 1021 1292 lovis,
1073 1255 1150 1283 non
1194 1239 1475 1296 Amphitryonis
1519 1237 1645 1279 filium.

157 1315 262 1350 certe
280 1323 355 1350 non
381 1308 476 1351 alius
502 1324 610 1366 quam
642 1319 746 1353 natus
773 1311 848 1353 deo
867 1309 1013 1352 caelum
1032 1309 1187 1351 deorum
1205 1308 1335 1349 sedem
1362 1307 1467 1349 l'erre
1484 1314 1645 1363 poterat,

158 1377 253 1418 sicut
272 1391 343 1419 nec
362 1377 457 1420 alius
487 1393 595 1435 quam
625 1379 775 1422 divinae
800 1379 934 1421 mentis
958 1378 1072 1419 homo
1092 1391 1186 1418 onus
1214 1374 1366 1432 imperii
1386 1375 1522 1417 Gallici
1541 1375 1647 1416 susti-

155 1458 264 1488 nere.
323 1445 403 1496 Tu,
434 1447 604 1505 inquam,
647 1447 947 1490 Eminentissime
981 1444 1217 1495 cardinalis,
1261 1451 1394 1486 vocatu
1425 1444 1531 1501 regis
1559 1458 1646 1500 pru-

135 1558 139 1564 ,
156 1513 363 1557 dentissimi
383 1514 431 1557 ad
450 1517 561 1573 regni
580 1531 719 1558 arcana
738 1516 930 1559 tractanda
948 1530 1022 1558 non
1041 1516 1123 1557 sine
1141 1513 1291 1555 numine
1319 1512 1498 1554 admissus
1519 1527 1578 1562 es;
1608 1512 1647 1554 id

157 1583 259 1640 quod
281 1598 329 1625 ex
349 1583 464 1626 rebus
483 1584 574 1641 ipsis
595 1584 759 1628 feliciter
781 1594 818 1628 et
838 1600 888 1627 ex
907 1592 997 1627 voto
1022 1577 1218 1626 fluentibus
1248 1582 1368 1624 notius
1397 1588 1454 1623 est
1482 1595 1590 1637 quam
1612 1588 1652 1622 ut

160 1651 352 1708 quisquam
388 1661 542 1709 praeter
574 1653 759 1713 malignos
789 1653 976 1696 infitietur.
1035 1652 1182 1710 quando
1229 1651 1327 1693 enim
1366 1658 1549 1692 terrarum
1583 1650 1650 1692 ille

161 1720 328 1778 praedo,
359 1722 506 1779 quando
526 1722 634 1766 orbis
657 1722 822 1766 universi
841 1721 1057 1764 candidatus
1078 1721 1216 1764 certius
1242 1719 1426 1762 intellexit
1453 1734 1496 1760 se
1525 1734 1650 1761 rerum

161 1790 283 1834 solum
311 1792 427 1848 potiri
461 1807 535 1834 non
570 1807 705 1850 posse,
733 1806 853 1850 seque
886 1791 1012 1834 aliena
1045 1805 1168 1848 regna
1197 1789 1305 1833 irrita
1337 1803 1408 1846 spe
1436 1789 1649 1831 invadere?

163 1859 312 1916 quando
342 1859 505 1904 feliciter
538 1876 663 1904 secum
696 1870 815 1904 actum
847 1862 988 1919 putavit
1015 1862 1048 1904 si
1080 1859 1175 1902 fines
1203 1873 1290 1900 suos
1314 1872 1390 1900 non
1416 1865 1652 1915 propagaret

162 1926 233 1968 sed
252 1935 439 1981 tueretur,
469 1931 541 1973 nisi
563 1945 611 1973 ex
631 1946 703 1988 quo
723 1931 932 1988 principem
959 1939 1122 1973 nostrum
1145 1927 1422 1971 invictissimum
1448 1928 1571 1969 anima
1589 1943 1650 1969 re·

163 1994 304 2053 liquit?
340 1998 428 2056 quid
458 2000 605 2058 singula
633 2000 947 2043 commemorem?
985 2005 1171 2058 prostrato
1190 1998 1348 2054 primum
1368 1996 1547 2053 stupenda
1566 1996 1651 2039 feli-

164 2064 276 2108 citate
296 2069 463 2111 exercitu
481 2069 709 2112 validissimo
722 2102 733 2120 ‚
762 2077 838 2111 tum
858 2069 1106 2112 munitissimis
1126 2068 1275 2124 oppidis
1295 2081 1367 2124 qua
1391 2065 1557 2109 locorum
1586 2081 1649 2107 na-

162 2139 247 2176 tura
276 2150 347 2192 qua
367 2138 484 2181 milite
504 2154 578 2181 non
597 2139 757 2197 ignav0,
789 2153 870 2181 etun
889 2138 1038 2182 interim
1058 2137 1252 2180 inclinatas
1274 2136 1377 2179 acies
1405 2144 1442 2178 et
1466 2135 1649 2186 labantes,

163 2210 239 2245 tum
257 2205 395 2249 milites
410 2223 496 2250 suos
515 2209 616 2252 velut
638 2209 810 2251 attonitos
843 2214 881 2249 et
909 2221 1054 2263 pavore
1075 2206 1219 2249 defixos
1239 2212 1435 2255 cerneret,
1466 2200 1653 2248 intremuit

166 2271 359 2317 Flandria.
417 2277 562 2320 animos
599 2283 831 2336 sumpserant
861 2276 998 2319 Gallici
1033 2275 1161 2318 hostes
1193 2274 1371 2325 nominis,
1411 2275 1583 2331 quoniam
1613 2275 1653 2316 in

168 2345 395 2387 contrarium
421 2347 606 2389 cecidisse
641 2346 861 2389 videbantur
890 2345 1082 2388 Gallorum
1112 2345 1270 2401 impetus
1298 2358 1451 2400 semper
1484 2342 1652 2385 hostibus

169 2414 376 2464 metuendi,
407 2416 506 2473 quod
534 2416 679 2459 scilicet
707 2424 862 2459 externa
891 2415 948 2457 vis
969 2422 1097 2457 contra
1127 2413 1184 2455 fas
1202 2414 1375 2470 piumque
1399 2413 1454 2454 eis
1474 2412 1654 2455 adfuisset

168 2478 270 2522 velut
290 2481 381 2524 deus
404 2498 427 2526 e
446 2484 638 2535 machina,
665 2485 835 2542 quodque
852 2498 919 2526 eos
938 2482 1085 2526 obsidio
1103 2482 1285 2526 liberatos
1304 2482 1476 2524 viderent
1495 2483 1556 2538 qui
1577 2484 1652 2524 iam

169 2547 371 2605 ingloriam
392 2552 618 2596 deditionem
635 2553 836 2612 parabant:
872 2554 940 2597 sed
961 2554 1083 2596 statim
1112 2552 1214 2595 Galli
1244 2551 1388 2608 ingenii
1416 2550 1465 2592 ad
1490 2566 1652 2610 pugnam

170 2617 272 2659 avidi
300 2619 442 2663 vicinas
471 2622 583 2666 urbes
610 2623 810 2667 animosius
837 2623 1014 2680 aggressi
1042 2630 1145 2672 sunt3
1180 2621 1310 2679 quibus
1340 2622 1458 2677 captis
1487 2621 1652 2663 extimuit

169 2685 277 2729 Italia
301 2703 374 2730 non
401 2704 508 2732 secus
527 2706 572 2732 ac
590 2692 774 2747 quondam
803 2691 960 2749 populus
979 2692 1146 2749 gentium
1163 2691 1284 2733 victor
1299 2689 1420 2732 Gallis
1438 2690 1653 2732 instantibus

170 2755 322 2811 saepius
349 2760 511 2814 expavit.
571 2761 609 2802 in
641 2761 820 2818 Hispania
847 2759 950 2803 bello
980 2761 1129 2817 quidem
1165 2759 1316 2816 ancipiti
1345 2768 1544 2818 pugnatum
1576 2767 1651 2802 est:

169 2825 239 2868 sed
263 2825 364 2869 ducis
384 2826 575 2873 fortissimi
605 2843 739 2874 nomen
754 2830 920 2887 Hispano
950 2828 1059 2874 militi
1078 2828 1261 2874 vincendo
1282 2828 1420 2872 iamdiu
1449 2828 1564 2872 fatale
1585 2837 1652 2872 est.
