1742 3184
181 202 281 250 758
663 199 906 247 GEORGII
942 197 1192 244 CEDRENI

182 324 392 366 σταντῖνον
413 320 457 363 δὲ
475 318 546 363 τὸν
567 319 636 362 καὶ
659 315 865 373 Σιλβανὸν
885 312 1176 371 ἐπικληθέντα,
1204 314 1273 357 καὶ
1292 315 1494 368 Συμεῶνα
1514 310 1587 355 τὸν
1604 312 1674 354 καὶ

185 394 324 443 Τῖτον,
360 392 428 433 καὶ
451 390 639 433 Γενέσιον
657 388 729 431 τὸν
750 388 819 429 καὶ
840 382 1067 440 Τιμόθεον,
1101 385 1170 427 καὶ
1186 383 1344 440 Ἰωσὴφ
1367 381 1439 426 τὸν
1459 382 1527 424 καὶ
1545 380 1672 423 Ἔπα-

130 464 161 501 Β
187 459 397 519 φρόδιτον,
434 461 503 502 καὶ
531 457 701 514 Βαάνην
731 455 802 499 τὸν
831 454 1017 514 ῥυπαρὸν
1042 455 1111 497 καὶ
1130 453 1301 512 Σέργιον
1320 454 1389 495 καὶ
1415 450 1596 506 Τυχικὸν
1617 448 1674 501 ὥς

185 527 459 581 διδασκάλους
490 529 626 572 αὐτῶν
655 527 851 581 οὐδαμῶς
869 524 1254 579 ἆναθεματίζουσιν,
1289 522 1385 565 ἀλλ’
1411 520 1573 576 ἔχουσιν
1596 520 1673 564 αὗ-

183 599 280 651 τοῦς
299 598 435 658 ὥσπερ
457 597 711 648 ἀποστόλους
728 598 931 653 Χριστοῦ.
1002 594 1164 651 λέγουσι
1184 593 1229 636 δὲ
1250 594 1320 636 καὶ
1337 589 1384 644 ἓξ
1401 592 1614 647 ἐκκλησίας
1632 590 1706 635 ἐν5

183 674 235 729 τῇ
265 667 462 729 ὁμολογία
492 669 641 719 αὐτῶν,
676 666 752 722 τὴν
774 665 1056 717 Μακεδονίαν,
1096 662 1187 719 ἣτις
1213 663 1298 706 ἐστὶ
1325 660 1522 719 Κάστρον
1541 664 1675 703 κολω-

184 740 314 791 νείας,
350 739 424 794 τὴν
442 739 656 792 Κίβωσαν,
690 734 741 791 ἣν
759 733 1018 791 ἐμαθήτευσε
1037 735 1348 784 Κωνσταντῖνος
1375 730 1397 775 ὃ
1425 733 1496 774 καὶ
1514 734 1674 785 Σιλβα-

183 809 254 860 νὸς
271 810 341 851 καὶ
359 808 531 862 Συμεὼν
551 805 572 850 ὃ
593 807 662 849 καὶ
683 809 831 857 Τῖτος,
865 805 941 860 τὴν
958 804 1142 860 Ἀχαΐαν,
1176 801 1268 859 ἥτις
1285 802 1370 846 ἐστὶ
1392 800 1510 857 κώμη
1531 803 1677 856 Σαμο-

184 877 327 930 σάτου,
372 877 446 933 τὴν
463 874 678 929 Μάναλιν,
721 875 773 931 ἣν
796 873 1054 930 ἐμαθήτευσε
1077 875 1119 916 Γ
1115 873 1265 923 ενέσιος
1295 869 1317 916 ὅ
1345 873 1414 915 καὶ
1449 869 1675 926 Τιμόθεος,

182 947 256 1003 τὴν
282 951 363 991 τῶν
387 948 696 1003 Φιλιππησίων,
743 945 843 997 τοὺς
869 943 1069 1000 μαθητὰς
1095 943 1279 1000 λέγοντες
1305 941 1461 999 Ἰωσὴφ
1496 945 1573 984 τοῦ
1606 943 1674 983 καὶ
1689 949 1732 984 10

178 1017 487 1076 Ἐπαφροδιτοῦ
506 1019 574 1059 καὶ
594 1016 810 1073 Ζαχαρίου
835 1019 909 1058 τοῦ
937 1017 1157 1071 μισθωτοῦ
1185 1011 1377 1067 ποιμένος
1401 1011 1506 1069 παρ’
1540 1010 1677 1054 αὐτῶν

184 1087 425 1143 λεγομένου,
459 1087 536 1142 τὴν
556 1090 638 1130 τῶν
656 1084 927 1137 Λαοδικέων,
971 1084 1134 1141 λέγουσι
1157 1083 1202 1126 δὲ
1223 1082 1533 1139 Κυνοχωρίτας.
1602 1080 1677 1136 τὴν

183 1157 321 1213 μέντοι
344 1161 425 1200 τῶν
438 1157 653 1215 Ἐφεσίων,
687 1154 785 1206 τούς
802 1156 844 1198 ἐν
861 1151 1031 1210 Μόψου
1061 1152 1175 1214 ἑστίᾳ
1202 1154 1272 1196 καὶ
1302 1152 1378 1207 τὴν
1406 1156 1489 1195 τῶν
1511 1151 1677 1194 Κολοσ-

132 1239 164 1274 c
188 1226 319 1270 σαέων
340 1226 526 1283 λέγουσιν
549 1224 606 1277 ὥς
618 1226 788 1283 Σέργιος
809 1222 831 1268 ὃ
856 1226 924 1268 καὶ
946 1224 1126 1280 Τυχικὸς
1150 1220 1436 1277 ἀνεθεμάτισε.
1505 1219 1678 1271 τούτους

184 1291 258 1340 οὖν
279 1295 377 1348 τοὺς
399 1294 502 1339 ἔπτὰ
529 1294 804 1346 διδασκάλους
828 1294 966 1338 αὐτῶν
992 1295 1060 1337 καὶ
1089 1293 1166 1344 τὰς
1194 1291 1239 1345 (ἐξ
1268 1291 1485 1348 ἐκκλησίας
1514 1290 1675 1346 ἔβςουσιν
1690 1295 1733 1332 15

173 1366 375 1421 ἐντίμως·
419 1365 491 1417 οὓς
522 1367 592 1409 καὶ
622 1366 827 1421 σέβονται.
895 1362 1054 1416 πάντας
1082 1364 1126 1407 δὲ
1157 1362 1255 1414 τοὺς
1283 1359 1473 1415 λοιπούς,
1509 1360 1583 1412 οὓς
1606 1361 1677 1404 ἐὰν

186 1436 276 1494 εἴπῃ
297 1453 360 1486 τις
381 1435 545 1488 αὐτοῖς,
580 1437 648 1478 καὶ
668 1435 1017 1491 ἀναθεματίζουσι
1047 1435 1116 1477 καὶ
1147 1429 1468 1487 ἀποβάλλονται.
1538 1430 1678 1487 ἔχουσι

185 1506 231 1548 δὲ
256 1504 422 1564 πρώτην
453 1507 607 1564 αἵρεσιν
634 1505 708 1562 τὴν
731 1510 813 1549 τῶν
832 1507 1099 1560 ΖΡΙανιχαίων,
1134 1500 1210 1546 δύο
1235 1502 1368 1561 ἀρχὰς
1384 1499 1678 1558 ὁμολογοῦντες

186 1573 243 1627 ὡς
265 1575 453 1619 κάκεῖνοι.
523 1576 684 1632 λέγουσι
708 1577 753 1619 δὲ
783 1569 896 1618 οῦτοι
925 1572 987 1617 ὅτι
1019 1574 1061 1617 ἕν
1091 1574 1176 1617 ἐστι
1207 1571 1335 1628 μόνον
1362 1571 1409 1615 τὸ
1435 1573 1677 1629 διαχωρίζον

184 1643 296 1701 ἡμᾶς
317 1646 362 1688 ἐκ
382 1650 465 1688 τῶν
488 1642 714 1701 Ῥωμαίων,
760 1643 822 1689 ὅτι
839 1643 957 1701 ἡμεῖς
975 1644 1051 1699 μὲν
1071 1644 1208 1701 ἕτερον
1227 1642 1330 1686 θεὸν
1350 1641 1519 1698 λέγομεν
1540 1639 1733 1699 ῦπαρ-20

183 1731 271 1769 χειν
291 1715 363 1758 τὸν
380 1715 538 1773 πατέρα
557 1716 629 1759 τὸν
645 1713 901 1773 ἐπουράνιον,
942 1713 988 1765 ὃς
1017 1715 1060 1756 ἐν
1087 1711 1220 1771 τούτῳ
1247 1716 1306 1770 τῷ
1325 1709 1467 1770 κόσμῳ
1495 1711 1568 1754 οὐκ
1593 1711 1675 1767 ἔχει

185 1785 372 1835 ἐξουσίαν
402 1784 497 1828 ἀλλ’
531 1786 573 1827 ἐν
601 1789 660 1843 τῷ
680 1786 891 1840 μέλλοντι,
937 1783 1073 1839 ἕτερον
1097 1783 1143 1825 δὲ
1162 1781 1262 1824 θεὸν
1280 1781 1351 1824 τὸν
1371 1779 1530 1835 κόσμου
1551 1798 1674 1837 ποιη-

185 1851 275 1908 τήν,
312 1852 424 1904 ὅστις
446 1853 526 1907 ἔχει
547 1856 666 1896 τοῦδε
689 1858 763 1896 τοῦ
785 1851 987 1910 παρόντος
1006 1851 1081 1907 τὴν
1103 1852 1310 1902 ἐξουσίαν·
1347 1851 1385 1893 οἳ
1407 1851 1451 1893 δὲ
1465 1848 1674 1905 Ῥωμαῖοι,

131 1933 165 1968 D
189 1923 330 1982 φασίν,
370 1923 441 1966 ἕνα
464 1924 532 1966 καὶ
554 1923 626 1967 τὸν
652 1923 777 1967 αὐτὸν
797 1922 898 1965 θεὸν
919 1919 1188 1978 ὁμολογοῦσιν
1212 1917 1313 1964 εἶναι
1332 1921 1401 1963 καὶ
1422 1921 1582 1979 πατέρα
1603 1921 1676 1965 τὸν

184 2077 387 2122 Silvanum,
421 2078 623 2113 Simeonem
646 2078 708 2124 qui
730 2077 831 2123 Titi,
859 2077 1053 2113 Genesium
1078 2076 1140 2124 qui
1163 2076 1368 2121 Timothei,
1399 2075 1588 2123 Iosephum
1613 2078 1676 2124 qui

184 2123 442 2170 Epaphroditi,
479 2126 635 2160 Baanem
660 2125 859 2170 sordidum,
896 2130 935 2160 et
956 2124 1122 2170 Sergium
1155 2124 1217 2170 qui
1241 2123 1399 2170 Tychici
1427 2124 1531 2159 titulo
1555 2137 1595 2160 se
1617 2126 1675 2160 in-

184 2171 357 2216 signibat,
394 2183 614 2218 nequaquam
637 2173 822 2217 damnant,
859 2171 993 2218 quippe
1023 2183 1085 2206 eos
1115 2182 1181 2217 pro
1205 2171 1279 2206 suis
1302 2175 1537 2217 agnoscentes
1561 2172 1675 2218 magi-

183 2218 288 2252 stris:
326 2219 389 2253 sed
413 2230 473 2253 eos
497 2218 574 2254 loco
599 2219 838 2264 apostolorum
861 2218 999 2253 Christi
1021 2218 1166 2253 habent.
1215 2218 1398 2253 nominant
1417 2229 1482 2253 sex
1506 2219 1675 2254 ecclesias

182 2263 220 2298 in
239 2275 304 2299 sua
324 2265 566 2311 confessione,
601 2265 866 2311 Macedoniam,
899 2276 992 2311 quae
1022 2270 1078 2299 est
1099 2269 1251 2300 castrum
1272 2265 1454 2310 coloniae,
1491 2265 1674 2312 Cibosam‚

183 2321 287 2356 quam
313 2311 435 2346 docuit
462 2313 714 2348 Constantinus
738 2313 905 2347 Silvanus
930 2317 968 2347 et
992 2311 1138 2346 Simeon
1163 2311 1290 2357 Titus,
1316 2311 1506 2357 Achaiam,
1532 2313 1595 2358 qui
1619 2319 1675 2348 est

182 2357 284 2392 vicus
304 2358 585 2404 Samosatorum,
610 2359 791 2404 Manalin,
818 2371 922 2405 quam
946 2358 1103 2393 instituit
1126 2359 1305 2394 Genesius
1329 2359 1552 2403 Timotheus,
1584 2359 1671 2394 Phi-

183 2403 392 2451 lippensem,
417 2405 574 2441 dicentes
599 2405 636 2441 in
660 2418 703 2441 ea
727 2418 807 2441 esse
829 2405 1023 2452 discipulos
1046 2405 1192 2451 Iosephi
1213 2404 1455 2452 Epaphroditi
1475 2411 1512 2440 et
1532 2406 1673 2442 Zacha-

183 2450 279 2496 riae,
314 2462 418 2496 quem
440 2452 512 2498 ipsi
536 2453 789 2488 mercenarium
821 2458 998 2499 pastorem
1027 2451 1227 2497 appellant,
1265 2452 1543 2498 Laudicensem,
1583 2464 1674 2499 quos

184 2497 446 2542 cynochoritas
469 2505 611 2545 vocant,
639 2500 741 2545 quasi
763 2511 784 2534 a
807 2510 931 2535 canum
954 2498 1115 2544 regione.
1163 2499 1227 2534 sed
1249 2498 1456 2546 Ephesiam,
1481 2511 1557 2535 eam
1581 2512 1675 2546 quae

186 2549 242 2578 est
263 2545 527 2591 Mopsuestiae,
562 2552 600 2581 et
632 2547 880 2582 Colossensem
911 2557 933 2580 a
965 2545 1094 2590 Sergio
1125 2545 1289 2590 Tychioo
1321 2546 1502 2581 damnatas
1536 2546 1673 2582 dicunt.

185 2589 249 2624 hos
273 2603 358 2637 ergo
383 2598 518 2639 septem
541 2593 697 2639 ipsorum
721 2595 885 2629 doctores
909 2596 947 2627 et
968 2604 1034 2627 sex
1058 2592 1226 2628 ecclesias
1249 2592 1286 2627 in
1313 2593 1448 2628 honore
1474 2593 1608 2628 habent
1630 2605 1674 2629 ac

183 2644 416 2684 venerantur,
441 2639 597 2685 reliquos
623 2652 741 2675 omnes
756 2666 766 2684 ,
789 2649 1019 2686 quoscunque
1044 2637 1135 2685 ipsis
1160 2639 1340 2684 nomines,
1374 2641 1541 2675 damnant
1563 2646 1674 2686 atque

184 2690 368 2728 respuunt.
416 2693 561 2721 servant
583 2687 730 2732 primam
754 2686 1042 2721 Manichaeorum
1067 2685 1255 2731 haeresin,
1290 2687 1360 2721 duo
1394 2686 1572 2733 principia
1594 2699 1672 2722 cum

187 2727 275 2782 ipsis
301 2732 532 2770 affirmantes.
579 2744 684 2768 unum
702 2739 834 2768 tantum
854 2744 933 2768 esse
953 2732 1064 2775 aiunt,
1089 2734 1183 2778 quod
1207 2732 1306 2779 ipsos
1329 2745 1352 2767 a
1372 2733 1531 2769 Romana
1555 2733 1671 2769 eccle-

186 2786 242 2809 sm
264 2776 459 2822 disiungat:
483 2791 523 2814 se
547 2779 639 2814 enim
662 2780 796 2815 sentire
816 2779 920 2815 alium
940 2790 1020 2814 esse
1041 2779 1144 2814 deum
1166 2786 1303 2825 patrem
1326 2779 1527 2826 caelestem,
1550 2780 1612 2826 qui
1633 2780 1671 2815 in

185 2820 252 2855 hoc
276 2825 403 2858 mundo
430 2825 514 2859 nihil
538 2826 670 2861 habeat
695 2826 896 2873 potestatis,
928 2826 1059 2861 habeat
1077 2831 1194 2862 autem
1214 2826 1251 2861 in
1272 2827 1406 2871 futuro,
1439 2827 1543 2863 alium
1566 2828 1670 2862 deum

184 2869 302 2903 mundi
326 2870 562 2916 conditorem,
597 2873 654 2907 cui
678 2873 715 2907 in
738 2878 960 2919 praesentem
982 2873 1145 2907 mundum
1170 2872 1225 2908 ius
1248 2873 1318 2919 sit,
1351 2874 1530 2909 Romanos
1554 2880 1670 2908 autem

182 2915 344 2962 profiteri
367 2928 446 2952 esse
470 2929 574 2954 unum
596 2920 720 2965 deum,
756 2920 975 2966 eundemque
997 2924 1134 2966 patrem
1159 2920 1348 2957 caelestem
1374 2926 1412 2957 et
1431 2920 1593 2957 universi
1613 2920 1669 2956 fa-
