1742 3184
218 196 316 247 548
697 197 939 244 GEORGII
964 196 1212 242 CEDRENI

216 316 285 360 καὶ
314 313 336 359 ὃ
363 312 491 371 μέγας
514 311 742 373 Γρηγόριος
767 315 825 364 εἷς
847 312 918 356 τὸν
944 309 1157 371 ἐπιτάφιον
1179 314 1255 355 τοῦ
1273 307 1454 368 μεγάλου
1476 311 1694 356 Βασιλείου

215 384 368 436 ἔλεξεν,
404 382 470 427 ὅτε
496 386 562 426 καὶ
587 381 779 438 Γαλάτης
800 382 891 433 υἱὸς
924 380 1153 433 Οὐάλεντος
1173 383 1242 423 καὶ
1259 379 1286 436 ἦ
1309 379 1486 436 σόμβιος
1505 382 1695 436 Δομνίκα

215 453 325 513 νόσῳ
351 456 510 509 χαλεπῇ
541 450 784 508 ἐχειμάσθη.
851 450 956 508 πρὸς
980 448 1140 502 τούτοις
1161 451 1464 505 Δημοσθένους
1482 450 1594 501 τινός
1615 455 1696 494 τῶν

217 523 429 578 ὀψοποιῶν
461 520 690 571 Οὐάλεντος
709 522 751 563 ἐν
768 524 818 578 τῇ
841 518 979 580 ὁμιλία
1000 524 1050 577 τῇ
1071 520 1174 576 πρὸς
1199 518 1410 562 Οὐάλεντα
1428 520 1694 577 μεμφομένου

215 593 432 635 Βασίλειον
449 591 518 633 καὶ
540 591 894 647 βαρβαρίσαντος,
930 591 1051 632 εἰπεῖν
1068 590 1139 632 τὸν
1159 587 1408 632 διδάσκαλον
1429 586 1550 632 “iduh
1569 590 1727 632 ἔθεσι-5

217 659 388 716 σάμεθα
410 661 476 701 καὶ
499 659 777 715 Δημοσθένην
800 657 1116 716 ἀγράμματον.”

357 732 430 786 Τῷ
461 729 584 786 τρίτῳ
618 728 694 771 ἔτει
728 726 849 771 πάλιν
878 730 1053 783 ἐξῆλθον
1077 728 1116 771 οἶ
1141 728 1179 768 Γ
1176 724 1295 769 ότθοι
1321 728 1377 777 εἷς
1398 724 1473 781 τὴν
1488 723 1700 780 Ῥωμαίων

216 802 292 855 γῆν
322 798 388 840 καὶ
420 795 646 854 ἠρήμωσαν
675 797 830 849 πολλὰς
859 798 1078 855 ἐπαρχίας,
1120 797 1308 838 Σκυθίαν
1332 796 1506 839 Μυσίαν
1531 793 1701 855 Θρᾴκην

217 866 484 911 Μακεδονίαν
508 868 677 922 Ἀχαΐαν
704 868 772 909 καὶ
801 870 938 910 πᾶσαν
966 866 1041 921 τὴν
1065 863 1267 917 Ἑλλάδα,
1305 862 1406 922 ὗπὲρ
1441 864 1515 915 τὰς
1553 864 1701 906 εἴκοσιν

219 937 426 993 ἐπαρχίας.
495 934 738 991 ἐθεάθησαν
768 937 814 979 δέ
843 937 885 979 ἐν
915 939 974 994 τῷ
1002 935 1090 991 ἀέρι
1124 933 1269 991 ἄνδρες
1297 933 1480 985 ἔνοπλοι,
1518 925 1700 988 ἐσχημα-
1714 940 1742 975 11

164 1012 194 1047 Β
218 1005 397 1059 τισμένοι
421 1005 463 1046 ἐν
484 1012 573 1055 ταῖς
595 1005 793 1062 νεφέλαις.
863 1003 1058 1061 ἐγεννήθη
1083 1004 1127 1046 ὃέ
1149 1004 1191 1046 ἐν
1207 1003 1427 1062 Ἀντιοχείᾳ
1451 1004 1612 1044 παιδίον
1636 1003 1703 1044 ἐν-

215 1075 326 1125 τελὲς
345 1066 494 1128 μένᾲτὰ
517 1072 695 1131 ὁλομερῆ
706 1107 719 1126 ,
756 1074 981 1132 ὀφθαλμὸν
1003 1075 1048 1116 δὲ
1072 1072 1163 1128 ἐβςον
1188 1073 1257 1115 ἵνα
1277 1073 1319 1114 ἐν
1339 1073 1452 1128 μέσῳ
1473 1074 1547 1113 τοῦ
1569 1069 1703 1125 μετώ-

216 1160 320 1195 που,
348 1148 492 1198 χεῖρας
513 1144 556 1186 δὲ
579 1143 781 1201 τέσσαρας
803 1145 870 1185 καὶ
893 1141 1024 1192 πόδας
1043 1142 1245 1197 τέσσαρας
1265 1143 1333 1182 καὶ
1354 1139 1543 1195 πώγωνα.
1613 1141 1704 1181 Λι-

218 1211 363 1267 βάνιος
383 1211 427 1253 δὲ
445 1209 467 1253 ὃ
487 1212 688 1270 σοφιστὴς
707 1214 775 1255 καὶ
791 1209 1025 1265 Ἰάμβλιχος
1044 1207 1065 1252 ὃ
1083 1207 1280 1267 Πρόκλου
1302 1207 1549 1259 διδάσκαλος
1566 1208 1704 1264 ἐποίη-

217 1296 296 1324 σαν
338 1279 413 1333 τὴν
454 1280 672 1337 λεγομένην
713 1280 1121 1337 ἀλεκτορομαντείαν·
1174 1275 1409 1335 γράψαντες
1439 1278 1519 1335 γὰρ
1552 1277 1604 1320 τὰ
1638 1276 1701 1320 κδ’
1715 1284 1742 1319 11

215 1344 445 1407 γράμματα
474 1348 539 1392 ἐπὶ
572 1348 741 1402 κόνεως,
775 1351 844 1391 καὶ
867 1348 1074 1399 ἐπιθέντες
1094 1347 1200 1390 καθ’
1226 1347 1395 1389 ἕκαστον
1415 1345 1588 1405 γράμμα
1609 1345 1704 1389 κόκ-

220 1435 294 1462 κον
326 1418 466 1468 σίτου,
503 1418 712 1461 ἀπέλυσαν
739 1417 942 1476 ἀλέκτορα
966 1418 1032 1459 ἐπὶ
1060 1416 1113 1459 τὰ
1141 1414 1365 1473 γράμματα
1372 1448 1386 1468 ,
1414 1418 1482 1459 καὶ
1509 1415 1654 1470 ἔλαβεν
1681 1415 1703 1458 ὃ

218 1487 400 1544 ἀλέκτωρ
420 1485 492 1529 τὸν
513 1488 556 1530 ἐν
576 1490 635 1545 τῷ
654 1490 690 1528 θ
708 1486 876 1539 κόκκον,
917 1486 1053 1529 ἔπειτα
1075 1485 1146 1529 τὸν
1170 1486 1212 1527 ἐν
1232 1489 1293 1543 τῷ
1314 1502 1331 1528 ε
1352 1487 1420 1528 καὶ
1440 1502 1462 1528 ο
1484 1487 1550 1528 καὶ
1572 1485 1642 1528 τὸν
1663 1486 1704 1528 ἐν

217 1560 277 1614 τῷ
308 1558 349 1599 ὃ.
418 1556 487 1598 καὶ
516 1556 669 1613 ἐγένετο
699 1555 726 1611 ᾗ
756 1555 912 1600 τούτων
939 1556 1109 1611 μαντεία
1140 1554 1397 1612 ἀμφίβολος·
1431 1558 1602 1598 τοιαῦτα
1624 1554 1704 1611 γὰρ

168 1634 200 1669 C
223 1625 274 1668 τὰ
301 1628 382 1668 τῶν
410 1624 605 1668 τοιούτων
625 1624 828 1681 ἀπατηλά.
897 1629 1018 1668 τοῦτο
1039 1624 1193 1679 μαθὼν
1221 1622 1386 1679 Οὐάλης
1404 1623 1580 1674 πολλοὺς
1599 1624 1742 1667 Oto-2

224 1694 388 1743 ὃοσίους
420 1694 490 1735 καὶ
524 1692 754 1745 Θεοδότους
784 1696 853 1737 καὶ
889 1692 1132 1750 Θεοδώρους
1155 1695 1223 1735 καὶ
1243 1693 1339 1743 τοὺς
1359 1691 1509 1748 ὁμοίως
1530 1693 1708 1749 ἐγκειμέ-

219 1779 316 1812 νους
334 1767 420 1812 τοῖς
438 1761 654 1818 γράμμασι
675 1762 835 1814 τούτοις
854 1763 934 1805 ἀπὸ
958 1767 1040 1805 τῶν
1063 1761 1274 1816 ὀνομάτων
1296 1763 1485 1812 ἀναιτίως
1503 1760 1709 1804 ἐκόλασεν.

215 1829 452 1886 Ἰάμβλιχος
480 1832 525 1876 δὲ
553 1834 757 1890 φοβηθεὶς
789 1829 1011 1890 φάρμακον
1032 1831 1135 1875 πιιὺν
1161 1831 1356 1874 ἀπέθανε.
1422 1830 1576 1886 μαθών
1599 1832 1643 1874 δὲ
1667 1832 1709 1874 ἐν

220 1973 327 2008 gnum
358 1962 480 1997 furore
508 1961 691 1998 incitatus.
741 1974 783 1998 ac
804 1965 877 1998 tum
902 1974 945 1998 ea
969 1962 1044 2008 egit
1066 1973 1158 2009 quae
1182 1962 1379 2008 Gregorius
1402 1974 1548 2008 magnus
1568 1962 1605 1998 in
1629 1974 1709 1997 ora·

221 2009 321 2044 tione
343 2008 468 2043 Basilii
489 2009 630 2043 funebri
651 2009 774 2044 refert.
823 2021 893 2055 quo
916 2015 1075 2055 tempore
1098 2010 1204 2044 etiam
1228 2009 1353 2044 Gallus
1374 2009 1534 2044 Valentis
1558 2010 1650 2044 filius
1675 2014 1712 2044 et

221 2054 409 2090 Dominica
441 2054 602 2090 Valentis
633 2067 723 2090 uxor
754 2056 857 2100 gravi
890 2057 1010 2090 morbo
1045 2055 1172 2090 afflicti
1207 2063 1302 2091 sunt.
1351 2056 1396 2091 ad
1426 2057 1535 2101 haec,
1571 2068 1648 2091 cum
1673 2056 1712 2090 in

223 2101 398 2146 colloquio
423 2112 500 2136 cum
523 2101 672 2136 Valente
693 2102 814 2137 habito
838 2103 979 2147 quidam
1004 2103 1048 2137 de
1074 2102 1196 2148 coquis
1221 2101 1309 2146 eius,
1337 2103 1479 2138 nomine
1501 2102 1710 2137 Demosthe-

220 2159 306 2191 nes,
342 2147 509 2182 Basilium
541 2148 831 2193 reprehendisset
861 2154 1027 2194 essetque
1056 2147 1244 2183 barbarice
1273 2148 1432 2194 locutus,
1467 2149 1588 2184 ferunt
1607 2148 1712 2184 Basi-

222 2193 307 2228 lium
330 2193 465 2228 dixisse
486 2191 556 2228 “en
579 2194 730 2229 vidimus
754 2194 858 2230 etiam
882 2195 1151 2230 Demosthenem
1176 2191 1418 2230 illiteratum.'’

318 2239 446 2274 Tertio
490 2252 581 2275 anno
621 2252 744 2281 rursus
779 2241 906 2276 Gotthi
938 2241 976 2276 in
1005 2243 1240 2276 Romanorum
1273 2241 1446 2276 dicionem
1477 2240 1711 2288 impressione

222 2285 320 2320 facta
343 2287 548 2332 provincias
571 2287 700 2332 viginti
723 2287 839 2332 plures
863 2288 1070 2333 depopulati
1090 2294 1189 2332 sunt,
1218 2287 1400 2332 Scythiam
1418 2288 1570 2333 Mysiam
1589 2287 1709 2322 Thra-

222 2331 313 2366 ciam
349 2332 593 2368 Macedoniam
627 2334 794 2368 Achaiam
828 2338 864 2368 et
897 2334 1095 2369 universam
1129 2332 1330 2369 Graeciam.
1378 2334 1478 2369 visae
1498 2339 1581 2369 sunt
1604 2333 1709 2367 etiam

225 2378 263 2412 in
295 2378 378 2413 aete
413 2379 550 2424 effigies
580 2379 736 2414 virorum
761 2385 993 2425 armatorum,
1030 2381 1067 2415 in
1095 2381 1245 2415 nubibus
1272 2391 1475 2426 expressae.
1524 2385 1561 2415 et
1582 2380 1708 2414 Antio-

226 2424 335 2458 cheae
360 2436 450 2472 puer
473 2432 577 2461 natus
601 2430 657 2460 est
679 2426 839 2460 omuibus
862 2428 1026 2461 membris
1051 2432 1234 2471 constans,
1264 2428 1328 2461 sed
1350 2427 1488 2461 unicum
1513 2426 1648 2461 oculum
1672 2426 1711 2460 in

223 2470 354 2505 frontis
388 2471 502 2506 medio
533 2472 687 2517 habens,
729 2484 849 2507 manus
881 2478 1048 2517 quattuor
1078 2472 1295 2517 totidemque
1330 2474 1438 2518 pedes
1472 2485 1515 2507 ac
1548 2474 1708 2508 barbam.

223 2521 307 2551 tunc
332 2516 503 2553 Libanius
525 2518 685 2564 sophista
708 2523 746 2554 et
767 2518 978 2554 Iamblichus
1003 2519 1121 2554 Procli
1148 2519 1316 2564 magister
1337 2519 1420 2564 galli
1444 2518 1631 2564 gallinacei
1653 2518 1711 2553 di-

222 2562 439 2598 vinationem
472 2565 713 2600 instituerunt.
761 2565 956 2600 scribentes
991 2565 1083 2600 enim
1112 2565 1150 2601 in
1184 2565 1330 2620 pulvere
1363 2566 1409 2600 24
1439 2565 1631 2609 elementa,
1666 2576 1709 2599 ac

225 2609 340 2644 cuivis
370 2621 517 2655 granum
550 2611 718 2646 frumenti
748 2610 990 2657 imponentes,
1027 2612 1155 2657 gallum
1183 2611 1227 2647 lis
1254 2611 1487 2647 immiserunt.
1544 2617 1650 2657 atque
1676 2611 1709 2645 is

228 2665 373 2698 granum
406 2657 451 2691 de
481 2657 587 2692 litera
618 2658 680 2703 th,
715 2657 798 2693 item
822 2658 867 2693 de
890 2670 929 2703 e,
966 2659 1011 2693 de
1034 2670 1055 2692 ο
1078 2662 1115 2693 et
1136 2658 1182 2693 de
1205 2658 1231 2692 d
1253 2657 1420 2703 abstulit,
1454 2658 1575 2703 itaque
1598 2657 1711 2692 ambi-

227 2710 332 2743 guam
364 2702 643 2748 designationem
673 2703 837 2750 reliquit,
874 2705 1161 2750 quemadmodum
1184 2703 1221 2738 id
1242 2715 1353 2748 genus
1375 2715 1434 2739 res
1454 2704 1571 2739 solent
1596 2703 1710 2750 impo-

230 2751 405 2782 sturarum
430 2761 510 2785 esse
534 2749 672 2794 plenae.
721 2750 853 2785 Valens
871 2754 997 2786 autem*
1012 2762 1053 2785 re
1076 2750 1256 2786 intellecta
1279 2749 1405 2785 multos
1427 2750 1651 2785 Theodosios
1674 2752 1711 2784 et

229 2790 436 2829 Theodotos
459 2800 496 2830 et
520 2796 748 2840 Theodorus,
782 2797 940 2842 aliosque
965 2808 1111 2843 quorum
1136 2795 1276 2831 nomina
1302 2797 1348 2830 ab
1379 2796 1458 2831 istis
1482 2797 1594 2831 literis
1616 2795 1709 2830 inci-

227 2842 377 2882 perent,
410 2840 566 2877 insontes
587 2843 772 2889 suppliciis
797 2844 930 2879 affecit.
978 2842 1188 2878 lamblichus
1215 2847 1374 2877 metuens
1397 2842 1467 2878 sibi
1493 2843 1619 2877 hausto
1644 2853 1708 2876 ve·-

228 2893 320 2919 neno
352 2885 423 2920 sibi
455 2893 600 2925 mortem
630 2889 818 2927 conscivit.
865 2901 974 2937 porro
998 2889 1129 2926 Valens
1150 2888 1368 2926 Antiocheae
1391 2890 1437 2926 de
1461 2889 1607 2926 Gotthis
1629 2899 1708 2924 cer-
