1742 3184
187 152 292 205 654
674 152 916 200 GEORGII
941 151 1188 198 GEDRENI

189 269 365 326 βλέπειν.
434 267 692 325 διεζωσμένοι
709 286 751 313 τε
780 265 968 323 ἐβάδιζον
990 270 1058 312 καὶ
1078 268 1248 327 φαιδροὶ
1267 267 1319 311 τὰ
1340 265 1565 324 πρόσωπα,
1599 286 1673 312 πε-

190 340 318 391 λέκεις
336 357 378 383 τε
403 342 471 382 καὶ
492 338 725 394 μοναύλους
741 336 1028 392 βαστάζοντες.
1098 336 1120 382 ὃ
1148 338 1193 381 δὲ
1218 337 1471 394 Ἀβανδιίζης
1497 340 1555 389 εἷς
1574 337 1674 393 ὄψιν

188 411 422 468 ,Βελισαρίῳ
451 409 589 452 ἐλθὼν
615 411 836 451 λυπεῖσθαι
856 407 927 451 τὸν
946 405 1145 466 Χοσρόην
1167 406 1357 466 ἔφασκεν,
1398 405 1461 451 ὅτι
1484 408 1536 463 δὴ
1557 407 1674 450 καθὰ

188 480 383 524 συνέθετο
420 478 494 522 οὐκ
525 477 682 534 ἔπεμψε
712 477 1007 529 Ἰουστινιανός
1038 478 1227 535 πρέσβεις
1258 476 1364 533 πρὸς
1394 475 1569 535 εἰρήνην,
1605 478 1674 520 καὶ

185 548 391 605 ἠνάγκασε
419 547 617 606 Χοσρόην
641 547 747 590 κατὰ
771 546 983 602 Ῥωμαίων
1008 545 1357 605 στρατεύσασθαι.
1426 544 1707 603 Βελισάριος5

134 626 165 664 Β
192 619 235 662 δὲ
258 619 340 662 ἀντ’
366 617 532 669 οὐδενὸς
551 616 723 668 τούτους
742 617 839 668 τοὺς
857 615 1004 674 λόγους
1028 619 1214 669 ἐποιεῖτο,
1242 617 1314 659 τὸν
1330 614 1528 674 Χοσρόην
1548 617 1676 672 λέγων

188 689 320 732 αἴτιον
340 686 440 731 εἶναι
462 692 537 730 τοῦ
556 687 759 742 πολέμου·
802 689 836 730 εἲ
864 687 944 746 γὰρ
977 685 1140 744 εἰρήνης
1165 687 1299 744 ἐφίετο
1310 718 1324 739 ,
1360 685 1433 729 οὒκ
1451 684 1506 728 ἂν
1525 687 1582 737 εἷς
1601 686 1676 741 τὴν

183 756 395 813 Ῥωμαίων
415 761 491 813 γῆν
512 755 759 815 ἀφικόμενος
777 755 929 813 ταύτην
946 756 1094 812 ἐζήτει,
1131 757 1217 799 ἀλλ’
1243 758 1298 807 εἷς
1315 756 1388 812 τὴν
1409 757 1516 798 ἲδιάν
1532 753 1677 813 χώραν

186 828 320 885 μένων
338 827 435 878 τοὺς
457 828 647 886 πρέσβεις
668 827 884 881 ἐξεδέχετο.
955 828 1024 870 καὶ
1044 830 1175 870 ταῦτα
1195 826 1316 869 εῗπών
1335 826 1406 869 τὸν
1425 824 1676 882 πρεσβευτὴν

188 897 476 952 ἀπεπέμψατο.
545 894 567 940 ὅ
601 898 645 939 δὲ
676 896 780 954 πρὸς
810 894 1008 954 Χοσρόην
1044 893 1293 953 ἀφικόμενος
1329 893 1409 953 ἔφη
1447 894 1676 952 στρατηγὸν
1689 896 1734 932 10

188 966 413 1025 ἑωρακέναι
433 965 679 1023 Βελισάριον
699 966 865 1010 συνετὸν
882 968 950 1009 καὶ
972 967 1157 1024 ἀνδρεῖον
1174 963 1394 1022 ὗπέραγαν,
1423 962 1679 1022 στρατιώτας

190 1038 237 1081 δὲ
265 1038 377 1088 οἵους
402 1035 525 1087 αὐτὸς
552 1035 702 1088 ἄλλους
730 1034 937 1079 οὐπώποτ’
963 1033 1070 1079 εἶδον
1079 1068 1093 1088 ,
1138 1029 1194 1078 ὧν
1214 1035 1287 1091 τὴν
1311 1034 1528 1089 εὐκοσμίαν
1547 1032 1678 1077 ἐθαύ-

190 1124 322 1163 μασα.
348 1160 351 1163 ἱ
391 1108 459 1150 καὶ
481 1105 773 1161 συνεβούλευσε
793 1103 992 1164 Χοσρόην
1020 1105 1079 1159 μὴ
1111 1105 1420 1160 συμπλέκεσθαι
1453 1107 1510 1155 εἷς
1540 1102 1678 1159 μάχην
1708 1108 1711 1110 ’

191 1177 284 1233 μετ’
312 1176 464 1228 αὐτοῦ,
502 1174 612 1226 ὅπως
630 1176 687 1232 μὴ
711 1174 962 1231 ἡττηθέντος
991 1175 1118 1218 αὐτοῦ
1138 1175 1183 1218 τὸ
1204 1178 1286 1217 πᾶν
1312 1174 1484 1231 διαπέσῃ
1506 1178 1580 1228 τῆς
1597 1177 1679 1215 τῶν

192 1249 371 1305 Περσῶν
388 1247 601 1301 βασιλείας
610 1278 624 1298 ,
660 1246 702 1287 ἐν
728 1250 780 1302 γῇ
802 1243 1015 1300 Ῥωμαίων
1035 1242 1291 1302 ὑπάρχοντος
1310 1245 1378 1286 καὶ
1402 1247 1536 1301 φυγῆς
1554 1241 1678 1285 τόπον
1691 1245 1736 1283 15

139 1321 170 1357 C
193 1316 252 1372 μὴ
274 1316 449 1371 ἔχοντος.
519 1317 587 1358 καὶ
616 1315 663 1358 τὸ
691 1320 806 1358 νικᾶν
833 1314 958 1358 αὐτὸν
984 1314 1032 1357 οὗ
1052 1315 1180 1370 μέγα·
1215 1312 1444 1371 στρατηγὸν
1472 1313 1552 1370 γὰρ
1577 1310 1680 1355 Ῥω-

190 1388 325 1444 μαίων
353 1380 575 1442 νικήσειεν(
645 1382 666 1427 ὃ
690 1386 735 1428 δὲ
754 1382 953 1443 Χοσρόης
980 1389 1032 1442 τῇ
1059 1382 1206 1427 τούτου
1234 1383 1471 1440 παραινέσει
1497 1380 1682 1432 πεισθεὶς

192 1456 462 1514 ἀναστρέφειν
485 1454 613 1505 εὐθὺς
644 1455 708 1497 ε’πὶ
735 1454 788 1497 τὰ
815 1454 901 1497 ἴδια
924 1458 1137 1498 διενοεῖτο·
1183 1453 1373 1511 ἐφοβεῖτο
1393 1452 1473 1509 γὰρ
1493 1452 1568 1507 τὴν
1590 1450 1683 1494 διά-

190 1531 317 1582 βασιν
334 1530 408 1569 τοῦ
427 1528 618 1580 ποταμοῦ
635 1522 897 1580 ποιήσασθαι
915 1523 971 1575 ὥς
987 1527 1070 1567 τῶν
1082 1521 1295 1578 Ῥωμαίων
1312 1520 1466 1578 ταύτην
1487 1519 1682 1576 κατεχόν-

189 1614 287 1640 των.
358 1596 427 1638 καὶ
453 1595 556 1652 πρὸς
581 1593 828 1652 Βελισάριον
847 1594 993 1649 πέμπει
1016 1596 1269 1651 παρακαλῶν
1290 1592 1388 1643 τοὺς
1405 1592 1476 1635 τὸν
1497 1590 1682 1645 ποταμὸν
1692 1594 1740 1630 20

192 1663 421 1720 διαβάντας
445 1665 707 1717 ἀναστεῖλαι,
747 1666 815 1706 καὶ
845 1661 978 1721 τούτῳ
1003 1663 1078 1718 τὴν
1107 1661 1289 1720 πάροδον
1314 1659 1533 1711 ἀκωλύτως
1554 1660 1683 1718 παρέ-

191 1738 290 1788 ξειν.
359 1732 606 1791 Βελισάριος
639 1734 683 1776 δὲ
716 1733 820 1792 πρὸς
851 1733 974 1776 αὐτὸν
1007 1733 1135 1783 εὐθὺς
1163 1731 1353 1788 πρέσβεις
1384 1730 1565 1784 ἔπεμψε,
1613 1731 1684 1773 καὶ

192 1810 339 1848 τοῦτον
360 1808 435 1859 τῆς
454 1801 752 1861 ἀναχωρήσεως
769 1801 958 1859 ἐπῄνεσε,
992 1804 1061 1844 καὶ
1089 1801 1280 1858 πρέσβεις
1309 1801 1353 1843 ἐκ
1381 1804 1455 1843 τοῦ
1482 1800 1685 1854 βασιλέως

194 1872 407 1930 συντόμως
436 1871 547 1928 ἥκειν
584 1874 888 1927 διεβεβαιοῦτο,
943 1870 1055 1923 ὅπως
1081 1870 1158 1927 τὴν
1189 1869 1352 1930 εἰρήνην
1383 1867 1687 1928 βραβεύσωσιν.

196 2076 286 2114 ciem
319 2075 439 2121 legato
472 2073 695 2111 exhiberent·
743 2072 853 2109 cincti
881 2072 1117 2119 incedebant,
1150 2072 1255 2108 hilari
1278 2073 1400 2118 vultu,
1431 2072 1689 2119 gestabantcfue

196 2135 342 2160 secures
366 2128 403 2158 et
425 2122 590 2160 calamos.
638 2122 846 2156 Abandazes
870 2126 910 2156 ut
934 2121 971 2155 in
997 2124 1223 2166 conspectum
1246 2119 1414 2155 Belisarii
1439 2120 1561 2165 venit,
1593 2120 1689 2155 indi-

197 2171 308 2217 gnari
327 2170 522 2204 chosroem
557 2168 736 2213 ostendit,
770 2169 865 2214 qnod
888 2167 1104 2203 Iustinianus
1138 2167 1300 2213 neglecto
1336 2171 1439 2212 pacto
1473 2167 1610 2212 legatos
1644 2167 1690 2202 de

196 2229 288 2264 pace
311 2228 383 2251 non
406 2216 580 2260 misisset,
604 2216 790 2262 ipsumque
812 2215 866 2250 ita
889 2215 934 2250 ad
957 2214 1178 2249 inferendum
1205 2214 1370 2248 Romanis
1394 2213 1520 2249 bellum
1545 2213 1697 2259 adegis-·

195 2269 265 2301 set.
313 2263 509 2298 Belisarius
534 2268 658 2298 contra.
681 2262 783 2296 nihili
808 2262 898 2296 hanc
922 2261 1118 2296 orationem
1147 2262 1296 2305 ducere,
1326 2261 1364 2295 in
1386 2260 1581 2295 Chosroem
1605 2259 1690 2295 belli

196 2311 335 2357 culpam
359 2311 542 2355 conferre,
577 2309 640 2355 qui
662 2308 694 2343 si
718 2308 798 2354 paci
822 2308 1035 2352 studuisset,
1072 2307 1167 2342 domi
1190 2307 1308 2354 potius
1332 2318 1419 2343 suae
1439 2307 1576 2352 legatos
1601 2318 1689 2353 ope-

195 2357 264 2394 riri
297 2369 402 2403 quam
435 2357 474 2391 in
500 2358 734 2391 Romanorum
769 2355 942 2390 dicionem
966 2354 1192 2401 irrumpendo
1217 2365 1293 2388 eam
1315 2365 1488 2400 quaerere
1511 2354 1689 2389 debuerit.

196 2410 305 2451 atque
338 2405 405 2438 hoc
438 2415 610 2449 responso
641 2402 795 2447 legatum
823 2401 967 2437 dimisit.
1014 2401 1046 2436 is
1078 2402 1124 2436 ad
1149 2401 1342 2435 chosroem
1371 2411 1540 2436 reversus
1576 2401 1692 2435 refert

172 2452 176 2457 “
195 2452 310 2486 visum
330 2451 401 2486 sibi
421 2450 644 2494 Belisarium‚
668 2450 790 2484 ducem
817 2447 1004 2494 prudentia
1028 2459 1070 2482 ac
1094 2447 1303 2482 fortitudine
1326 2447 1512 2494 singulari.
1561 2447 1691 2481 milites

195 2509 339 2544 quoque
363 2497 515 2532 mirabili
538 2497 667 2531 decore
691 2496 825 2531 vidisse
851 2501 887 2530 et
912 2494 1178 2540 compositione.
1227 2493 1410 2540 suasitque
1439 2493 1518 2539 regi
1542 2505 1589 2528 ne
1612 2505 1690 2528 cum

197 2556 241 2580 eo
267 2544 343 2579 acie
366 2543 656 2589 congrederetur,
685 2554 730 2577 ne
755 2543 870 2577 victus
894 2542 932 2576 in
955 2542 1190 2576 Romanorum
1214 2540 1376 2585 dicione,
1404 2552 1480 2576 cum
1503 2541 1611 2586 fugae
1635 2540 1690 2575 lo-

197 2602 260 2626 cus
284 2602 355 2625 non
381 2597 487 2634 esset,
511 2602 657 2635 regnum
679 2589 861 2624 Persicum
887 2593 1079 2633 everteret,
1106 2586 1313 2634 praesertim
1340 2587 1548 2623 cuin'etiam
1572 2587 1691 2622 victo-

198 2637 255 2673 ria
278 2637 324 2671 de
347 2638 437 2673 duce
461 2638 618 2672 Romano
649 2648 720 2671 non
750 2636 798 2671 sit
829 2635 933 2670 valde
956 2634 1112 2680 gloriosa
1136 2635 1268 2669 futura.
1316 2633 1420 2669 huius
1443 2634 1578 2668 monitu
1604 2645 1690 2680 per-

201 2695 325 2719 suasus
349 2684 527 2719 Chosroes
551 2683 670 2718 statim
694 2683 737 2718 ad
760 2694 823 2718 sua
845 2683 966 2717 redire
990 2681 1172 2727 cogitavit.
1200 2682 1379 2715 metuebat
1397 2686 1512 2716 autem
1536 2680 1691 2715 transire

201 2729 361 2775 fluvium,
387 2731 486 2765 cuius
508 2730 636 2765 vadum
659 2730 809 2764 Romani
835 2730 1018 2764 tenebant.
1066 2727 1174 2763 mittit
1198 2738 1282 2772 ergo
1307 2727 1351 2762 ad
1375 2725 1597 2772 Belum-ium,
1625 2738 1691 2772 po-

201 2775 337 2813 stulans
359 2782 398 2811 ut
422 2789 484 2811 eos
506 2777 567 2822 qui
591 2789 725 2811 amnem
749 2776 1175 2811 transierant-revocaret
1197 2773 1336 2819 sibique
1360 2779 1472 2809 tutum
1496 2773 1691 2808 discessum

202 2828 361 2870 pararet.
408 2823 565 2858 vicissim
585 2823 778 2859 Belisarius
804 2822 920 2858 missis
943 2822 1071 2867 legatis
1096 2821 1172 2855 eius
1196 2819 1388 2856 discessum
1411 2820 1622 2865 collaudare,
1647 2831 1690 2853 ac

203 2868 384 2906 affirmare
398 2881 482 2906 mox
501 2871 547 2907 ab
561 2870 782 2919 imperatore
798 2870 936 2917 legatos
957 2869 1096 2915 adfore,
1119 2866 1182 2915 qui
1202 2878 1326 2914 pacem
1348 2872 1572 2915 componant.
1595 2867 1691 2914 quod
