1742 3184
385 163 784 221 HISTORIARUM
826 164 1223 212 coMPENDrUM.
1484 167 1514 214 8
1523 166 1547 214 1

61 286 135 337 τῆς
153 280 322 339 ἀρετῆς·
358 280 398 325 οἱ
419 279 465 324 δ’
493 279 781 332 ἄποκλίναντες
802 282 859 332 εἷς
877 280 1112 326 τούναντίον
1131 283 1200 325 καὶ
1221 285 1303 326 τῶν
1323 279 1546 338 ἀμεινόνων
1566 290 1599 326 C

62 352 284 409 προθέντες
302 350 349 395 τὸ
372 350 542 394 ἀδικοῦν
563 351 638 406 τὴν
659 353 809 394 οἰκείαν
829 353 1183 411 καταφθείραντες
1202 353 1308 408 ζωὴν
1329 351 1465 396 ἁλοῖεν
1482 353 1548 407 ἄν,

63 421 262 464 αὐθένται
291 422 360 464 καὶ
389 420 576 479 ὄλετῆρες
597 423 719 464 δεινοὶ
740 422 846 465 κατὰ
865 426 938 478 τῆς
957 425 1077 482 σφῶν
1099 422 1237 466 αὐτῶν
1256 427 1440 481 κεφαλῆς
1462 425 1549 475 352-

62 491 309 548 ληλεγμένοι.
366 489 496 549 ταύτῃ
517 508 581 534 τοι
601 492 670 533 καὶ
690 489 711 534 ὃ
735 491 842 548 ἱερὸς
859 491 1068 553 Ἰσίᾶωρός
1087 507 1235 551 φησιν·
1261 491 1289 549 ἦ
1307 498 1390 536 τῶν
1410 491 1550 552 ἆμαρ-

29 559 254 616 5τημάτων
286 561 467 612 ἐπίτασις
500 559 713 617 ἀναγκάζει
743 561 880 619 ὥσπερ
911 561 986 618 τὴν
1017 563 1140 606 θείαν
1162 564 1229 606 καὶ
1252 563 1399 619 ἀπαθῆ
1423 562 1549 622 φύσιν

61 632 105 674 ἐκ
135 635 208 686 τῆς
233 630 340 674 κατὰ
361 629 485 689 φύσιν
505 629 766 688 ἅγαθότητος
785 634 842 682 εἷς
860 632 935 687 τὴν
954 631 1067 690 παρὰ
1093 630 1220 690 φύσιν
1244 632 1370 691 ὀργὴν
1384 640 1547 691 χωρεῖν.

60 699 160 744 ὅθεν
177 702 247 743 καὶ
262 700 475 752 Ἰουδαίοις
492 700 571 758 ἔφη
588 699 776 758 Χριστός
787 715 797 725 ·
833 700 1006 753 ποσάκις
1027 702 1217 758 ἠθέλησα
1240 704 1548 760 ἐπισυναγαγεῖν

59 768 191 826 ὑμᾶς,
226 772 293 813 καὶ
323 770 397 814 οὐκ
426 769 684 826 ἠθελήσατες
715 771 853 826 ἐπειδὴ
886 770 990 829 γάρ,
1019 774 1167 830 φησίν,
1195 772 1244 817 οὗ
1274 773 1443 829 δέχεσθε
1471 774 1547 829 τὴν

60 842 400 899 φιλανθρωπίαν,
435 839 707 897 ἐπιγνώσεσθε
740 840 815 897 τὴν
848 842 1034 893 ἐξουσίαν
1063 847 1138 899 τῆς
1164 844 1376 900 τιμωρίας.
1446 843 1547 887 ὅταν.

4 919 51 956 10
61 911 140 968 γὰρ
164 911 231 968 ἴδῃ
254 908 276 953 ὅ
299 911 401 961 θεὸς
421 913 476 961 εἷς
497 910 626 968 ἄκρον
643 912 788 962 κακίας
805 912 1039 955 ε’κκλίναντα
1060 913 1132 955 τὸν
1153 912 1399 970 ἄνθρωπον,
1427 915 1546 956 {nal-

60 999 120 1040 ρει
148 980 224 1037 τὴν
253 978 401 1024 ἑαυτοῦ
421 979 544 1039 χάριν
566 983 610 1033 ἐξ
628 981 777 1024 αὐτοῦ·
813 974 863 1037 ῆς
883 979 904 1024 ὅ
927 980 1153 1040 ἄνθρωπος
1181 982 1450 1040 στερούμενος
1479 985 1544 1026 ἐπὶ

58 1055 196 1093 πλεῖον
229 1049 469 1108 τραχύνεται
497 1052 540 1094 ἐκ
569 1055 645 1095 τοῦ
671 1048 868 1106 διαβόλου
876 1083 890 1104 ,
934 1054 1003 1094 καὶ
1035 1052 1095 1108 μὴ
1129 1051 1232 1108 ἔχων
1263 1053 1335 1096 τὸν
1362 1053 1464 1097 θεὸν
1499 1055 1541 1096 ἔν
1562 1060 1596 1097 D

58 1119 519 1180 ἕαυτῷκαταλαμβάνει
541 1121 665 1164 αὐτὸν
686 1119 713 1177 ἦ
735 1122 836 1179 ὀργὴ
857 1126 932 1165 τοῦ
948 1126 1066 1166 θεοῦ.

191 1191 261 1234 Ἐν
289 1192 332 1234 δὲ
358 1198 445 1243 τοῖς
467 1192 655 1250 ἀνωτέρω
677 1193 1051 1249 προγεγραμμένοις
1062 1190 1230 1250 χρόνοις
1252 1192 1297 1235 ἔκ
1316 1195 1390 1248 τῆς
1409 1196 1544 1250 φυλῆς

4 1269 47 1317 15
58 1265 132 1304 τοῦ
158 1259 305 1318 Ἰάφεθ
334 1259 532 1318 ἐγεννήθη
563 1260 749 1318 Σερούχ,
795 1260 905 1313 ὅστις
935 1266 1098 1319 πρῶτος
1126 1261 1279 1319 ἤρξατο
1310 1266 1384 1305 τοῦ
1421 1261 1543 1319 ἑλλη-

56 1335 203 1384 νισμοῦ
230 1332 295 1373 καὶ
319 1335 393 1374 τοῦ
425 1330 629 1387 δόγματος
649 1335 721 1387 τῆς
743 1333 1096 1388 εἴδωλολατρείας,
1131 1332 1278 1382 καθὼς
1298 1332 1498 1386 Εὐσέβιος
1517 1330 1539 1375 ὅ

55 1401 287 1458 Παμφίλου
318 1399 628 1457 συνεγράψατο·
666 1401 790 1451 αὐτὸς
817 1401 896 1459 γὰρ
928 1399 949 1444 ὅ
976 1402 1137 1459 Σεροῦχ
1161 1404 1230 1444 καὶ
1261 1401 1300 1445 οἶ
1327 1401 1402 1445 σὺν
1429 1401 1542 1461 αὐτῷ

55 1471 153 1521 τοὺς
174 1468 302 1512 πάλαι
321 1471 560 1526 γενομένους
579 1469 607 1526 ἢ
626 1471 875 1526 πολεμιστὰς
892 1470 918 1526 ἢ
939 1468 1140 1526 ἡγεμόνας
1158 1473 1231 1513 καί
1247 1488 1285 1514 τι
1307 1469 1542 1529 πράξαντας

57 1539 227 1598 ἀνδρίας
255 1538 282 1595 ἢ
315 1540 462 1597 ἀρετῆς
495 1539 609 1591 ἄξιον
641 1541 695 1592 ,ἓνΙ
716 1545 772 1597 τῷ
803 1542 881 1598 βίῳ
904 1545 978 1582 τοῦ
1002 1539 1358 1596 μνημονεύεσθαι,
1393 1544 1461 1584 καὶ
1485 1540 1541 1593 ὥς

0 1608 178 1665 ῼΟὸντας
207 1610 342 1653 αὐτῶν
371 1608 656 1667 προπάτορας,
705 1609 895 1667 ἀνδριᾶσι
931 1614 1091 1666 στηλῶν
1121 1611 1340 1666 ἐτίμησαν,
1382 1613 1450 1653 καὶ
1482 1609 1538 1662 ὥς
1560 1615 1591 1652 P
1613 1616 1661 1652 46

54 1680 182 1731 θεοὺς
205 1678 479 1738 προσεκύνουν
501 1679 651 1730 αὐτοὺς
672 1681 738 1721 καὶ
761 1680 990 1732 ἕθυσίαζον.
1062 1680 1101 1723 οἳ
1122 1680 1166 1722 δὲ
1186 1680 1291 1735 μετὰ
1312 1684 1442 1724 ταῦτα
1464 1680 1540 1724 ἄν-

53 1754 220 1808 θρωποι
252 1750 490 1806 ἀγνοοῦντες
515 1750 590 1805 τὴν
618 1754 699 1792 τῶν
731 1748 943 1806 προγόνων
975 1748 1160 1807 γνώμην,
1194 1752 1256 1793 ὅτι
1289 1748 1344 1803 ᾡς
1374 1749 1539 1808 προπά-

52 1837 180 1879 τορας
213 1821 280 1862 καὶ
314 1819 487 1877 ἀγαθῶν
520 1817 685 1878 εὑρετὰς
715 1820 909 1876 ἐτίμησαν
932 1818 1115 1876 μνήμαις
1135 1818 1298 1876 μόναις,
1330 1817 1385 1872 ὡς
1410 1821 1538 1873 θεοὺς

55 2002 220 2046 quentur.
269 1998 331 2045 qui
354 2011 441 2035 vero
470 1997 507 2034 in
530 1998 705 2035 diversam
728 2002 864 2047 partem
896 1999 1120 2036 declinabunt
1145 1998 1419 2046 melioribusque
1441 1998 1536 2035 iniu-

55 2046 186 2082 stitiam
211 2047 437 2092 praeferent,
471 2046 499 2080 ii
525 2058 621 2081 suam
642 2047 798 2094 ipsorum
822 2048 928 2082 vitam
954 2048 1250 2094 pessumdabunt,
1283 2047 1422 2092 sibique
1445 2046 1536 2092 ipsis

54 2093 167 2127 fuisse
198 2092 297 2127 exitii
330 2099 492 2128 auctores
518 2105 561 2128 ac
582 2094 773 2141 perniciem
810 2095 1026 2130 conscivisse
1048 2094 1156 2140 capiti
1180 2105 1243 2128 suo
1266 2094 1534 2128 convincentur.

54 2139 91 2174 in
115 2140 205 2174 hanc
227 2140 438 2175 sententiam
465 2140 569 2175 etiam
599 2149 741 2176 sanctus
764 2141 922 2177 Isidorus
940 2142 1016 2177 ait:
1051 2141 1256 2175 delictorum
1283 2140 1535 2174 incrementum

52 2185 208 2221 divinam
244 2191 279 2221 et
313 2187 357 2234 ab
389 2187 483 2221 omni
513 2188 782 2232 perturbatione
812 2189 959 2224 alienam
986 2193 1144 2223 naturam
1168 2186 1278 2221 veluti
1307 2188 1403 2232 cogit
1425 2199 1445 2220 a
1469 2197 1535 2220 sua.

53 2233 205 2268 naturali
228 2232 388 2267 bonitate
417 2234 462 2269 ad
489 2233 576 2269 iram
606 2246 692 2269 suae
722 2242 868 2270 naturae
892 2247 961 2270 non
983 2235 1158 2281 propriam
1182 2234 1367 2268 decedere.
1414 2234 1536 2278 itaque

51 2279 201 2316 Iudaeos
213 2279 377 2314 Christus
392 2280 444 2314 sic
459 2281 634 2316 affabatur
647 2282 858 2328 (Matth.23)
869 2278 1032 2329 “quoties
1045 2281 1140 2315 volui
1152 2292 1215 2315 vos
1227 2281 1271 2315 ad
1284 2292 1338 2314 me
1354 2279 1534 2324 colligere,

51 2331 88 2362 et
110 2323 329 2361 noluistis?”
377 2328 516 2371 quando
540 2327 668 2374 igitur,
694 2328 829 2375 inquit,
853 2329 1101 2364 humanitatem
1126 2339 1235 2361 meam
1256 2338 1326 2361 non
1350 2325 1532 2372 amplecti-

51 2373 157 2418 mini,
181 2385 290 2407 meam
309 2373 479 2418 puniendi
502 2381 711 2420 potestatem
735 2376 979 2421 experiemini.
1027 2387 1103 2409 cum
1124 2374 1214 2408 enim
1239 2373 1337 2409 videt
1358 2374 1445 2407 deus
1467 2373 1534 2407 ho-

51 2420 178 2455 minem
202 2421 247 2455 ad
273 2425 461 2455 extremam
480 2421 644 2457 malitiam
669 2422 867 2467 declinare,
891 2434 988 2457 suam
1011 2423 1054 2456 ab
1080 2433 1122 2455 eo
1146 2419 1294 2466 gratiam
1318 2420 1457 2454 aufert:
1490 2430 1535 2454 ea

53 2472 178 2502 exutus
210 2467 313 2501 homo
349 2466 460 2512 magis
492 2468 673 2515 magisque
705 2481 727 2505 a
755 2469 894 2506 diabolo
926 2473 1179 2515 exasperatur,
1213 2477 1361 2512 eumque
1390 2465 1447 2501 ira
1473 2465 1533 2501 dei

52 2524 154 2560 quam
179 2513 216 2547 in
238 2525 278 2548 se
300 2526 370 2548 non
395 2515 503 2549 habet
525 2522 687 2562 occupat.

143 2559 195 2595 lis
218 2561 436 2607 temporibus
461 2573 552 2607 quae
574 2563 736 2610 superius
761 2566 843 2598 sunt
865 2565 1051 2606 enarrata,
1079 2571 1124 2595 ex
1147 2559 1260 2605 stirpe
1283 2557 1399 2605 Iapeti
1422 2557 1535 2593 Seru-

53 2606 137 2642 chus
163 2606 303 2652 quidam
327 2608 484 2654 exstitit,
520 2615 643 2644 auctor
666 2609 796 2644 Graeci
818 2609 947 2654 moris,
986 2614 1022 2643 et
1045 2606 1305 2642 simulacrorum
1325 2604 1453 2640 cultum
1476 2603 1534 2639 in-

53 2653 194 2699 stituit,
227 2659 267 2688 ut
291 2654 471 2690 Eusebius
496 2655 671 2702 Pamphili
692 2658 737 2692 F.
763 2656 932 2702 scriptum
961 2654 1120 2700 reliquit.
1167 2653 1199 2688 is
1225 2653 1315 2687 enim
1340 2651 1532 2696 Seruchus,

52 2710 95 2734 ac
118 2701 179 2746 qui
202 2712 278 2735 cum
302 2701 382 2748 ipso
402 2708 524 2747 erant,
561 2702 712 2738 maiores
733 2715 816 2738 suos
840 2702 901 2748 qui
926 2701 984 2738 vel
1007 2700 1195 2736 bellatores
1219 2699 1276 2735 vel
1298 2699 1532 2746 imperatores

51 2746 189 2782 facinus
213 2746 355 2793 aliquod
384 2748 478 2784 sorte
501 2761 543 2784 ac
566 2748 790 2785 memorabile
813 2749 982 2784 fecissent
1004 2746 1130 2783 statuis
1152 2747 1415 2782 honoraverunt
1437 2743 1538 2782 divi-.

52 2793 178 2839 nisque
209 2794 400 2830 honoribus
434 2801 470 2832 et
501 2796 686 2831 sacrificiis
713 2796 908 2832 coluerunt.
964 2799 1002 2830 at
1028 2793 1191 2843 posteri,
1224 2805 1300 2829 cum
1329 2793 1537 2838 ignorarent

52 2839 206 2886 priorum
232 2840 299 2876 hoc
322 2842 433 2877 fuisse
457 2843 658 2888 consilium,
693 2849 733 2878 ut
759 2854 879 2878 eorum
897 2841 959 2887 qui
981 2840 1122 2887 generis
1140 2840 1197 2876 sui
1214 2846 1377 2876 auctores
1402 2851 1444 2874 ac
1464 2839 1534 2872 bo-

51 2897 174 2921 norum
203 2886 408 2924 inventores
440 2890 593 2926 fuissent
620 2890 821 2927 memoriam
850 2890 1022 2925 duntaxat
1050 2887 1225 2934 colerent,
1254 2887 1348 2923 istos
1368 2891 1542 2931 tanquam,

57 2936 68 2945 ’“
107 2940 238 2988 Georg.
270 2942 448 2980 Cedrenus
478 2948 562 2982 tom.
594 2944 625 2981 Ι.
1225 2938 1251 2978 5
