1742 3184
207 179 306 226 356
685 175 925 223 GEORGII
955 175 1200 220 CEDRENI

208 299 281 350 τῆς
315 292 514 352 ἀκρασίας
545 291 615 336 καὶ
646 295 721 348 τῆς
752 289 855 349 πρὶς
885 289 932 334 τὸ
963 294 1077 347 θῆλυ
1105 289 1328 346 ἐπιθυμίας
1358 291 1436 333 καὶ
1455 288 1684 340 συνουσίας.

208 365 262 408 τὰ
290 364 334 407 δὲ
364 363 484 405 λοιπὰ
503 367 584 405 τῶν
601 362 771 404 ἐντολῶν
793 364 917 402 πᾶσιν
935 357 1087 414 ὅμοίως
1107 359 1456 415 νενομοθετημένα
1478 358 1551 401 οὒκ
1574 358 1685 401 ἀκίν-

211 435 313 476 δυνα
347 438 432 483 τοῖς
465 431 785 488 παραβαίνουσι,
821 427 966 479 καθώς
993 446 1118 486 φησιν
1138 427 1159 471 ὃ
1181 427 1320 488 κύριος
1347 427 1450 485 πρὸς
1469 428 1566 478 τοὺς
1589 425 1686 470 ἔαυ-

210 506 285 546 τοῦ
306 499 501 556 μαθητάς
523 498 571 542 (ἂ
591 500 634 541 δὲ
651 498 747 554 ὑμῖν
764 499 889 555 λέγω,
919 502 1020 541 πᾶσι
1038 498 1172 554 λέγω.’
1186 498 1212 514 '³
1286 497 1392 540 ἀλλὰ
1417 498 1484 539 καὶ
1513 494 1534 538 ὅ
1560 497 1687 552 μέγας

212 573 254 614 ἓν
278 571 472 629 θεολογία
498 570 539 610 Γ
537 566 724 625 ρηγόριος
750 569 818 610 καὶ
843 565 863 609 ὃ
894 566 1007 623 ἅγιος
1027 565 1225 622 Ἰωάννης
1247 564 1267 609 ὅ
1290 564 1591 623 Χρυσόστομος
1618 566 1721 610 καὶὸ

214 640 330 683 ἄλλοι
349 642 525 681 πλεῖστοι
546 642 627 680 τῶν
642 638 769 679 θείων
791 637 857 678 καὶ
876 638 1088 693 μακαρίων
1108 637 1293 692 πατέρων
1314 636 1356 677 ἐν
1376 634 1592 692 διαφόροις
1613 634 1689 677 αὗ-

74 715 102 751 P
123 719 193 756 203
214 714 295 753 τῶν
317 706 451 764 λόγοις
473 708 801 761 διαβεβαιοῦνται
823 706 999 763 ἀρχαίαν
1020 707 1087 748 καὶ
1110 703 1380 759 ἀποστολικὴν
1401 702 1500 746 εἶναι
1521 703 1594 758 τὴν
1616 706 1689 745 τοῦ

213 776 418 835 μονήρους
446 776 539 829 βίου
569 774 811 833 παράδοσιν.
882 777 916 817 εἷ
934 775 979 817 δὲ
996 775 1067 816 καί
1081 792 1194 825 τινας
1212 778 1292 817 τῶν
1309 771 1500 830 θύραθεν
1517 776 1573 823 εἷς
1590 770 1692 815 ταύ-

214 866 287 902 την
302 846 375 901 τὴν
390 846 619 902 μαρτυρίαν
639 843 892 902 παράξομεν,
927 846 1070 899 μηδεὶς
1095 844 1327 901 μεμφέσθω
1351 841 1460 897 ἡμῖν.
1529 840 1693 890 εἰκότως

216 912 288 959 οὖν
318 913 339 958 ὃ
366 912 547 956 Πλάτων
574 912 841 972 ὗπεμφαίνων
870 917 951 956 τῶν
979 914 1138 956 τελείων
1159 912 1206 955 τὸ
1231 910 1400 955 σπάνιον
1419 911 1594 969 ἔφασκεν
1612 908 1692 952 “01’1'
1705 920 1742 955 10

215 1003 288 1041 μοι
319 986 432 1027 δοκεῖ
458 983 631 1026 δυνατὸν
662 981 900 1040 ἀνθρώποις
926 983 1143 1040 μακαρίοις
1170 999 1214 1024 τε
1245 983 1314 1024 καὶ
1348 981 1558 1035 εὐδαίμοσι
1584 980 1693 1036 γενέ-

216 1058 347 1106 σθαι,
390 1053 495 1108 πλὴν
533 1052 688 1108 ὀλίγων.
757 1052 874 1109 μέχρι
904 1069 978 1109 περ
1011 1050 1062 1093 ἂν
1096 1053 1245 1106 ζῶμεν,
1289 1055 1408 1094 τοῦτο
1446 1051 1694 1106 διορίζομεν·

216 1120 529 1180 ναρθηκοφόροι
563 1122 636 1176 μὲν
663 1120 740 1178 γὰρ
772 1122 936 1173 πολλοί,
974 1120 1194 1178 φιλόσοφοι
1218 1121 1262 1162 δὲ
1284 1118 1445 1162 σπάνιοι
1465 1120 1533 1160 καὶ
1557 1119 1697 1174 ὀλίγοι.

219 1192 323 1248 καλὴ
350 1192 394 1234 δὲ
419 1193 565 1247 πρᾶξις
585 1192 651 1232 καὶ
674 1191 805 1241 πίστις
823 1188 1117 1244 τελευτήσαντα
1140 1195 1272 1244 τυχεῖν
1296 1186 1528 1231 ἆπάντων.”
1598 1186 1697 1229 ὅθεν

220 1259 415 1317 ἐπήγαγεν
447 1259 578 1316 ἄνδρα
612 1257 766 1302 ἁπλοῦν
797 1260 865 1301 καὶ
895 1265 1073 1315 γενναῖον
1114 1259 1205 1301 κατ’
1241 1255 1466 1312 Αἷσχύλον.
1536 1255 1694 1299 ἔσονται
1710 1262 1742 1297 1ξ

221 1331 333 1388 αὐτῷ
363 1330 477 1383 τιμαὶ
507 1330 574 1371 καὶ
605 1330 752 1386 δωρεαὶ
778 1330 959 1371 δοκοῦντι
982 1326 1152 1386 τοιούτῳ
1175 1325 1287 1370 εἶναι.
1355 1326 1506 1382 ἄδηλον
1529 1320 1601 1369 οὖν
1623 1325 1700 1368 εἴτε

172 1407 203 1442 Β
227 1404 299 1443 τοῦ
324 1399 480 1441 δικαίου
500 1398 577 1440 εἴτε
598 1402 679 1441 τῶν
704 1399 865 1455 δωρεῶν
885 1400 951 1440 καὶ
975 1402 1101 1452 τιμῶν
1124 1397 1235 1439 ἕνεκα
1254 1394 1437 1446 τοιοῦτός
1460 1397 1558 1438 ἐστι.
1627 1412 1701 1451 γυ-

223 1468 402 1525 μνωτέος
425 1467 475 1522 δὴ
498 1466 659 1510 πάντων
679 1467 783 1522 πλὴν
803 1465 1079 1522 δικαιοσύνης,
1116 1468 1181 1508 καὶ
1201 1466 1385 1521 ποιητέος
1402 1466 1589 1515 ἐναντίως
1609 1466 1703 1506 δια-

223 1539 402 1592 κείμενος
435 1541 492 1594 τῷ
529 1537 725 1594 προτέρῳ.
793 1537 920 1591 μηδὲν
954 1537 1032 1594 γὰρ
1065 1535 1167 1589 ἔχων
1202 1534 1325 1585 δόξαν
1357 1534 1478 1588 ἐχέτω
1512 1534 1703 1589 μεγίστης

226 1607 407 1656 ἀδικίας,
439 1607 510 1646 ἵνα
542 1606 887 1659 βεβασανισμένος
913 1599 939 1661 ᾗ
969 1609 1023 1654 εἷς
1049 1602 1328 1659 δικαιοσύνην,
1363 1603 1409 1646 τὸ
1431 1602 1489 1658 μὴ
1515 1604 1742 1647 τίτεσθαιὲ(

221 1674 302 1718 ὕπὸ
327 1674 566 1724 κακοδοξίας
584 1673 612 1728 ἢ
631 1675 866 1731 φιλοδοξίας
883 1675 950 1715 καὶ
970 1672 1043 1716 ὑπ’
1066 1673 1192 1728 αὐτῆς
1210 1673 1448 1729 γινομένων,
1485 1672 1579 1714 ἀλλ’
1600 1671 1703 1715 ἴστω

223 1742 476 1800 μετάστατος
506 1743 624 1799 μέχρι
653 1741 841 1785 θανάτου
871 1744 1002 1785 δοκῶν
1032 1741 1170 1792 ἄδικος
1200 1740 1298 1785 εἶναι
1329 1742 1398 1783 διὰ
1423 1741 1563 1796 βίου.”
1636 1742 1705 1783 καὶ

229 1813 281 1869 δὴ
316 1815 384 1856 καὶ
415 1809 638 1870 Σωκράτης
663 1810 689 1854 ὃ
724 1810 970 1863 διδάσκαλος
1009 1812 1136 1854 αὐτοῦ
1159 1811 1262 1869 πρὸς
1293 1811 1417 1854 αὐτὸν
1444 1809 1574 1861 οὕτως
1600 1808 1705 1867 ἔφη·

229 1944 337 1982 nachi
360 1943 438 1980 sive
463 1942 592 1979 mariti.
641 1943 795 1978 sufficiet
830 1943 920 1978 enim
952 1943 986 1978 ei
1019 1942 1078 1988 qui
1111 1943 1251 1990 nuptias
1275 1942 1397 1978 habuit
1418 1943 1462 1978 ad
1486 1942 1625 1978 veniam
1649 1941 1706 1975 in-

229 1991 470 2036 continentia,
505 1989 659 2025 mulieris
693 1990 865 2045 appetitio
891 1995 927 2025 et
951 1989 1169 2044 concubitus.
1217 1989 1352 2035 reliqua
1381 1995 1571 2043 praecepta
1594 1989 1708 2023 omni-

229 2040 298 2075 bus
324 2050 368 2073 ex
393 2048 503 2082 aequo
528 2036 692 2082 imposita
715 2037 777 2082 qui
802 2036 1032 2092 violaverint,
1060 2049 1130 2071 non
1153 2036 1299 2090 impune
1319 2037 1453 2080 ferent,
1479 2035 1572 2070 sicut
1595 2035 1709 2069 domi-

230 2096 297 2121 nus
330 2084 403 2119 suis
435 2082 616 2129 discipulis
652 2083 703 2117 ait
738 2083 882 2127 (Matth
906 2079 1007 2127 13)
1023 2094 1113 2128 quae
1137 2083 1238 2117 vobis
1265 2082 1368 2127 dico,
1405 2082 1565 2117 omnibus
1592 2077 1709 2116 dico.’'

231 2131 318 2178 quin
342 2136 379 2165 et
401 2141 545 2174 magnus
570 2128 630 2162 ille
653 2129 836 2173 theologus
862 2128 1057 2173 Gregorius
1081 2134 1294 2175 sanctusque
1317 2130 1469 2164 Ioannes
1493 2129 1710 2173 chrysosto-

233 2189 308 2213 mus
332 2176 462 2230 aliique
487 2174 626 2221 plurimi
649 2176 693 2210 de
717 2176 830 2210 beatis
855 2176 1014 2221 patribus
1040 2175 1121 2210 hinc
1144 2176 1226 2211 inde
1251 2176 1324 2210 suis
1351 2175 1388 2209 iu
1413 2175 1563 2229 scriptis
1580 2174 1711 2209 confir—

233 2228 330 2260 mant
369 2222 547 2268 antiquam
581 2233 659 2256 esse
691 2227 798 2268 atque
830 2222 1055 2268 apostolicam
1091 2221 1186 2256 vitae
1220 2222 1435 2257 monasticae
1472 2221 1712 2256 traditionem.

234 2269 362 2316 quodsi
393 2280 481 2314 quos
511 2268 620 2303 etiam
643 2273 829 2303 extraneos
853 2273 961 2302 testes
987 2268 1187 2314 laudemus,
1225 2268 1316 2303 vitio
1340 2267 1444 2303 nobis
1467 2268 1503 2302 id
1527 2267 1621 2302 verti
1643 2278 1714 2301 non

235 2317 356 2352 debet.
402 2315 504 2350 Plato
534 2314 683 2369 proinde
716 2326 817 2370 quam
850 2325 931 2348 rara
963 2315 1036 2349 sint
1066 2327 1108 2350 ea
1140 2326 1231 2360 quae
1255 2314 1413 2349 absoluta
1436 2320 1518 2349 sunt
1539 2314 1713 2369 indicans,

234 2363 329 2398 haud
353 2362 505 2396 absurde
526 2362 577 2395 ita
601 2360 737 2396 scribit.
808 2372 877 2395 non
896 2361 980 2395 mihi
998 2361 1163 2396 videntur
1180 2361 1357 2405 homines,
1385 2361 1454 2395 nisi
1471 2361 1594 2406 pauci,
1617 2359 1716 2395 beati

237 2421 280 2444 ac
304 2408 426 2443 felices
449 2408 529 2443 fieri
543 2419 677 2462 posse,
712 2407 920 2461 quantisper
943 2407 1032 2441 hanc
1055 2408 1163 2442 vitam
1187 2407 1364 2442 ducimus.
1395 2406 1495 2442 multi
1518 2408 1608 2441 enim
1632 2410 1716 2441 sunt

235 2455 422 2500 virgiferi‚
450 2454 554 2500 pauci
578 2459 693 2488 autem
718 2458 754 2487 et
776 2452 849 2487 rari
873 2453 1083 2499 philosophi.
1114 2460 1231 2510 urecte
1255 2459 1371 2488 autem
1394 2454 1547 2488 traditur
1570 2465 1612 2487 ac
1635 2464 1716 2487 cre-

237 2502 334 2536 ditur
358 2506 512 2536 mortuos
536 2502 628 2534 bona
652 2496 843 2544 consequi.
903 2499 957 2533 his
980 2495 1123 2535 insert‘
1126 2497 1194 2535 vir
1216 2500 1356 2535 sincero
1379 2499 1495 2534 animo
1521 2505 1627 2544 atque
1649 2511 1714 2544 ge-

239 2559 388 2591 neroso,
423 2546 558 2592 qualem
584 2546 781 2591 Aeschylus
806 2546 994 2600 describit,
1028 2546 1192 2592 praemiis
1221 2558 1262 2581 ac
1287 2545 1388 2580 donis
1415 2545 1606 2580 afficietur.
1654 2545 1715 2590 qui

239 2594 380 2628 videtur
401 2593 482 2628 talis
507 2604 600 2627 esse.
648 2592 747 2637 atqui
769 2592 806 2626 in
828 2591 962 2627 incerto
986 2599 1056 2636 est,
1080 2593 1284 2627 iustitiaene
1303 2604 1349 2626 an
1370 2604 1456 2627 vero
1479 2603 1658 2627 munerum
1679 2596 1717 2626 et

240 2638 408 2673 honorum
432 2651 540 2674 causa
563 2639 645 2674 talis
668 2640 728 2673 sit.
777 2638 957 2672 nudandus
981 2639 1090 2683 igitur
1114 2639 1273 2674 omnibus
1297 2644 1370 2682 est,
1409 2638 1530 2693 itaque
1549 2638 1716 2682 redigen-

239 2685 305 2719 dus
330 2690 368 2719 ut
392 2685 440 2720 sit
463 2686 538 2720 eius
559 2697 662 2731 quem
686 2685 783 2731 prius
805 2684 1051 2739 descripsimus
1071 2685 1281 2720 contrarius.
1329 2684 1425 2719 nulla
1444 2685 1534 2719 enim
1553 2697 1593 2719 re
1610 2695 1716 2729 prae-

238 2730 334 2765 ditus
362 2732 560 2775 opinionem
593 2732 720 2766 habeat
746 2743 896 2766 summae
920 2731 1136 2775 iniustitiae,
1171 2737 1211 2766 ut
1241 2731 1292 2765 ita
1323 2731 1542 2786 exploratum
1567 2730 1615 2766 sit
1638 2742 1716 2765 eum

240 2788 319 2811 esse
351 2777 496 2821 iustum,
531 2789 606 2812 cum
641 2790 711 2812 non
745 2778 846 2812 cedat
875 2777 1039 2812 sinistrae
1067 2778 1200 2821 famae,
1229 2788 1343 2822 neque
1366 2777 1557 2812 ambitione
1585 2782 1645 2811 aut
1668 2776 1716 2812 iis

240 2833 332 2869 quae
355 2822 437 2856 inde
461 2823 620 2858 oriuntur
644 2824 879 2880 propellatur,
903 2825 966 2858 sed
989 2824 1036 2859 sit
1056 2823 1252 2868 mutabilis,
1277 2829 1352 2858 toto
1376 2823 1473 2858 vitae
1496 2822 1612 2868 spatio
1637 2834 1716 2857 cum

239 2871 383 2916 putetur
402 2880 479 2903 esse
494 2869 658 2906 iniustus.
729 2876 766 2906 et
789 2870 927 2916 quidem
950 2870 1057 2906 etiam
1081 2871 1269 2916 Socrates,
1303 2870 1379 2906 eius
1397 2874 1629 2917 praeceptor,
1663 2869 1716 2905 ita
