1742 3184
208 161 308 209 366
682 162 922 208 GEORGII
957 162 1204 207 CEDRENI

200 282 352 336 γνῶσιν
371 275 600 339 ἀδιάφορον
622 279 843 338 παρέσχεν,
879 276 1038 337 ε’ρρῆθη
1066 277 1128 322 ὅτι
1157 278 1450 335 διηνοίχθησαν
1478 276 1613 328 αὖτῶν
1640 280 1678 321 οἱ

203 349 435 407 ὀφθαλμοί.
502 350 656 408 πέφυκε
688 350 766 406 γὰρ
798 346 819 391 ὅ
850 348 1072 407 ὀφθαλμὸς
1098 346 1178 392 ὑπὸ
1205 353 1280 391 τοῦ
1309 353 1507 405 λογισμοῦ
1535 350 1678 404 διεγεί-

207 423 358 477 ρεσθαι
384 419 487 477 πρὸς
511 419 541 461 ἂ
566 420 724 473 βλέπει,
762 416 865 461 διότι
887 417 1046 461 σύνεσιν
1065 418 1186 468 αὐτὸς
1205 418 1306 461 καθ’
1332 416 1477 460 ἑαυτὸν
1494 418 1566 460 οὖκ
1583 417 1676 472 ἔχει,

203 489 425 532 κάντεῦθεν
441 487 636 537 πολλάκις
654 488 755 545 πρὸς
776 488 891 546 ἕτερα
908 492 980 543 τῆς
1003 489 1181 538 διανοίας
1200 488 1499 543 ἀσχολουμένης
1518 491 1677 545 τυφλοῦ

151 567 183 603 D
209 560 322 614 δίκην
341 558 437 601 ἴσθ’
463 557 528 600 ὅτε
549 557 843 614 παρερχόμεθα
860 559 927 599 καὶ
949 557 1019 600 τὸν
1037 556 1141 599 πάνυ
1164 555 1366 615 γνώριμον
1371 590 1385 609 ,
1421 559 1488 599 καὶ
1517 557 1711 599 ἓπειὸὰνὸ

204 628 488 685 ἓγκληθῶμεν,
536 632 587 685 τῇ
630 627 801 686 ἀσχολία
834 631 908 669 τοῦ
949 631 1144 682 λογισμοῦ
1177 627 1224 669 τὸ
1260 627 1386 669 αἴτιον
1421 626 1680 676 ἀνατιθέντες

205 696 539 753 ἀπολογούμεθα.
592 696 715 746 ,οὕτω
743 698 810 738 καὶ
837 694 1016 751 &biddu
1048 698 1116 738 καὶ
1145 694 1170 751 ἡ
1199 691 1289 738 Εῧα
1317 701 1368 752 τῇ
1394 694 1585 749 αι’σθήσει
1606 699 1680 738 τοῦ

204 771 277 810 νοῦ
298 766 400 824 πρὸς
418 767 491 821 τὴν
509 765 608 821 ὄψιν
627 766 914 823 ὁιηγέρθησαν.
961 766 1007 808 τὸ
1028 765 1105 822 γὰρ
1127 764 1439 820 εδιηνοίχθησαν
1455 764 1492 807 οἱ
1511 764 1680 821 ὀφθαλ-

204 837 291 891 μοί’
326 838 393 878 καὶ
416 833 615 891 (ἔγνωσαν
645 834 706 878 ὅτι
735 837 879 892 γυμνοὶ
905 829 1025 890 ἦσαν’
1055 834 1315 890 ἀποκάλυψιν
1339 836 1461 889 δηλοῖ
1474 834 1548 888 τὴν
1569 835 1679 890 ἐγγε-

202 905 374 961 νομένην
402 909 459 963 τῷ
489 909 692 963 λογισμῷ,
728 905 802 947 οὐκ
825 904 1051 959 ἀνάβλεψιν
1073 905 1327 962 ὀφθαλμῶν,
1362 902 1466 947 ὥστε
1484 903 1558 957 τὴν
1574 903 1677 958 μετὰ
1691 908 1734 942 10

202 975 277 1031 τὴν
311 973 515 1033 ἁμαρτίαν
546 975 742 1030 αἴσθησιν
776 973 881 1017 οὕτω
912 975 1098 1029 κέκληκεν
1125 972 1152 1029 ἦ
1182 972 1345 1032 γραφή·
1381 973 1570 1030 παρευθὺ
1601 973 1679 1029 γὰρ

201 1045 302 1099 μετὰ
331 1045 406 1100 τὴν
437 1043 641 1102 ἁμαρτίαν
659 1045 703 1087 τὸ
727 1044 908 1094 συνειδὸς
931 1043 1191 1098 πλήττεται.”
1263 1045 1330 1086 καὶ
1356 1041 1376 1084 ὃ
1399 1044 1538 1097 Σίμων
1557 1044 1680 1099 φησίν

58 1120 88 1155 Ρ
112 1120 181 1157 209
201 1113 267 1157 “ei
287 1114 513 1171 πρόγνωσιν
533 1112 633 1170 εἶχεν
653 1112 674 1156 ὅ
690 1112 823 1169 Ἀδάμ
832 1146 846 1166 ,
875 1113 943 1155 διὰ
961 1115 1003 1156 τί
1018 1114 1065 1155 οὗ
1081 1113 1261 1170 προέγνω
1279 1112 1352 1167 τὴν
1371 1111 1440 1154 διὰ
1457 1117 1530 1154 τοῦ
1546 1110 1680 1169 ὄφεως

202 1186 271 1227 καὶ
294 1188 367 1239 τῆς
388 1183 574 1240 γυναικὸς
595 1182 811 1239 ἀπάτην,·”
851 1185 918 1225 καὶ
941 1180 961 1224 ὃ
981 1183 1142 1239 Πέτρος
1165 1180 1231 1224 “ei
1249 1180 1474 1239 πρόγνωσιν
1492 1181 1564 1223 οὐκ
1586 1178 1677 1235 εἶχε,

195 1258 289 1304 πῶς
310 1261 394 1304 τοῖς
415 1254 518 1304 υἶοΐς
539 1254 664 1296 αὐτοῦ
686 1253 791 1310 πρὸς
809 1253 882 1303 τὰς
904 1253 1097 1306 ἐσομένας
1115 1251 1300 1308 πράξεις,
1338 1250 1424 1306 ἅμα
1452 1254 1512 1309 τῷ
1539 1267 1678 1306 γεννη-
1691 1256 1733 1292 15

201 1328 353 1379 θῆναι,
391 1323 587 1378 ἐπέθηκεν
618 1320 821 1377 ὃνόματας
854 1322 925 1364 τὸν
953 1321 1032 1379 γὰρ
1064 1320 1321 1378 πρωτότοκον
1346 1319 1531 1374 ὠνόμασε
1557 1318 1677 1372 Κάϊν,

200 1393 222 1435 ὅ
255 1395 339 1436 ἔστι
370 1394 508 1448 ζῆλος·
547 1392 591 1443 ὃς
617 1394 683 1435 καὶ
713 1391 896 1448 ζηλώσας
925 1392 1055 1433 ἀνεῖλε
1081 1391 1151 1434 τὸν
1184 1389 1363 1448 ἀδελφὸν
1394 1390 1519 1432 αὐτοῦ
1543 1388 1678 1443 Ἅβελ,

198 1461 224 1505 ὃ
252 1460 512 1520 ἑρμηνεύεται
540 1463 713 1512 πένθος·
750 1462 814 1504 ἐπ’
843 1463 953 1519 αὐτῷ
975 1461 1054 1518 γὰρ
1075 1459 1223 1518 πρώτῳ
1246 1459 1484 1518 φονευθέντι
1501 1459 1678 1513 ἐπένθη-

197 1549 278 1575 σαν
309 1532 347 1574 oi
376 1538 515 1588 γονεῖς.
588 1535 622 1574 εἷ
652 1532 696 1573 δὲ
723 1531 855 1586 Ἀδὰμ,
887 1530 1003 1588 ἴργον
1034 1533 1139 1572 θεοῦ
1171 1531 1238 1572 καὶ
1265 1530 1422 1584 ποίημα
1449 1527 1678 1585 πρόγνωσιν

189 1600 280 1656 εἶχε
292 1633 305 1653 ,
341 1605 478 1658 πολλῷ
503 1604 660 1654 μᾶλλον
680 1599 700 1643 ὃ
724 1598 1027 1658 δημιουργήσας
1048 1598 1171 1641 αὐτὸν
1190 1596 1300 1649 θεός.
1370 1596 1431 1640 ὅτι
1452 1598 1530 1654 γὰρ
1551 1596 1733 1649 ὅντωςΞο

198 1669 465 1727 προγινώσκει
495 1668 516 1712 ὁ
544 1668 667 1721 θεός,
705 1672 804 1727 φησὶ
839 1670 942 1726 πρὸς
977 1668 1047 1711 τὸν
1076 1666 1267 1725 Ἀβραάμ
1294 1666 1517 1724 εγινώσκων
1542 1665 1678 1724 γνώσῃ

146 1752 177 1788 Β
201 1739 264 1783 ὅτι
294 1738 490 1797 πάροικον
521 1738 634 1783 ἔσται
667 1739 714 1782 τὸ
746 1739 907 1796 σπέρμα
936 1754 1010 1782 σου
1037 1738 1078 1781 ἔν
1099 1742 1152 1795 γῇ
1175 1738 1390 1798 ἀλλοτρία,
1425 1738 1494 1780 καὶ
1520 1735 1679 1780 δουλώ-

366 1844 379 1860 X

196 1895 378 1943 praeditos
399 1894 512 1929 fuisse
538 1893 660 1929 docui:
696 1895 759 1929 sed
786 1893 879 1940 quod
902 1896 1048 1940 peccato
1073 1892 1330 1939 simplicitatem
1355 1891 1571 1937 amisissent,
1601 1892 1681 1927 mali

198 1943 311 1978 omnis
334 1942 505 1986 nesciam,
543 1953 633 1987 quae
657 1940 891 1986 cognitionem
913 1941 1171 1975 indifferentem
1197 1940 1411 1985 praebebat,
1444 1939 1524 1974 ideo
1549 1939 1680 1974 dictum

198 1995 256 2024 est
280 1988 398 2023 oculos
424 1999 544 2022 eorum
564 1987 675 2022 fuisse
699 1993 855 2033 apertos.
904 1987 1023 2022 oculus
1048 1987 1139 2020 enim
1165 1999 1205 2020 ea
1230 1991 1285 2020 est
1307 1990 1432 2020 natura
1454 1993 1494 2020 ut
1518 1997 1540 2020 a
1563 1992 1680 2020 mente

197 2037 244 2071 ad
279 2046 322 2070 ea
352 2046 443 2080 quae
474 2034 588 2069 cernit
619 2034 813 2069 excitetur:
847 2034 926 2079 ipse
952 2033 1083 2079 quippe
1108 2045 1172 2079 per
1196 2045 1234 2067 se
1263 2032 1382 2066 oculus
1406 2043 1476 2066 non
1499 2032 1680 2078 intelligit.

197 2083 321 2128 itaque
343 2092 597 2128 saepenumero
622 2080 699 2115 aliis
723 2081 829 2116 rebus
855 2086 1023 2125 occupato
1048 2080 1256 2124 intentoque
1279 2079 1394 2113 animo
1416 2090 1599 2113 caecorum
1624 2080 1681 2113 in·-

197 2134 276 2164 star
299 2128 404 2163 etiam
427 2128 629 2162 notissimos
653 2127 905 2173 praeterimus3
932 2138 1078 2172 cumque
1095 2126 1131 2161 id
1148 2126 1249 2160 nobis
1268 2125 1357 2160 vitio
1375 2124 1548 2169 vertitur,
1577 2125 1680 2171 culpa

197 2175 237 2210 in
257 2174 363 2209 animi
385 2174 633 2220 occupationes
653 2174 788 2209 reiecta
811 2185 874 2208 nos
899 2185 1100 2219 purgamus.
1148 2173 1200 2207 sic
1223 2184 1307 2217 ergo
1331 2171 1482 2206 Adamus
1506 2172 1611 2207 etiam
1636 2183 1679 2207 ac

198 2222 301 2267 Eva,
325 2233 431 2256 sensu
457 2220 584 2256 mentis
609 2221 655 2255 ad
677 2220 865 2255 videndum
890 2220 1035 2254 excitati
1054 2223 1149 2254 sunt.
1197 2219 1285 2253 haec
1305 2218 1413 2263 enim,
1437 2214 1577 2264 “aperti
1597 2222 1679 2253 sunt

199 2280 319 2303 eorum
339 2264 453 2302 oculi”
477 2273 515 2302 et
535 2264 800 2313 “cognoverunt
821 2279 860 2301 se
879 2268 990 2301 nudos
1010 2262 1123 2311 esse,''
1151 2265 1424 2311 patefactionem
1442 2263 1480 2299 in
1496 2265 1678 2300 intellectu

195 2316 356 2350 obortam
388 2314 595 2360 designant,
630 2326 700 2349 non
728 2313 903 2348 oculorum
929 2325 1056 2347 novum
1081 2314 1251 2347 obtutum.
1299 2311 1352 2346 sic
1375 2322 1459 2356 ergo
1484 2311 1679 2346 nominavit

195 2361 373 2407 scriptura
401 2373 540 2396 sensum
565 2361 716 2407 peccati.
755 2360 881 2395 ¹statim
910 2360 1001 2394 enim
1025 2371 1045 2394 a
1071 2365 1217 2406 peccato
1245 2357 1428 2392 commisso
1460 2358 1678 2393 conscientia

195 2407 338 2443 feritur.
386 2407 507 2442 intulit
524 2408 665 2442 Simon:
690 2419 752 2442 cur
775 2419 859 2451 ergo
883 2406 1055 2449 Adamus,
1084 2406 1115 2440 si
1140 2405 1371 2451 praenotione
1391 2403 1461 2439 fuit
1480 2405 1676 2450 praeditus,

196 2465 267 2488 non
293 2454 490 2499 praesagiit
512 2454 670 2489 fraudem
689 2454 864 2499 serpentis
884 2458 921 2487 et
938 2452 1122 2487 mulieris?
1149 2452 1274 2495 immo,
1300 2450 1418 2495 inquit
1434 2451 1582 2497 Petrus,
1608 2451 1678 2486 nisi

195 2501 316 2534 futura
343 2501 555 2546 praescivit,
593 2513 662 2547 qua
685 2502 823 2534 ratione
847 2500 962 2545 potuit
985 2499 1069 2534 filiis
1094 2498 1187 2542 suis,
1228 2504 1267 2532 ut
1298 2498 1445 2542 primum
1476 2497 1551 2531 nati
1582 2503 1676 2542 sunt,

198 2558 240 2580 ea
264 2548 403 2581 nomina
426 2547 608 2592 imponere
631 2547 757 2593 quibus
782 2547 922 2581 futurae
945 2546 1104 2581 actiones
1128 2544 1427 2588 designarentur?
1466 2545 1578 2590 primo
1599 2545 1674 2578 filio

196 2592 303 2626 Caini
317 2605 441 2628 nomen
457 2594 598 2639 indidit,
623 2605 714 2640 quae
737 2605 807 2628 vox
833 2592 1099 2627 aemulationem
1123 2597 1185 2625 aut
1209 2590 1440 2624 invidentiam
1465 2595 1582 2633 notat3
1606 2602 1676 2636 qua

196 2637 227 2672 is
252 2638 421 2684 impulsus
443 2640 575 2675 occidit
597 2642 742 2676 fratrem
761 2651 858 2674 suum
877 2639 1044 2684 Abelum,
1070 2638 1168 2672 cuius
1191 2636 1331 2671 nomine
1355 2636 1468 2671 luctus
1492 2637 1674 2682 significa-

196 2689 275 2717 tur:
311 2685 471 2721 nimirum
497 2687 587 2721 enim
611 2687 648 2722 in
676 2687 770 2721 luctu
793 2687 935 2720 fuerunt
958 2691 1145 2732 parentes,
1182 2695 1224 2718 eo
1248 2683 1397 2728 primum
1420 2689 1558 2718 necato.
1605 2684 1675 2717 iam

197 2729 229 2764 si
252 2730 422 2774 Adamus,
459 2733 518 2766 dei
543 2745 630 2779 opus
655 2740 762 2778 atque
787 2737 967 2777 creatura,
1003 2730 1242 2777 praescientia
1259 2730 1328 2764 fuit
1346 2730 1548 2776 praeditus,
1580 2730 1675 2764 haud

195 2775 303 2810 dubie
337 2777 447 2821 magis
478 2780 585 2814 etiam
620 2791 663 2814 ea
696 2779 816 2825 opifici
851 2779 926 2813 eius
961 2778 1026 2813 deo
1062 2777 1172 2812 tribui
1203 2777 1322 2810 debet.
1371 2781 1408 2810 et
1438 2787 1523 2810 vero
1555 2775 1675 2810 futura

196 2834 236 2857 se
263 2822 470 2868 praevidere
493 2826 579 2861 deus
601 2827 837 2871 demonstrat,
862 2836 938 2859 cum
957 2825 1007 2858 ita
1025 2823 1255 2859 Abrahamum
1274 2822 1463 2866 alloquitur
1486 2822 1596 2866 (Gen.
1613 2823 1675 2865 15)

195 2865 318 2903 “certo
343 2868 519 2915 intelliges
542 2878 704 2918 posteros
735 2878 816 2908 tuos
847 2871 885 2910 iu
917 2870 1031 2907 alieno
1065 2870 1140 2906 solo
1171 2868 1414 2915 exsulamus,
1447 2868 1676 2914 servientque

561 2923 570 2935 Χ
