1742 3184
188 191 289 238 228
670 189 910 236 GEORGH
945 187 1192 234 CEDRENI

186 311 351 368 φαῦλον
371 306 499 363 μηδὲν
519 304 718 359 ὓπονοῶν,
747 304 789 349 ἓν
807 308 868 365 τῷ
886 308 962 348 τοῦ
976 301 1231 356 Ἀπόλλωνος
1253 300 1380 356 ἓστὼς
1398 303 1495 362 ἷερῷ
1513 301 1680 347 κατεδέ-

193 381 292 431 ξατο
313 374 476 428 αὐτούς.
545 378 614 420 καὶ
634 374 656 420 ὃ
675 376 750 431 μέν
769 373 911 432 Πάρις
928 373 1038 434 ὅρκῳ
1057 374 1111 418 τὰ
1131 373 1284 430 μεταξὺ
1302 373 1548 432 ἀμφοτέρων
1563 369 1681 428 λεγό-

179 465 296 504 .μενα
312 449 494 503 βεβαιῶν
512 445 628 504 παρὰ
648 445 721 489 τὸν
739 443 883 501 βωμὸν
896 444 1059 496 ἰ’στατο,
1093 443 1434 501 περιπλεκομένου
1455 442 1501 486 δὲ
1513 439 1682 499 Δηϊφό-

187 522 271 573 ’βου
293 517 364 560 τὸν
382 515 569 571 Ἀχιλλέα
590 517 657 559 καὶ
680 516 1004 572 καταφιλοῦντος
1026 511 1244 568 ἐβάπτισεν
1272 511 1296 556 ὃ
1322 511 1536 570 ἐπεφέρετο
1564 512 1683 569 ξίφος

195 586 301 631 κατὰ
323 591 404 629 τῶν
426 585 554 628 αὐτοῦ’
577 582 845 641 σπλάγχνων·
894 585 962 626 καὶ
985 582 1042 626 ἔτι
1065 586 1313 640 κρατοῦντος
1337 583 1466 625 αὐτοῦ
1490 581 1716 638 δευτέραν5

196 657 325 707 εὐθὺς
347 653 368 698 ὃ
394 652 533 714 Πάρις
551 652 688 711 ἐπάγει
709 652 804 696 κατ’
832 651 961 695 αὐτοῦ
980 651 1150 709 πληγήν.
1220 653 1288 695 καὶ
1311 649 1357 702 ὃς
1377 650 1544 702 ἔκλυτος
1567 665 1686 707 γεγο-

196 726 278 777 νὼς
301 726 449 767 πίπτει.
496 725 637 767 ε’κεῖνοι
658 723 703 765 δὲ
724 720 966 774 ἀνυπόπτως
988 721 1047 764 δι’
1080 721 1207 777 ἄλλης
1224 725 1298 764 τοῦ
1321 719 1474 772 ἄλσους
1495 717 1687 772 ἐξελθόν-

146 804 288 848 Βτες,
323 793 381 845 ὡς
399 793 547 851 μικρὸν
567 794 746 847 ἀπεῖχον,
783 790 926 851 δρόμῳ
958 795 1098 850 πολλῷ
1124 789 1381 848 χρησάμενοι
1413 791 1608 846 εἷσῆλθον
1631 790 1689 839 εἷς

199 865 274 921 τὴν
298 861 428 906 πόλιν.
498 863 537 905 οἱ
566 864 659 920 περὶ
687 862 759 905 τὸν
782 860 988 904 Ὀδυσσέα
1016 861 1061 903 δὲ
1095 859 1249 911 ἰδόντες
1280 859 1431 911 αὐτοὺς
1457 858 1688 917 τρέχοντας,

202 931 492 991 εἰσδραμόντες
521 929 753 988 εὗρίσκουσι
784 930 855 974 τὸν
882 930 1067 986 Ἀχιλλέα
1103 928 1338 988 ᾑμαγμένον
1367 930 1548 984 κείμενον
1576 927 1690 985 παρὰ
1703 931 1742 968 10

200 1003 272 1047 τὸν
293 1000 452 1058 βωμόν.
521 1002 626 1059 πρὸς
645 999 691 1044 ὃν
713 998 734 1044 ὃ
758 1000 872 1051 Αἴας
891 994 995 1058 κἆρ’
1018 994 1072 1055 ἦν
1094 999 1319 1058 ἄνθρωπος
1341 996 1567 1054 δυνάμενος
1584 1004 1692 1040 κτεῖ-

202 1074 274 1117 ναί
294 1089 363 1126 σε,·
420 1070 514 1113 ἀλλ’
549 1069 577 1126 ἢ
609 1071 662 1127 σὴ
694 1071 913 1127 προπέτεια
943 1067 1049 1125 μόνη
1080 1086 1124 1113 σε
1159 1067 1388 1112 ‹inedie-ae?
1459 1067 1563 1126 πρὸς
1592 1065 1638 1110 ὃν
1671 1064 1692 1109 ὃ

200 1141 426 1197 ’Λχιλλεὺς
448 1139 600 1195 ἔσχατα
617 1140 746 1182 πνέων
766 1137 908 1199 “δόλῳ
930 1137 1167 1197 εἶργάσαντό
1184 1138 1267 1194 με”
1306 1138 1413 1196 φησί
1432 1135 1604 1194 αΠάρις
1625 1137 1694 1180 καὶ

206 1213 428 1270 Δηΐφοβος
453 1210 521 1252 διὰ
537 1208 821 1265 Πολυξένην.”
893 1207 1070 1261 ὀξύτατα
1101 1203 1172 1252 οὖν
1202 1207 1269 1251 ἐπ’
1293 1207 1416 1263 ὤμων
1438 1205 1697 1266 ἇρπάσαντες

206 1282 254 1326 τὸ
279 1286 400 1336 σῶμα
418 1281 487 1323 καὶ
507 1279 570 1322 ε’πὶ
593 1278 668 1330 τὰς
688 1278 842 1335 σκηνὰς
864 1277 1081 1334 ἀγαγόντες
1098 1279 1166 1320 καὶ
1187 1275 1469 1337 τεφρώσαντες
1487 1274 1696 1320 θάπτουσι
1710 1281 1742 1316 1ἐ

209 1355 277 1409 γῇ.
345 1349 449 1406 μετὰ
470 1348 541 1391 τὸν
558 1347 744 1392 θάνατον
759 1348 991 1403 Ἀχιλλέως
1023 1347 1205 1402 πολέμου
1231 1347 1470 1404 γενομένου,
1506 1348 1574 1390 καὶ
1596 1349 1699 1389 πολ-

210 1424 293 1463 λῶν
314 1420 357 1472 ἐξ
389 1417 590 1476 ἑκατέρων
620 1415 841 1470 πεσόντων,
877 1419 933 1469 εἷς
957 1418 1215 1473 μονομαχίαν
1246 1414 1267 1459 ὃ
1299 1414 1557 1473 Φιλοκτήτης
1584 1417 1652 1459 καὶ
1677 1412 1698 1458 ὅ

159 1497 191 1532 C
209 1487 355 1547 ’Πάρις
378 1487 580 1546 ἔρχονται.
649 1489 717 1530 καὶ
737 1491 899 1544 πρῶτος
917 1486 1054 1541 λαχὼν
1075 1484 1096 1529 ὅ
1116 1484 1257 1545 Πάρις
1276 1484 1420 1541 βάλλει
1440 1485 1545 1529 κατὰ
1571 1487 1702 1528 Φιλο-

210 1558 361 1615 κτήτου
370 1591 384 1610 ,
420 1558 591 1612 ἀστοχεῖ
604 1557 663 1600 δέ.
732 1554 754 1599 ὃ
775 1557 819 1599 δὲ
839 1554 1123 1607 άντιτοξεύσας
1138 1555 1211 1611 τὴν
1231 1555 1450 1614 ἀριστερὰν
1462 1562 1583 1613 χεῖρα
1601 1552 1703 1597 Πά-

213 1631 330 1688 ριδος
348 1628 569 1684 διαπείρει,
604 1628 671 1668 καὶ
694 1619 947 1683 ὁευτερῶσας
975 1625 1046 1668 τὸν
1077 1625 1208 1677 δεξιὸν
1236 1625 1365 1670 αὐτοῦ
1388 1623 1595 1684 ἔπήρωσεν
1621 1623 1701 1683 ὄφ·
1713 1631 1742 1667 2⁴

213 1695 396 1752 θαλμόν,
431 1698 499 1738 καὶ
526 1696 662 1754 τρίτον
688 1695 830 1749 βαλών
852 1696 915 1737 ἐπὶ
945 1694 1041 1746 τοὺς
1067 1692 1201 1747 πόδας
1228 1697 1297 1738 καὶ
1322 1695 1375 1738 τὰ
1403 1694 1547 1753 σφυρὰ
1573 1694 1705 1753 ῥίπτει

216 1765 357 1825 Πάριν
379 1767 434 1816 εἲς
451 1769 540 1822 γῆν.
610 1764 658 1808 ὃν
680 1762 939 1822 ἁρπάσαντες
965 1763 1156 1821 ἡμιθανῆ
1179 1766 1236 1817 εἷς
1257 1764 1334 1827 τὴν
1347 1764 1473 1807 Ἴλιον
1497 1767 1706 1820 εἰσῆλθον.

219 1838 288 1880 καὶ
316 1835 442 1887 αὐτὸς
468 1834 566 1886 τοὺς
584 1835 628 1878 ἔκ
649 1838 722 1890 τῆς
735 1832 900 1891 Ἑλένης
921 1834 1037 1887 υἱοὺς
1054 1841 1188 1894 τρεῖς,
1227 1833 1441 1891 Βούνυμον
1463 1836 1707 1894 Κορυθαῖον

221 2016 275 2051 les
295 2013 385 2050 nihil
408 2012 545 2050 sinistri
565 2012 773 2061 suspicans,
807 2013 844 2049 in
867 2013 998 2062 templo
1022 2013 1197 2061 Apollinis
1219 2016 1337 2060 stans,
1375 2025 1437 2050 eos
1455 2012 1611 2050 admisit.
1658 2011 1711 2048 ibi

223 2063 328 2098 Paris
360 2061 466 2096 altari
500 2060 673 2096 assistens
705 2061 932 2096 iureiurando
965 2073 1007 2096 ea
1032 2073 1123 2107 quae
1146 2066 1249 2096 erant
1271 2061 1438 2108 utrinque
1461 2062 1557 2097 dicta
1579 2060 1713 2096 sanxit.

222 2108 412 2155 Deiphobo
435 2112 553 2144 autem
575 2107 745 2142 Achillem
768 2107 928 2155 amplexo
954 2113 992 2143 et
1014 2108 1262 2154 deosculante,
1287 2121 1405 2144 ensem
1429 2119 1532 2154 quem
1549 2109 1717 2154 gestabat

223 2156 262 2190 in
288 2154 435 2190 Achillis
469 2154 641 2190 intestina
675 2154 821 2198 defixit3
852 2154 1065 2201 statimque,
1097 2155 1212 2190 adhuc
1244 2167 1323 2190 eum
1345 2154 1533 2202 Deiphobo
1557 2159 1716 2197 tenente,

223 2202 328 2237 Paris
356 2201 504 2236 alterum
526 2201 635 2236 ictum
657 2201 789 2237 intulit.
836 2201 991 2236 Achilles
1015 2201 1153 2237 viribus
1176 2202 1424 2237 deficientibus
1448 2202 1617 2245 concidit.
1664 2199 1717 2235 illi

223 2249 317 2285 citra
341 2248 579 2295 suspicionem
601 2248 654 2282 rei
679 2248 748 2283 alia
771 2247 832 2283 via
857 2260 902 2282 ex
926 2247 1004 2283 luco
1036 2248 1194 2294 egressi,
1226 2261 1303 2284 cum
1322 2247 1498 2296 paululum
1523 2248 1607 2283 inde
1631 2259 1716 2295 pro-

226 2295 439 2340 cessissent,
475 2294 584 2332 citato
610 2306 716 2330 cursu
741 2294 780 2329 in
807 2295 929 2330 urbem
953 2307 992 2330 se
1016 2295 1283 2341 proripuerunt.
1330 2296 1480 2341 Ulysses
1507 2307 1584 2330 cum
1610 2294 1719 2329 sociis

225 2354 370 2377 currere
390 2354 451 2377 eos
477 2346 663 2377 cernentes
688 2341 725 2375 in
747 2341 913 2388 templum
945 2348 1155 2387 accurrunt,
1191 2342 1315 2388 ibique
1348 2354 1442 2389 pone
1468 2353 1564 2377 aram
1594 2341 1716 2376 iacen-

226 2394 298 2424 tem
320 2389 494 2423 Achillem
518 2400 645 2423 cruore
668 2389 847 2423 foedatum
868 2388 1067 2434 reperiunt.
1116 2389 1173 2424 cui
1197 2389 1289 2424 Aiax
1311 2385 1499 2436 “profecto
1527 2401 1629 2424 nemo
1652 2389 1720 2422 ho-

227 2436 358 2470 minum
382 2440 419 2470 te
442 2439 586 2481 poterat
608 2434 831 2480 interficere,
868 2436 932 2470 sed
962 2440 1024 2470 tua
1053 2436 1235 2471 temeritas
1260 2442 1297 2470 te
1319 2436 1397 2472 sola
1413 2432 1614 2495 perdidit?
1659 2447 1720 2469 re-

228 2482 374 2527 spondit
395 2481 550 2516 Achilles
574 2482 683 2527 haec,
718 2487 911 2517 extremum
946 2481 1109 2528 spiritum
1132 2483 1202 2518 iam
1226 2484 1379 2518 ducens:
1438 2481 1518 2517 dolo
1541 2494 1598 2517 me
1617 2481 1722 2517 Paris

229 2534 266 2562 et
290 2528 495 2574 Deiphobus
518 2529 725 2573 Polyxenae
747 2540 855 2564 causa
885 2526 1141 2565 necaverunt.''
1188 2529 1339 2576 proinde
1370 2540 1499 2576 corpus
1522 2527 1668 2563 Achillis
1694 2527 1722 2562 ii

230 2573 415 2610 celerrime
437 2581 650 2621 rapuerunt,
682 2581 718 2611 et
750 2575 905 2611 humeris
939 2575 1012 2610 suis
1044 2576 1246 2622 impositum
1277 2576 1316 2610 in
1344 2580 1461 2611 castra
1486 2575 1722 2622 pertulerunt,

230 2627 491 2667 crematumque
515 2622 715 2658 humarunt.
762 2627 844 2669 post
864 2627 1011 2656 mortem
1030 2622 1177 2658 Achillis
1201 2634 1319 2669 pugna
1343 2627 1507 2657 conserta
1530 2622 1723 2668 multisque

230 2665 398 2711 utrinque
420 2668 569 2704 deiectis
592 2669 764 2715 singulari
787 2669 980 2704 certamine
1003 2669 1221 2704 Philoctetes
1246 2675 1282 2704 et
1301 2668 1405 2703 Paris
1429 2669 1721 2715 congrediuntur.

233 2711 332 2757 prior
353 2720 450 2749 sorte
472 2715 574 2750 Paris
597 2716 830 2751 Philoctetem
854 2715 986 2761 sagitta
1009 2721 1135 2761 petens
1162 2718 1306 2751 aberrat
1329 2727 1351 2750 a
1371 2727 1494 2763 scopo.
1521 2715 1722 2751 Philocteta

233 2757 391 2793 vicissim
417 2761 563 2806 primum
584 2762 720 2798 laevam
735 2762 877 2798 Paridis
899 2773 1037 2797 manum
1059 2763 1191 2807 sagitta
1209 2762 1357 2807 traiicit‚
1380 2762 1535 2798 secundo
1559 2763 1723 2798 dextrum

235 2804 313 2859 eius
337 2805 473 2860 ocu-lum
497 2809 614 2853 eruit,
647 2809 756 2845 tertio
787 2809 879 2845 talos
909 2814 946 2843 et
973 2809 1082 2854 pedes
1107 2810 1282 2856 impetens
1308 2820 1385 2844 eum
1409 2809 1486 2844 solo
1509 2808 1721 2856 prosternit.

234 2861 296 2895 qui
322 2853 535 2888 semianimis
558 2867 578 2890 a
602 2856 675 2891 suis
700 2858 870 2903 abreptus
895 2860 932 2890 et
953 2855 1054 2890 Ilium
1080 2857 1238 2901 perlatus
1264 2860 1342 2899 est3
1366 2855 1429 2890 ubi
1453 2860 1546 2900 tres,
1571 2867 1661 2902 quos
1686 2855 1722 2890 ei

234 2895 372 2934 Helena
385 2906 589 2947 pepererat,
604 2902 708 2951 filios,
723 2904 922 2951 Bunymum
932 2902 1172 2949 Corythaeum
1190 2908 1227 2940 et
1234 2903 1391 2952 Idaeum,
1408 2902 1576 2950 parvulos
1593 2901 1722 2940 etiam-
