<?xml version="1.0" encoding="UTF-8"?>
<!DOCTYPE html PUBLIC "-//W3C//DTD XHTML 1.0 Transitional//EN"
    "http://www.w3.org/TR/xhtml1/DTD/xhtml1-transitional.dtd">
<html xmlns="http://www.w3.org/1999/xhtml" xml:lang="en" lang="en">
 <head>
  <title>
</title>
<meta http-equiv="Content-Type" content="text/html;charset=utf-8" />
  <meta name='ocr-system' content='tesseract 3.04.00' />
  <meta name='ocr-capabilities' content='ocr_page ocr_carea ocr_par ocr_line ocrx_word'/>
</head>
<body>
  <div class='ocr_page' id='page_1' title='image "./corpusscriptorum13niebuoft_0107.png"; bbox 0 0 1742 3184; ppageno 0'>
   <div class='ocr_carea' id='block_1_1' title="bbox 355 232 1520 307">
    <p class='ocr_par' dir='ltr' id='par_1_1' title="bbox 355 232 1520 307">
     <span class='ocr_line' id='line_1_1' title="bbox 355 232 1520 307; baseline 0.007 -8"><span class='ocrx_word' id='word_1_1' title='bbox 355 232 760 300; x_wconf 74' lang='lat' dir='ltr'>msTomARUM</span> <span class='ocrx_word' id='word_1_2' title='bbox 793 256 1188 303; x_wconf 75' lang='lat' dir='ltr'>COMPENDJmJ.</span> <span class='ocrx_word' id='word_1_3' title='bbox 1455 257 1520 307; x_wconf 84' lang='lat'>83</span> 
     </span>
    </p>
   </div>
   <div class='ocr_carea' id='block_1_2' title="bbox 0 371 1633 1968">
    <p class='ocr_par' dir='ltr' id='par_1_2' title="bbox 24 371 1529 638">
     <span class='ocr_line' id='line_1_2' title="bbox 27 371 1521 431; baseline 0.003 -17"><span class='ocrx_word' id='word_1_4' title='bbox 27 371 268 427; x_wconf 58' lang='lat' dir='ltr'>Aa’pmtm</span> <span class='ocrx_word' id='word_1_5' title='bbox 301 372 496 428; x_wconf 75' lang='grc' dir='ltr'><em>θεογονία</em></span> <span class='ocrx_word' id='word_1_6' title='bbox 530 372 716 427; x_wconf 69' lang='grc' dir='ltr'><em>περιέχει.</em></span> <span class='ocrx_word' id='word_1_7' title='bbox 787 371 939 424; x_wconf 69' lang='grc' dir='ltr'><em>αὐτοὺς</em></span> <span class='ocrx_word' id='word_1_8' title='bbox 969 373 1049 430; x_wconf 83' lang='grc' dir='ltr'><em>γὰρ</em></span> <span class='ocrx_word' id='word_1_9' title='bbox 1084 374 1188 431; x_wconf 76' lang='grc' dir='ltr'><em>λέγει</em></span> <span class='ocrx_word' id='word_1_10' title='bbox 1209 374 1281 418; x_wconf 82' lang='grc' dir='ltr'>τὸν</span> <span class='ocrx_word' id='word_1_11' title='bbox 1303 371 1521 430; x_wconf 76' lang='grc' dir='ltr'><em>σύμπαντα</em></span> 
     </span>
     <span class='ocr_line' id='line_1_3' title="bbox 26 441 1529 504; baseline 0.003 -20"><span class='ocrx_word' id='word_1_12' title='bbox 26 441 182 495; x_wconf 84' lang='grc' dir='ltr'><em>κόσμον</em></span> <span class='ocrx_word' id='word_1_13' title='bbox 216 443 380 484; x_wconf 74' lang='grc' dir='ltr'><em>διοικεῖν</em></span> <span class='ocrx_word' id='word_1_14' title='bbox 413 443 480 484; x_wconf 76' lang='grc' dir='ltr'>καὶ</span> <span class='ocrx_word' id='word_1_15' title='bbox 509 442 693 499; x_wconf 74' lang='grc' dir='ltr'><em>τρέφειν,</em></span> <span class='ocrx_word' id='word_1_16' title='bbox 730 442 982 495; x_wconf 76' lang='grc' dir='ltr'><em>αὖξάνοντας</em></span> <span class='ocrx_word' id='word_1_17' title='bbox 1013 443 1065 487; x_wconf 81' lang='grc' dir='ltr'><em>τὰ</em></span> <span class='ocrx_word' id='word_1_18' title='bbox 1101 444 1235 487; x_wconf 80' lang='grc' dir='ltr'><em>πάντα</em></span> <span class='ocrx_word' id='word_1_19' title='bbox 1262 449 1314 502; x_wconf 87' lang='grc' dir='ltr'><em>τῇ</em></span> <span class='ocrx_word' id='word_1_20' title='bbox 1340 453 1529 504; x_wconf 83' lang='grc' dir='ltr'><em>τριμερεῖ</em></span> 
     </span>
     <span class='ocr_line' id='line_1_4' title="bbox 25 510 1521 573; baseline 0.004 -20"><span class='ocrx_word' id='word_1_21' title='bbox 25 510 179 566; x_wconf 76' lang='grc' dir='ltr'><em>κινήσει</em></span> <span class='ocrx_word' id='word_1_22' title='bbox 211 516 295 554; x_wconf 74' lang='grc' dir='ltr'>τίῆν</span> <span class='ocrx_word' id='word_1_23' title='bbox 323 513 438 555; x_wconf 80' lang='grc' dir='ltr'><em>πέντε</em></span> <span class='ocrx_word' id='word_1_24' title='bbox 473 510 691 567; x_wconf 82' lang='grc' dir='ltr'><em>πλανήτων</em></span> <span class='ocrx_word' id='word_1_25' title='bbox 718 514 787 555; x_wconf 83' lang='grc' dir='ltr'>καὶ</span> <span class='ocrx_word' id='word_1_26' title='bbox 819 518 893 570; x_wconf 80' lang='grc' dir='ltr'>τῆς</span> <span class='ocrx_word' id='word_1_27' title='bbox 925 517 1070 570; x_wconf 82' lang='grc' dir='ltr'><em>λοιπῆς</em></span> <span class='ocrx_word' id='word_1_28' title='bbox 1105 514 1382 573; x_wconf 77' lang='grc' dir='ltr'><em>ἄστροθεσιάς</em></span> <span class='ocrx_word' id='word_1_29' title='bbox 1413 515 1521 559; x_wconf 72' lang='grc' dir='ltr'><em>κατὰ</em></span> 
     </span>
     <span class='ocr_line' id='line_1_5' title="bbox 24 581 1114 638; baseline 0.001 -14"><span class='ocrx_word' id='word_1_30' title='bbox 24 581 195 637; x_wconf 66' lang='grc' dir='ltr'><em>γενέσεις</em></span> <span class='ocrx_word' id='word_1_31' title='bbox 215 583 283 623; x_wconf 73' lang='grc' dir='ltr'>καὶ</span> <span class='ocrx_word' id='word_1_32' title='bbox 305 581 491 638; x_wconf 77' lang='grc' dir='ltr'><strong><em>ἀστέρας.</em></strong></span> <span class='ocrx_word' id='word_1_33' title='bbox 1112 586 1114 588; x_wconf 77' lang='grc'><strong>’</strong></span> 
     </span>
    </p>

    <p class='ocr_par' dir='ltr' id='par_1_3' title="bbox 0 649 1633 1968">
     <span class='ocr_line' id='line_1_6' title="bbox 0 649 1518 711; baseline 0.002 -17"><span class='ocrx_word' id='word_1_34' title='bbox 0 658 14 694; x_wconf 81' lang='lat'>3</span> <span class='ocrx_word' id='word_1_35' title='bbox 160 649 231 692; x_wconf 81' lang='grc' dir='ltr'>Ἐν</span> <span class='ocrx_word' id='word_1_36' title='bbox 261 658 347 702; x_wconf 83' lang='grc' dir='ltr'><em>τοῖς</em></span> <span class='ocrx_word' id='word_1_37' title='bbox 376 650 543 707; x_wconf 75' lang='grc' dir='ltr'><em>χρόνοις</em></span> <span class='ocrx_word' id='word_1_38' title='bbox 577 650 622 693; x_wconf 80' lang='grc' dir='ltr'>δὲ</span> <span class='ocrx_word' id='word_1_39' title='bbox 656 655 731 694; x_wconf 84' lang='grc' dir='ltr'><em>τοῦ</em></span> <span class='ocrx_word' id='word_1_40' title='bbox 756 651 977 703; x_wconf 76' lang='grc' dir='ltr'><em>Μωϋσίως</em></span> <span class='ocrx_word' id='word_1_41' title='bbox 1001 652 1263 706; x_wconf 71' lang='grc' dir='ltr'><em>ἐβασίλευσεν</em></span> <span class='ocrx_word' id='word_1_42' title='bbox 1292 652 1518 711; x_wconf 79' lang='grc' dir='ltr'><em>Ἀσσυρίων</em></span> 
     </span>
     <span class='ocr_line' id='line_1_7' title="bbox 17 716 1518 782; baseline 0.005 -22"><span class='ocrx_word' id='word_1_43' title='bbox 17 718 258 777; x_wconf 74' lang='grc' dir='ltr'><em>Ἐρεχθεύς,</em></span> <span class='ocrx_word' id='word_1_44' title='bbox 278 716 535 777; x_wconf 70' lang='grc' dir='ltr'><em>”Λι’γυπτι’ων</em></span> <span class='ocrx_word' id='word_1_45' title='bbox 568 721 613 763; x_wconf 75' lang='grc' dir='ltr'>δὲ</span> <span class='ocrx_word' id='word_1_46' title='bbox 643 721 882 774; x_wconf 72' lang='grc' dir='ltr'><em>ἐβασίλευσε</em></span> <span class='ocrx_word' id='word_1_47' title='bbox 914 721 1168 774; x_wconf 79' lang='grc' dir='ltr'><em>Πετισώνιος</em></span> <span class='ocrx_word' id='word_1_48' title='bbox 1200 721 1221 766; x_wconf 81' lang='grc' dir='ltr'><strong><em>ὃ</em></strong></span> <span class='ocrx_word' id='word_1_49' title='bbox 1250 725 1317 766; x_wconf 82' lang='grc' dir='ltr'>καὶ</span> <span class='ocrx_word' id='word_1_50' title='bbox 1342 721 1518 782; x_wconf 77' lang='grc' dir='ltr'><em>Φαραώ,</em></span> 
     </span>
     <span class='ocr_line' id='line_1_8' title="bbox 23 788 1517 850; baseline 0.003 -18"><span class='ocrx_word' id='word_1_51' title='bbox 23 789 136 840; x_wconf 76' lang='grc' dir='ltr'><em>ὅστις</em></span> <span class='ocrx_word' id='word_1_52' title='bbox 155 788 238 844; x_wconf 47' lang='grc' dir='ltr'><em>»εἶχε</em></span> <span class='ocrx_word' id='word_1_53' title='bbox 259 789 420 846; x_wconf 80' lang='grc' dir='ltr'><strong><em>μάγους</em></strong></span> <span class='ocrx_word' id='word_1_54' title='bbox 436 790 508 834; x_wconf 81' lang='grc' dir='ltr'>τὸν</span> <span class='ocrx_word' id='word_1_55' title='bbox 534 789 703 846; x_wconf 79' lang='grc' dir='ltr'><em>Ἰαννῆν</em></span> <span class='ocrx_word' id='word_1_56' title='bbox 732 794 802 834; x_wconf 80' lang='grc' dir='ltr'>καὶ</span> <span class='ocrx_word' id='word_1_57' title='bbox 830 791 1052 849; x_wconf 80' lang='grc' dir='ltr'><em>Ἰαμβρῆν.</em></span> <span class='ocrx_word' id='word_1_58' title='bbox 1122 794 1185 835; x_wconf 69' lang='grc' dir='ltr'>ἐπὶ</span> <span class='ocrx_word' id='word_1_59' title='bbox 1209 798 1283 850; x_wconf 82' lang='grc' dir='ltr'>τῆς</span> <span class='ocrx_word' id='word_1_60' title='bbox 1301 795 1517 848; x_wconf 81' lang='grc' dir='ltr'><em>βασιλείας</em></span> 
     </span>
     <span class='ocr_line' id='line_1_9' title="bbox 22 858 1567 920; baseline 0.003 -18"><span class='ocrx_word' id='word_1_61' title='bbox 22 860 69 902; x_wconf 74' lang='grc' dir='ltr'>δὲ</span> <span class='ocrx_word' id='word_1_62' title='bbox 96 858 244 903; x_wconf 82' lang='grc' dir='ltr'><em>τούτου</em></span> <span class='ocrx_word' id='word_1_63' title='bbox 272 859 518 916; x_wconf 73' lang='grc' dir='ltr'><em>ἐπληθύνθη</em></span> <span class='ocrx_word' id='word_1_64' title='bbox 539 862 581 902; x_wconf 75' lang='grc' dir='ltr'>ἐν</span> <span class='ocrx_word' id='word_1_65' title='bbox 598 858 799 920; x_wconf 75' lang='grc' dir='ltr'><em>Αἰγύπτῳ</em></span> <span class='ocrx_word' id='word_1_66' title='bbox 821 861 867 904; x_wconf 85' lang='grc' dir='ltr'><em>τὸ</em></span> <span class='ocrx_word' id='word_1_67' title='bbox 889 866 970 904; x_wconf 79' lang='grc' dir='ltr'>τῶν</span> <span class='ocrx_word' id='word_1_68' title='bbox 985 859 1188 920; x_wconf 86' lang='grc' dir='ltr'><em>Ἑβραίων</em></span> <span class='ocrx_word' id='word_1_69' title='bbox 1215 865 1342 920; x_wconf 76' lang='grc' dir='ltr'><em>γένος.</em></span> <span class='ocrx_word' id='word_1_70' title='bbox 1413 861 1435 906; x_wconf 82' lang='grc' dir='ltr'><strong>ὅ</strong></span> <span class='ocrx_word' id='word_1_71' title='bbox 1466 865 1513 907; x_wconf 76' lang='grc' dir='ltr'>δὲ</span> <span class='ocrx_word' id='word_1_72' title='bbox 1534 877 1567 912; x_wconf 89' lang='lat' dir='ltr'><strong>D</strong></span> 
     </span>
     <span class='ocr_line' id='line_1_10' title="bbox 21 925 1518 991; baseline 0.003 -19"><span class='ocrx_word' id='word_1_73' title='bbox 21 931 216 985; x_wconf 77' lang='grc' dir='ltr'><em>Μιοϋσῆς</em></span> <span class='ocrx_word' id='word_1_74' title='bbox 235 925 288 986; x_wconf 74' lang='grc' dir='ltr'>ἦν</span> <span class='ocrx_word' id='word_1_75' title='bbox 308 930 625 986; x_wconf 73' lang='grc' dir='ltr'><em>πεπαιδευμένος</em></span> <span class='ocrx_word' id='word_1_76' title='bbox 657 930 770 988; x_wconf 77' lang='grc' dir='ltr'><em>πάσῃ</em></span> <span class='ocrx_word' id='word_1_77' title='bbox 799 933 926 991; x_wconf 67' lang='grc' dir='ltr'><em>σοφίᾳ</em></span> <span class='ocrx_word' id='word_1_78' title='bbox 954 934 1216 988; x_wconf 80' lang='grc' dir='ltr'><em>Αἰγυπτίων·</em></span> <span class='ocrx_word' id='word_1_79' title='bbox 1252 933 1291 975; x_wconf 79' lang='grc' dir='ltr'>οἱ</span> <span class='ocrx_word' id='word_1_80' title='bbox 1313 934 1359 976; x_wconf 77' lang='grc' dir='ltr'>δὲ</span> <span class='ocrx_word' id='word_1_81' title='bbox 1380 932 1518 990; x_wconf 75' lang='grc' dir='ltr'><em>Αἰγύ-</em></span> 
     </span>
     <span class='ocr_line' id='line_1_11' title="bbox 0 998 1517 1058; baseline 0.003 -17"><span class='ocrx_word' id='word_1_82' title='bbox 0 1012 131 1046; x_wconf 66' lang='lat' dir='ltr'>»nnec</span> <span class='ocrx_word' id='word_1_83' title='bbox 159 1001 386 1058; x_wconf 66' lang='grc' dir='ltr'><em>ἐφοβοῦντο</em></span> <span class='ocrx_word' id='word_1_84' title='bbox 414 1000 511 1052; x_wconf 77' lang='grc' dir='ltr'><em>τοὺς</em></span> <span class='ocrx_word' id='word_1_85' title='bbox 526 998 744 1058; x_wconf 83' lang='grc' dir='ltr'><em>Ἑβραίους</em></span> <span class='ocrx_word' id='word_1_86' title='bbox 765 999 823 1052; x_wconf 81' lang='grc' dir='ltr'><em>ὥς</em></span> <span class='ocrx_word' id='word_1_87' title='bbox 842 1003 1081 1058; x_wconf 70' lang='grc' dir='ltr'><em>γενομένους</em></span> <span class='ocrx_word' id='word_1_88' title='bbox 1099 1001 1295 1055; x_wconf 82' lang='grc' dir='ltr'><em>πολλούς,</em></span> <span class='ocrx_word' id='word_1_89' title='bbox 1332 1005 1399 1046; x_wconf 82' lang='grc' dir='ltr'>καὶ</span> <span class='ocrx_word' id='word_1_90' title='bbox 1420 1003 1517 1046; x_wconf 76' lang='grc' dir='ltr'><em>ε’κά-</em></span> 
     </span>
     <span class='ocr_line' id='line_1_12' title="bbox 19 1069 1515 1130; baseline 0.003 -18"><span class='ocrx_word' id='word_1_91' title='bbox 19 1086 119 1112; x_wconf 87' lang='grc' dir='ltr'><em>κουν</em></span> <span class='ocrx_word' id='word_1_92' title='bbox 147 1069 299 1121; x_wconf 74' lang='grc' dir='ltr'><em>αὖτοὺς</em></span> <span class='ocrx_word' id='word_1_93' title='bbox 326 1075 379 1127; x_wconf 82' lang='grc' dir='ltr'><em>τῇ</em></span> <span class='ocrx_word' id='word_1_94' title='bbox 403 1072 595 1130; x_wconf 71' lang='grc' dir='ltr'><em>πλινθείᾳ</em></span> <span class='ocrx_word' id='word_1_95' title='bbox 617 1072 684 1113; x_wconf 81' lang='grc' dir='ltr'>καὶ</span> <span class='ocrx_word' id='word_1_96' title='bbox 707 1075 764 1129; x_wconf 77' lang='grc' dir='ltr'><em>τῷ</em></span> <span class='ocrx_word' id='word_1_97' title='bbox 788 1075 928 1130; x_wconf 74' lang='grc' dir='ltr'><em>πηλῷ,</em></span> <span class='ocrx_word' id='word_1_98' title='bbox 959 1070 1246 1127; x_wconf 72' lang='grc' dir='ltr'><em>ἐπιστήσαντες</em></span> <span class='ocrx_word' id='word_1_99' title='bbox 1265 1073 1405 1124; x_wconf 72' lang='grc' dir='ltr'><em>αὐτοῖς</em></span> <span class='ocrx_word' id='word_1_100' title='bbox 1425 1074 1515 1116; x_wconf 74' lang='grc' dir='ltr'><em>ἔπι-</em></span> 
     </span>
     <span class='ocr_line' id='line_1_13' title="bbox 19 1138 1515 1200; baseline 0.002 -17"><span class='ocrx_word' id='word_1_101' title='bbox 19 1138 174 1190; x_wconf 81' lang='grc' dir='ltr'><em>στάτας</em></span> <span class='ocrx_word' id='word_1_102' title='bbox 190 1144 356 1197; x_wconf 76' lang='grc' dir='ltr'><em>βαρεῖς,</em></span> <span class='ocrx_word' id='word_1_103' title='bbox 387 1142 455 1183; x_wconf 77' lang='grc' dir='ltr'>καὶ</span> <span class='ocrx_word' id='word_1_104' title='bbox 476 1141 685 1193; x_wconf 72' lang='grc' dir='ltr'><em>ἐστέναζον</em></span> <span class='ocrx_word' id='word_1_105' title='bbox 707 1139 964 1196; x_wconf 75' lang='grc' dir='ltr'><em>θλιβόμενοι.</em></span> <span class='ocrx_word' id='word_1_106' title='bbox 1011 1144 1079 1184; x_wconf 85' lang='grc' dir='ltr'>καὶ</span> <span class='ocrx_word' id='word_1_107' title='bbox 1100 1144 1299 1200; x_wconf 72' lang='grc' dir='ltr'><em>προσέσχε</em></span> <span class='ocrx_word' id='word_1_108' title='bbox 1321 1146 1515 1199; x_wconf 81' lang='grc' dir='ltr'><em>Μωῦσῆς</em></span> 
     </span>
     <span class='ocr_line' id='line_1_14' title="bbox 18 1209 1513 1271; baseline 0.003 -20"><span class='ocrx_word' id='word_1_109' title='bbox 18 1211 86 1251; x_wconf 77' lang='grc' dir='ltr'>καὶ</span> <span class='ocrx_word' id='word_1_110' title='bbox 116 1209 276 1267; x_wconf 75' lang='grc' dir='ltr'><em>Ἀαρὼν</em></span> <span class='ocrx_word' id='word_1_111' title='bbox 303 1214 364 1269; x_wconf 73' lang='grc' dir='ltr'><em>τῷ</em></span> <span class='ocrx_word' id='word_1_112' title='bbox 393 1215 606 1268; x_wconf 79' lang='grc' dir='ltr'><em>στεναγμῷ</em></span> <span class='ocrx_word' id='word_1_113' title='bbox 636 1210 795 1263; x_wconf 79' lang='grc' dir='ltr'><em>αὐτῶν,</em></span> <span class='ocrx_word' id='word_1_114' title='bbox 825 1213 893 1254; x_wconf 82' lang='grc' dir='ltr'>καὶ</span> <span class='ocrx_word' id='word_1_115' title='bbox 924 1210 1101 1267; x_wconf 69' lang='grc' dir='ltr'><em>ηὔξαντο</em></span> <span class='ocrx_word' id='word_1_116' title='bbox 1134 1216 1195 1271; x_wconf 72' lang='grc' dir='ltr'><em>τῷ</em></span> <span class='ocrx_word' id='word_1_117' title='bbox 1226 1217 1338 1271; x_wconf 76' lang='grc' dir='ltr'><em>θεῷ,</em></span> <span class='ocrx_word' id='word_1_118' title='bbox 1376 1212 1422 1264; x_wconf 81' lang='grc' dir='ltr'><em>ὃς</em></span> <span class='ocrx_word' id='word_1_119' title='bbox 1444 1214 1513 1255; x_wconf 80' lang='grc' dir='ltr'>καὶ</span> 
     </span>
     <span class='ocr_line' id='line_1_15' title="bbox 17 1279 1512 1341; baseline 0.003 -20"><span class='ocrx_word' id='word_1_120' title='bbox 17 1279 198 1323; x_wconf 73' lang='grc' dir='ltr'><em>ἐκέλευσε</em></span> <span class='ocrx_word' id='word_1_121' title='bbox 219 1285 275 1339; x_wconf 79' lang='grc' dir='ltr'><em>τῷ</em></span> <span class='ocrx_word' id='word_1_122' title='bbox 286 1281 472 1324; x_wconf 80' lang='grc' dir='ltr'><em>Μωϋσεΐ</em></span> <span class='ocrx_word' id='word_1_123' title='bbox 488 1283 685 1323; x_wconf 75' lang='grc' dir='ltr'><em>εἰσελθεῖν</em></span> <span class='ocrx_word' id='word_1_124' title='bbox 706 1280 809 1337; x_wconf 85' lang='grc' dir='ltr'><em>πρὸς</em></span> <span class='ocrx_word' id='word_1_125' title='bbox 833 1281 1007 1337; x_wconf 84' lang='grc' dir='ltr'><em>Φαραώ,</em></span> <span class='ocrx_word' id='word_1_126' title='bbox 1042 1283 1110 1324; x_wconf 79' lang='grc' dir='ltr'>καὶ</span> <span class='ocrx_word' id='word_1_127' title='bbox 1131 1285 1252 1325; x_wconf 79' lang='grc' dir='ltr'><em>εἷπεΐν</em></span> <span class='ocrx_word' id='word_1_128' title='bbox 1272 1283 1383 1341; x_wconf 77' lang='grc' dir='ltr'><em>αὐτῷ</em></span> <span class='ocrx_word' id='word_1_129' title='bbox 1406 1282 1512 1325; x_wconf 79' lang='grc' dir='ltr'><em>ἄπο-</em></span> 
     </span>
     <span class='ocr_line' id='line_1_16' title="bbox 0 1350 1512 1411; baseline 0.003 -20"><span class='ocrx_word' id='word_1_130' title='bbox 0 1353 143 1395; x_wconf 75' lang='grc' dir='ltr'><em>ἱλῦσαι</em></span> <span class='ocrx_word' id='word_1_131' title='bbox 179 1350 252 1392; x_wconf 84' lang='grc' dir='ltr'>τὸν</span> <span class='ocrx_word' id='word_1_132' title='bbox 286 1350 387 1392; x_wconf 84' lang='grc' dir='ltr'><em>λαὸν</em></span> <span class='ocrx_word' id='word_1_133' title='bbox 415 1355 492 1393; x_wconf 81' lang='grc' dir='ltr'><em>τοῦ</em></span> <span class='ocrx_word' id='word_1_134' title='bbox 514 1350 716 1407; x_wconf 76' lang='grc' dir='ltr'><em>Ἰσραήλ,</em></span> <span class='ocrx_word' id='word_1_135' title='bbox 753 1355 973 1408; x_wconf 82' lang='grc' dir='ltr'><em>λατρεῦσαι</em></span> <span class='ocrx_word' id='word_1_136' title='bbox 1001 1353 1128 1409; x_wconf 82' lang='grc' dir='ltr'><em>κυρίῳ</em></span> <span class='ocrx_word' id='word_1_137' title='bbox 1158 1356 1218 1409; x_wconf 78' lang='grc' dir='ltr'><em>τῷ</em></span> <span class='ocrx_word' id='word_1_138' title='bbox 1245 1357 1335 1411; x_wconf 71' lang='grc' dir='ltr'><em>θεῷ</em></span> <span class='ocrx_word' id='word_1_139' title='bbox 1362 1352 1512 1395; x_wconf 77' lang='grc' dir='ltr'><em>αὐτῶν.</em></span> 
     </span>
     <span class='ocr_line' id='line_1_17' title="bbox 16 1418 1513 1481; baseline 0.003 -20"><span class='ocrx_word' id='word_1_140' title='bbox 16 1421 82 1461; x_wconf 82' lang='grc' dir='ltr'>καὶ</span> <span class='ocrx_word' id='word_1_141' title='bbox 115 1418 313 1462; x_wconf 70' lang='grc' dir='ltr'><em>εἰσελθὼν</em></span> <span class='ocrx_word' id='word_1_142' title='bbox 329 1422 523 1475; x_wconf 78' lang='grc' dir='ltr'><em>Μωϋσῆς</em></span> <span class='ocrx_word' id='word_1_143' title='bbox 554 1422 621 1462; x_wconf 83' lang='grc' dir='ltr'>καὶ</span> <span class='ocrx_word' id='word_1_144' title='bbox 644 1420 805 1476; x_wconf 78' lang='grc' dir='ltr'><em>Ἀαρών</em></span> <span class='ocrx_word' id='word_1_145' title='bbox 836 1421 940 1478; x_wconf 87' lang='grc' dir='ltr'><em>πρὸς</em></span> <span class='ocrx_word' id='word_1_146' title='bbox 962 1421 1123 1479; x_wconf 80' lang='grc' dir='ltr'><em>Φαραὼ</em></span> <span class='ocrx_word' id='word_1_147' title='bbox 1149 1420 1378 1478; x_wconf 71' lang='grc' dir='ltr'><em>ἀνήγγειλεν</em></span> <span class='ocrx_word' id='word_1_148' title='bbox 1399 1423 1513 1481; x_wconf 77' lang='grc' dir='ltr'><em>αὐτῷ’</em></span> 
     </span>
     <span class='ocr_line' id='line_1_18' title="bbox 15 1488 1512 1547; baseline 0.002 -16"><span class='ocrx_word' id='word_1_149' title='bbox 15 1489 92 1544; x_wconf 78' lang='grc' dir='ltr'>τὴν</span> <span class='ocrx_word' id='word_1_150' title='bbox 110 1493 187 1532; x_wconf 82' lang='grc' dir='ltr'><em>τοῦ</em></span> <span class='ocrx_word' id='word_1_151' title='bbox 207 1493 311 1532; x_wconf 76' lang='grc' dir='ltr'><em>θεοῦ</em></span> <span class='ocrx_word' id='word_1_152' title='bbox 327 1490 525 1533; x_wconf 77' lang='grc' dir='ltr'><em>κέλευσιν.</em></span> <span class='ocrx_word' id='word_1_153' title='bbox 593 1488 614 1531; x_wconf 82' lang='grc' dir='ltr'><strong>ὃ</strong></span> <span class='ocrx_word' id='word_1_154' title='bbox 637 1491 681 1532; x_wconf 79' lang='grc' dir='ltr'><em>δέ</em></span> <span class='ocrx_word' id='word_1_155' title='bbox 708 1491 867 1547; x_wconf 78' lang='grc' dir='ltr'><em>Φαραὼ</em></span> <span class='ocrx_word' id='word_1_156' title='bbox 896 1492 999 1547; x_wconf 85' lang='grc' dir='ltr'><em>λε’γει</em></span> <span class='ocrx_word' id='word_1_157' title='bbox 1029 1492 1167 1542; x_wconf 77' lang='grc' dir='ltr'><em>αὐτοῖς</em></span> <span class='ocrx_word' id='word_1_158' title='bbox 1196 1490 1263 1534; x_wconf 68' lang='lat' dir='ltr'>“ec&#39;</span> <span class='ocrx_word' id='word_1_159' title='bbox 1291 1490 1512 1547; x_wconf 72' lang='grc' dir='ltr'><em>ἀληθεύεις</em></span> 
     </span>
     <span class='ocr_line' id='line_1_19' title="bbox 16 1556 1511 1617; baseline 0.002 -17"><span class='ocrx_word' id='word_1_160' title='bbox 16 1557 78 1601; x_wconf 79' lang='grc' dir='ltr'>ὅτι</span> <span class='ocrx_word' id='word_1_161' title='bbox 105 1556 127 1601; x_wconf 82' lang='grc' dir='ltr'><strong><em>ὃ</em></strong></span> <span class='ocrx_word' id='word_1_162' title='bbox 152 1557 254 1610; x_wconf 77' lang='grc' dir='ltr'><em>θεός</em></span> <span class='ocrx_word' id='word_1_163' title='bbox 273 1576 349 1603; x_wconf 87' lang='grc' dir='ltr'><em>σου</em></span> <span class='ocrx_word' id='word_1_164' title='bbox 370 1564 502 1602; x_wconf 83' lang='grc' dir='ltr'><em>ταῦτα</em></span> <span class='ocrx_word' id='word_1_165' title='bbox 531 1560 758 1611; x_wconf 73' lang='grc' dir='ltr'><em>ἐκέλευσεν,</em></span> <span class='ocrx_word' id='word_1_166' title='bbox 793 1558 907 1611; x_wconf 76' lang='grc' dir='ltr'><em>ἰδού,</em></span> <span class='ocrx_word' id='word_1_167' title='bbox 944 1563 1044 1603; x_wconf 79' lang='grc' dir='ltr'><em>εῗσὶν</em></span> <span class='ocrx_word' id='word_1_168' title='bbox 1074 1559 1297 1617; x_wconf 78' lang='grc' dir='ltr'><em>Αἰγύπτιοι</em></span> <span class='ocrx_word' id='word_1_169' title='bbox 1321 1562 1398 1604; x_wconf 81' lang='grc' dir='ltr'>σὺν</span> <span class='ocrx_word' id='word_1_170' title='bbox 1419 1563 1511 1616; x_wconf 78' lang='grc' dir='ltr'><em>ἐμοὶ</em></span> 
     </span>
     <span class='ocr_line' id='line_1_20' title="bbox 15 1628 1633 1687; baseline 0.003 -16"><span class='ocrx_word' id='word_1_171' title='bbox 15 1633 225 1680; x_wconf 76' lang='grc' dir='ltr'><em>ποιοῦντες</em></span> <span class='ocrx_word' id='word_1_172' title='bbox 239 1628 464 1684; x_wconf 74' lang='grc' dir='ltr'><em>θαύματα·</em></span> <span class='ocrx_word' id='word_1_173' title='bbox 494 1630 566 1672; x_wconf 76' lang='grc' dir='ltr'>ἐὰν</span> <span class='ocrx_word' id='word_1_174' title='bbox 582 1628 750 1687; x_wconf 79' lang='grc' dir='ltr'><em>νικήσῃς</em></span> <span class='ocrx_word' id='word_1_175' title='bbox 767 1629 918 1680; x_wconf 77' lang='grc' dir='ltr'><em>αὐτοὺς</em></span> <span class='ocrx_word' id='word_1_176' title='bbox 933 1629 1002 1672; x_wconf 77' lang='grc' dir='ltr'><em>διὰ</em></span> <span class='ocrx_word' id='word_1_177' title='bbox 1019 1635 1095 1672; x_wconf 81' lang='grc' dir='ltr'><em>τοῦ</em></span> <span class='ocrx_word' id='word_1_178' title='bbox 1110 1633 1215 1673; x_wconf 77' lang='grc' dir='ltr'><em>θεοῦ</em></span> <span class='ocrx_word' id='word_1_179' title='bbox 1229 1647 1319 1682; x_wconf 85' lang='grc' dir='ltr'><em>σου,</em></span> <span class='ocrx_word' id='word_1_180' title='bbox 1345 1631 1509 1687; x_wconf 77' lang='grc' dir='ltr'><em>παρέξω</em></span> <span class='ocrx_word' id='word_1_181' title='bbox 1531 1641 1562 1676; x_wconf 91' lang='grc' dir='ltr'><strong><em>Ρ</em></strong></span> <span class='ocrx_word' id='word_1_182' title='bbox 1586 1643 1633 1677; x_wconf 73' lang='lat'>47</span> 
     </span>
     <span class='ocr_line' id='line_1_21' title="bbox 0 1698 1508 1756; baseline 0.001 -15"><span class='ocrx_word' id='word_1_183' title='bbox 0 1714 82 1742; x_wconf 72' lang='lat' dir='ltr'>moe</span> <span class='ocrx_word' id='word_1_184' title='bbox 113 1698 216 1756; x_wconf 80' lang='grc' dir='ltr'><em>ἅπερ</em></span> <span class='ocrx_word' id='word_1_185' title='bbox 247 1699 472 1742; x_wconf 67' lang='grc' dir='ltr'><em>ἕκέ).ευσε.”</em></span> <span class='ocrx_word' id='word_1_186' title='bbox 546 1701 613 1741; x_wconf 88' lang='grc' dir='ltr'>καὶ</span> <span class='ocrx_word' id='word_1_187' title='bbox 645 1699 811 1754; x_wconf 68' lang='grc' dir='ltr'><em>ἔστησεν</em></span> <span class='ocrx_word' id='word_1_188' title='bbox 840 1701 1020 1742; x_wconf 73' lang='grc' dir='ltr'><em>ἐναντίον</em></span> <span class='ocrx_word' id='word_1_189' title='bbox 1042 1699 1231 1756; x_wconf 74' lang='grc' dir='ltr'><em>ἀλλήλων</em></span> <span class='ocrx_word' id='word_1_190' title='bbox 1251 1700 1323 1743; x_wconf 78' lang='grc' dir='ltr'>τὸν</span> <span class='ocrx_word' id='word_1_191' title='bbox 1342 1701 1508 1756; x_wconf 73' lang='grc' dir='ltr'><em>’Ῑαννῆν</em></span> 
     </span>
     <span class='ocr_line' id='line_1_22' title="bbox 14 1768 1509 1827; baseline 0.001 -16"><span class='ocrx_word' id='word_1_192' title='bbox 14 1770 81 1811; x_wconf 77' lang='grc' dir='ltr'>καὶ</span> <span class='ocrx_word' id='word_1_193' title='bbox 106 1769 178 1811; x_wconf 76' lang='grc' dir='ltr'>τὸν</span> <span class='ocrx_word' id='word_1_194' title='bbox 204 1769 412 1826; x_wconf 80' lang='grc' dir='ltr'><em>Ἰαμβρῆν</em></span> <span class='ocrx_word' id='word_1_195' title='bbox 432 1770 499 1812; x_wconf 83' lang='grc' dir='ltr'>καὶ</span> <span class='ocrx_word' id='word_1_196' title='bbox 520 1768 592 1812; x_wconf 77' lang='grc' dir='ltr'>τὸν</span> <span class='ocrx_word' id='word_1_197' title='bbox 615 1770 806 1812; x_wconf 80' lang='grc' dir='ltr'><em>Μωϋσεά</em></span> <span class='ocrx_word' id='word_1_198' title='bbox 824 1771 890 1812; x_wconf 80' lang='grc' dir='ltr'>καὶ</span> <span class='ocrx_word' id='word_1_199' title='bbox 907 1768 1081 1827; x_wconf 76' lang='grc' dir='ltr'><em>Ἀαρών.</em></span> <span class='ocrx_word' id='word_1_200' title='bbox 1153 1771 1222 1812; x_wconf 80' lang='grc' dir='ltr'>καὶ</span> <span class='ocrx_word' id='word_1_201' title='bbox 1253 1771 1448 1825; x_wconf 78' lang='grc' dir='ltr'><em>ἐποίησαν</em></span> <span class='ocrx_word' id='word_1_202' title='bbox 1469 1771 1509 1812; x_wconf 78' lang='grc' dir='ltr'>οἱ</span> 
     </span>
     <span class='ocr_line' id='line_1_23' title="bbox 12 1836 1508 1898; baseline 0.002 -18"><span class='ocrx_word' id='word_1_203' title='bbox 12 1836 138 1895; x_wconf 80' lang='grc' dir='ltr'><em>μάγοι</em></span> <span class='ocrx_word' id='word_1_204' title='bbox 159 1839 227 1881; x_wconf 81' lang='grc' dir='ltr'><em>διὰ</em></span> <span class='ocrx_word' id='word_1_205' title='bbox 246 1841 433 1895; x_wconf 78' lang='grc' dir='ltr'><em>γοητείας</em></span> <span class='ocrx_word' id='word_1_206' title='bbox 454 1839 529 1889; x_wconf 81' lang='grc' dir='ltr'>τὰς</span> <span class='ocrx_word' id='word_1_207' title='bbox 548 1837 730 1896; x_wconf 76' lang='grc' dir='ltr'><em>ῥάβδους</em></span> <span class='ocrx_word' id='word_1_208' title='bbox 748 1840 884 1882; x_wconf 77' lang='grc' dir='ltr'><em>αὐτῶν</em></span> <span class='ocrx_word' id='word_1_209' title='bbox 904 1839 1043 1898; x_wconf 74' lang='grc' dir='ltr'><em>ὄφεις·</em></span> <span class='ocrx_word' id='word_1_210' title='bbox 1077 1841 1146 1882; x_wconf 82' lang='grc' dir='ltr'>καὶ</span> <span class='ocrx_word' id='word_1_211' title='bbox 1173 1839 1301 1897; x_wconf 77' lang='grc' dir='ltr'><em>ῥίψας</em></span> <span class='ocrx_word' id='word_1_212' title='bbox 1314 1842 1508 1896; x_wconf 80' lang='grc' dir='ltr'><em>Μωῦσῆς</em></span> 
     </span>
     <span class='ocr_line' id='line_1_24' title="bbox 12 1898 1506 1968; baseline 0.001 -17"><span class='ocrx_word' id='word_1_213' title='bbox 12 1898 87 1964; x_wconf 80' lang='grc' dir='ltr'>τὴν</span> <span class='ocrx_word' id='word_1_214' title='bbox 122 1908 280 1968; x_wconf 74' lang='grc' dir='ltr'><em>ῥάβδον</em></span> <span class='ocrx_word' id='word_1_215' title='bbox 313 1909 441 1953; x_wconf 76' lang='grc' dir='ltr'><em>αὐτοῦ</em></span> <span class='ocrx_word' id='word_1_216' title='bbox 474 1911 530 1960; x_wconf 80' lang='grc' dir='ltr'>εἰς</span> <span class='ocrx_word' id='word_1_217' title='bbox 559 1908 634 1963; x_wconf 85' lang='grc' dir='ltr'>τὴν</span> <span class='ocrx_word' id='word_1_218' title='bbox 663 1914 760 1966; x_wconf 83' lang='grc' dir='ltr'><em>γῆν,</em></span> <span class='ocrx_word' id='word_1_219' title='bbox 796 1909 949 1966; x_wconf 75' lang='grc' dir='ltr'><em>ἐγένετο</em></span> <span class='ocrx_word' id='word_1_220' title='bbox 981 1908 1077 1968; x_wconf 70' lang='grc' dir='ltr'><em>ὄφις</em></span> <span class='ocrx_word' id='word_1_221' title='bbox 1105 1911 1235 1966; x_wconf 83' lang='grc' dir='ltr'><em>με’γας</em></span> <span class='ocrx_word' id='word_1_222' title='bbox 1254 1911 1322 1952; x_wconf 84' lang='grc' dir='ltr'>καὶ</span> <span class='ocrx_word' id='word_1_223' title='bbox 1343 1911 1506 1953; x_wconf 78' lang='grc' dir='ltr'><em>κατέπιε</em></span> 
     </span>
    </p>
   </div>
   <div class='ocr_carea' id='block_1_3' title="bbox 4 2087 1510 3026">
    <p class='ocr_par' dir='ltr' id='par_1_4' title="bbox 8 2087 1503 2275">
     <span class='ocr_line' id='line_1_25' title="bbox 8 2087 1503 2136; baseline 0 -13"><span class='ocrx_word' id='word_1_224' title='bbox 8 2099 138 2124; x_wconf 87' lang='lat' dir='ltr'>nomen</span> <span class='ocrx_word' id='word_1_225' title='bbox 168 2087 387 2134; x_wconf 77' lang='lat' dir='ltr'>tribuentes,</span> <span class='ocrx_word' id='word_1_226' title='bbox 423 2093 462 2124; x_wconf 87' lang='lat' dir='ltr'>nt</span> <span class='ocrx_word' id='word_1_227' title='bbox 482 2089 738 2136; x_wconf 85' lang='lat' dir='ltr'>Aegyptiorum</span> <span class='ocrx_word' id='word_1_228' title='bbox 760 2088 952 2134; x_wconf 86' lang='lat' dir='ltr'>theogonia</span> <span class='ocrx_word' id='word_1_229' title='bbox 976 2088 1097 2123; x_wconf 88' lang='lat' dir='ltr'>habet.</span> <span class='ocrx_word' id='word_1_230' title='bbox 1146 2089 1235 2124; x_wconf 90' lang='lat' dir='ltr'>dicit</span> <span class='ocrx_word' id='word_1_231' title='bbox 1260 2088 1352 2124; x_wconf 91' lang='lat' dir='ltr'>enim</span> <span class='ocrx_word' id='word_1_232' title='bbox 1377 2089 1422 2124; x_wconf 91' lang='lat' dir='ltr'>ab</span> <span class='ocrx_word' id='word_1_233' title='bbox 1447 2088 1503 2124; x_wconf 86' lang='lat' dir='ltr'>his</span> 
     </span>
     <span class='ocr_line' id='line_1_26' title="bbox 9 2135 1503 2182; baseline -0.001 -11"><span class='ocrx_word' id='word_1_234' title='bbox 9 2142 123 2171; x_wconf 86' lang='lat' dir='ltr'>totum</span> <span class='ocrx_word' id='word_1_235' title='bbox 153 2137 316 2170; x_wconf 84' lang='lat' dir='ltr'>mundum</span> <span class='ocrx_word' id='word_1_236' title='bbox 351 2137 543 2182; x_wconf 87' lang='lat' dir='ltr'>gubernari</span> <span class='ocrx_word' id='word_1_237' title='bbox 568 2143 674 2182; x_wconf 84' lang='lat' dir='ltr'>atque</span> <span class='ocrx_word' id='word_1_238' title='bbox 704 2136 772 2181; x_wconf 78' lang='lat' dir='ltr'>ali,</span> <span class='ocrx_word' id='word_1_239' title='bbox 807 2136 968 2181; x_wconf 62' lang='lat' dir='ltr'>omnihus</span> <span class='ocrx_word' id='word_1_240' title='bbox 991 2135 1244 2170; x_wconf 86' lang='lat' dir='ltr'>incrementum</span> <span class='ocrx_word' id='word_1_241' title='bbox 1267 2135 1503 2181; x_wconf 73' lang='lat' dir='ltr'><strong>largientibus</strong></span> 
     </span>
     <span class='ocr_line' id='line_1_27' title="bbox 9 2182 1501 2230; baseline -0.001 -12"><span class='ocrx_word' id='word_1_242' title='bbox 9 2182 144 2228; x_wconf 88' lang='lat' dir='ltr'>triplici</span> <span class='ocrx_word' id='word_1_243' title='bbox 167 2193 232 2217; x_wconf 84' lang='lat' dir='ltr'>suo</span> <span class='ocrx_word' id='word_1_244' title='bbox 256 2189 352 2218; x_wconf 85' lang='lat' dir='ltr'>motu</span> <span class='ocrx_word' id='word_1_245' title='bbox 376 2183 532 2229; x_wconf 88' lang='lat' dir='ltr'>quinque</span> <span class='ocrx_word' id='word_1_246' title='bbox 555 2183 774 2230; x_wconf 80' lang='lat' dir='ltr'>planetarum</span> <span class='ocrx_word' id='word_1_247' title='bbox 799 2183 1008 2229; x_wconf 88' lang='lat' dir='ltr'>reliquoque</span> <span class='ocrx_word' id='word_1_248' title='bbox 1031 2182 1184 2217; x_wconf 87' lang='lat' dir='ltr'>siderum</span> <span class='ocrx_word' id='word_1_249' title='bbox 1208 2182 1348 2228; x_wconf 88' lang='lat' dir='ltr'>positu,</span> <span class='ocrx_word' id='word_1_250' title='bbox 1372 2194 1501 2217; x_wconf 87' lang='lat' dir='ltr'>secun-</span> 
     </span>
     <span class='ocr_line' id='line_1_28' title="bbox 10 2229 774 2275; baseline 0 -11"><span class='ocrx_word' id='word_1_251' title='bbox 10 2230 91 2264; x_wconf 89' lang='lat' dir='ltr'>dum</span> <span class='ocrx_word' id='word_1_252' title='bbox 116 2229 356 2275; x_wconf 74' lang='lat' dir='ltr'>geniturarum</span> <span class='ocrx_word' id='word_1_253' title='bbox 380 2235 416 2264; x_wconf 91' lang='lat' dir='ltr'>et</span> <span class='ocrx_word' id='word_1_254' title='bbox 436 2230 530 2265; x_wconf 60' lang='lat' dir='ltr'>afiris</span> <span class='ocrx_word' id='word_1_255' title='bbox 552 2230 774 2265; x_wconf 81' lang='lat' dir='ltr'>affectiones.</span> 
     </span>
    </p>

    <p class='ocr_par' dir='ltr' id='par_1_5' title="bbox 4 2273 1510 3026">
     <span class='ocr_line' id='line_1_29' title="bbox 102 2273 1501 2322; baseline 0 -12"><span class='ocrx_word' id='word_1_256' title='bbox 102 2276 216 2311; x_wconf 88' lang='lat' dir='ltr'>Mosis</span> <span class='ocrx_word' id='word_1_257' title='bbox 243 2282 361 2312; x_wconf 84' lang='lat' dir='ltr'>aetate</span> <span class='ocrx_word' id='word_1_258' title='bbox 385 2276 611 2322; x_wconf 82' lang='lat' dir='ltr'><strong>Assyriorum</strong></span> <span class='ocrx_word' id='word_1_259' title='bbox 639 2289 703 2312; x_wconf 89' lang='lat' dir='ltr'>rex</span> <span class='ocrx_word' id='word_1_260' title='bbox 732 2276 803 2312; x_wconf 78' lang='lat' dir='ltr'>fuit</span> <span class='ocrx_word' id='word_1_261' title='bbox 826 2276 1070 2319; x_wconf 84' lang='lat' dir='ltr'>Erechtheus,</span> <span class='ocrx_word' id='word_1_262' title='bbox 1096 2273 1356 2320; x_wconf 84' lang='lat' dir='ltr'>Aegyptiorum</span> <span class='ocrx_word' id='word_1_263' title='bbox 1380 2275 1501 2310; x_wconf 79' lang='lat' dir='ltr'>Petis-</span> 
     </span>
     <span class='ocr_line' id='line_1_30' title="bbox 9 2321 1501 2369; baseline 0 -12"><span class='ocrx_word' id='word_1_264' title='bbox 9 2322 153 2367; x_wconf 77' lang='lat' dir='ltr'>sonius,</span> <span class='ocrx_word' id='word_1_265' title='bbox 193 2323 254 2369; x_wconf 87' lang='lat' dir='ltr'>qui</span> <span class='ocrx_word' id='word_1_266' title='bbox 288 2328 326 2358; x_wconf 84' lang='lat' dir='ltr'>et</span> <span class='ocrx_word' id='word_1_267' title='bbox 352 2323 506 2360; x_wconf 77' lang='lat' dir='ltr'><strong>Pharao.</strong></span> <span class='ocrx_word' id='word_1_268' title='bbox 558 2323 616 2358; x_wconf 89' lang='lat' dir='ltr'>hic</span> <span class='ocrx_word' id='word_1_269' title='bbox 647 2335 765 2359; x_wconf 90' lang='lat' dir='ltr'>secum</span> <span class='ocrx_word' id='word_1_270' title='bbox 791 2323 916 2358; x_wconf 88' lang='lat' dir='ltr'>habuit</span> <span class='ocrx_word' id='word_1_271' title='bbox 939 2334 1061 2367; x_wconf 86' lang='lat' dir='ltr'>magos</span> <span class='ocrx_word' id='word_1_272' title='bbox 1085 2321 1228 2355; x_wconf 91' lang='lat' dir='ltr'>Iannem</span> <span class='ocrx_word' id='word_1_273' title='bbox 1254 2327 1290 2356; x_wconf 89' lang='lat' dir='ltr'>et</span> <span class='ocrx_word' id='word_1_274' title='bbox 1311 2322 1501 2357; x_wconf 73' lang='lat' dir='ltr'>lambrem-</span> 
     </span>
     <span class='ocr_line' id='line_1_31' title="bbox 8 2368 1502 2418; baseline -0.002 -14"><span class='ocrx_word' id='word_1_275' title='bbox 8 2369 78 2405; x_wconf 87' lang='lat' dir='ltr'>hoc</span> <span class='ocrx_word' id='word_1_276' title='bbox 106 2374 280 2414; x_wconf 81' lang='lat' dir='ltr'>regnante</span> <span class='ocrx_word' id='word_1_277' title='bbox 308 2371 492 2406; x_wconf 81' lang='lat' dir='ltr'><strong>admodum</strong></span> <span class='ocrx_word' id='word_1_278' title='bbox 523 2376 628 2406; x_wconf 84' lang='lat' dir='ltr'>aucta</span> <span class='ocrx_word' id='word_1_279' title='bbox 656 2377 711 2406; x_wconf 88' lang='lat' dir='ltr'>est</span> <span class='ocrx_word' id='word_1_280' title='bbox 739 2382 805 2418; x_wconf 88' lang='lat' dir='ltr'>per</span> <span class='ocrx_word' id='word_1_281' title='bbox 825 2371 1027 2416; x_wconf 87' lang='lat' dir='ltr'>Aegyptum</span> <span class='ocrx_word' id='word_1_282' title='bbox 1048 2380 1136 2414; x_wconf 88' lang='lat' dir='ltr'>gens</span> <span class='ocrx_word' id='word_1_283' title='bbox 1161 2368 1331 2402; x_wconf 86' lang='lat' dir='ltr'>Ebraica.</span> <span class='ocrx_word' id='word_1_284' title='bbox 1378 2368 1502 2402; x_wconf 84' lang='lat' dir='ltr'>Moses</span> 
     </span>
     <span class='ocr_line' id='line_1_32' title="bbox 6 2414 1504 2464; baseline -0.001 -13"><span class='ocrx_word' id='word_1_285' title='bbox 6 2422 124 2452; x_wconf 85' lang='lat' dir='ltr'>autem</span> <span class='ocrx_word' id='word_1_286' title='bbox 147 2415 330 2451; x_wconf 74' lang='lat' dir='ltr'>institutus</span> <span class='ocrx_word' id='word_1_287' title='bbox 354 2418 424 2453; x_wconf 83' lang='lat' dir='ltr'>fuit</span> <span class='ocrx_word' id='word_1_288' title='bbox 446 2418 540 2453; x_wconf 89' lang='lat' dir='ltr'>omni</span> <span class='ocrx_word' id='word_1_289' title='bbox 566 2418 824 2464; x_wconf 82' lang='lat' dir='ltr'>Aegyptiorum</span> <span class='ocrx_word' id='word_1_290' title='bbox 847 2417 1011 2452; x_wconf 86' lang='lat' dir='ltr'>scientia.</span> <span class='ocrx_word' id='word_1_291' title='bbox 1039 2414 1230 2460; x_wconf 85' lang='lat' dir='ltr'>Aegyptiis</span> <span class='ocrx_word' id='word_1_292' title='bbox 1255 2426 1343 2448; x_wconf 89' lang='lat' dir='ltr'>vero</span> <span class='ocrx_word' id='word_1_293' title='bbox 1366 2414 1504 2449; x_wconf 87' lang='lat' dir='ltr'>Ebraei</span> 
     </span>
     <span class='ocr_line' id='line_1_33' title="bbox 6 2460 1502 2510; baseline -0.001 -13"><span class='ocrx_word' id='word_1_294' title='bbox 6 2465 53 2498; x_wconf 86' lang='lat' dir='ltr'>ob</span> <span class='ocrx_word' id='word_1_295' title='bbox 77 2463 332 2499; x_wconf 79' lang='lat' dir='ltr'>multitudinem</span> <span class='ocrx_word' id='word_1_296' title='bbox 351 2464 572 2500; x_wconf 80' lang='lat' dir='ltr'>formidolosi</span> <span class='ocrx_word' id='word_1_297' title='bbox 592 2471 707 2499; x_wconf 88' lang='lat' dir='ltr'>erant.</span> <span class='ocrx_word' id='word_1_298' title='bbox 756 2463 877 2510; x_wconf 88' lang='lat' dir='ltr'>itaque</span> <span class='ocrx_word' id='word_1_299' title='bbox 897 2475 958 2498; x_wconf 87' lang='lat' dir='ltr'>eos</span> <span class='ocrx_word' id='word_1_300' title='bbox 979 2461 1152 2507; x_wconf 80' lang='lat' dir='ltr'><strong>Aegyptii</strong></span> <span class='ocrx_word' id='word_1_301' title='bbox 1177 2460 1389 2506; x_wconf 80' lang='lat' dir='ltr'>affligebant</span> <span class='ocrx_word' id='word_1_302' title='bbox 1407 2461 1502 2496; x_wconf 84' lang='lat' dir='ltr'>late-</span> 
     </span>
     <span class='ocr_line' id='line_1_34' title="bbox 5 2507 1501 2557; baseline -0.002 -13"><span class='ocrx_word' id='word_1_303' title='bbox 5 2509 106 2545; x_wconf 78' lang='lat' dir='ltr'>ribus</span> <span class='ocrx_word' id='word_1_304' title='bbox 129 2509 308 2545; x_wconf 86' lang='lat' dir='ltr'>faciundis</span> <span class='ocrx_word' id='word_1_305' title='bbox 333 2517 500 2557; x_wconf 87' lang='lat' dir='ltr'>urgentes</span> <span class='ocrx_word' id='word_1_306' title='bbox 524 2523 567 2546; x_wconf 88' lang='lat' dir='ltr'>ac</span> <span class='ocrx_word' id='word_1_307' title='bbox 587 2511 661 2546; x_wconf 89' lang='lat' dir='ltr'>luto</span> <span class='ocrx_word' id='word_1_308' title='bbox 690 2511 961 2557; x_wconf 84' lang='lat' dir='ltr'>comportando,</span> <span class='ocrx_word' id='word_1_309' title='bbox 985 2508 1233 2556; x_wconf 86' lang='lat' dir='ltr'>praeficientes</span> <span class='ocrx_word' id='word_1_310' title='bbox 1259 2519 1379 2542; x_wconf 88' lang='lat' dir='ltr'>eorum</span> <span class='ocrx_word' id='word_1_311' title='bbox 1398 2507 1501 2553; x_wconf 89' lang='lat' dir='ltr'>operi</span> 
     </span>
     <span class='ocr_line' id='line_1_35' title="bbox 8 2555 1499 2604; baseline -0.001 -13"><span class='ocrx_word' id='word_1_312' title='bbox 8 2563 195 2592; x_wconf 80' lang='lat' dir='ltr'><strong>exactores</strong></span> <span class='ocrx_word' id='word_1_313' title='bbox 226 2557 461 2604; x_wconf 87' lang='lat' dir='ltr'>importunos.</span> <span class='ocrx_word' id='word_1_314' title='bbox 518 2558 643 2593; x_wconf 82' lang='lat' dir='ltr'>Iudaei</span> <span class='ocrx_word' id='word_1_315' title='bbox 676 2558 839 2604; x_wconf 87' lang='lat' dir='ltr'><strong>oppressi</strong></span> <span class='ocrx_word' id='word_1_316' title='bbox 866 2557 1077 2603; x_wconf 84' lang='lat' dir='ltr'>gemebant3</span> <span class='ocrx_word' id='word_1_317' title='bbox 1113 2565 1304 2599; x_wconf 88' lang='lat' dir='ltr'>eorumque</span> <span class='ocrx_word' id='word_1_318' title='bbox 1330 2555 1499 2600; x_wconf 83' lang='lat' dir='ltr'>gemitum</span> 
     </span>
     <span class='ocr_line' id='line_1_36' title="bbox 5 2600 1499 2649; baseline -0.001 -12"><span class='ocrx_word' id='word_1_319' title='bbox 5 2603 130 2638; x_wconf 87' lang='lat' dir='ltr'>Moses</span> <span class='ocrx_word' id='word_1_320' title='bbox 163 2615 206 2638; x_wconf 85' lang='lat' dir='ltr'>ac</span> <span class='ocrx_word' id='word_1_321' title='bbox 236 2606 357 2639; x_wconf 80' lang='lat' dir='ltr'>Aaron</span> <span class='ocrx_word' id='word_1_322' title='bbox 384 2605 734 2649; x_wconf 75' lang='lat' dir='ltr'>animadvertebant,</span> <span class='ocrx_word' id='word_1_323' title='bbox 773 2604 1011 2649; x_wconf 83' lang='lat' dir='ltr'>auxiliumque</span> <span class='ocrx_word' id='word_1_324' title='bbox 1033 2601 1093 2637; x_wconf 92' lang='lat' dir='ltr'>dei</span> <span class='ocrx_word' id='word_1_325' title='bbox 1114 2600 1362 2646; x_wconf 83' lang='lat' dir='ltr'>implorabant.</span> <span class='ocrx_word' id='word_1_326' title='bbox 1410 2602 1499 2636; x_wconf 88' lang='lat' dir='ltr'>deus</span> 
     </span>
     <span class='ocr_line' id='line_1_37' title="bbox 5 2647 1501 2697; baseline -0.001 -13"><span class='ocrx_word' id='word_1_327' title='bbox 5 2649 102 2685; x_wconf 89' lang='lat' dir='ltr'>Mosi</span> <span class='ocrx_word' id='word_1_328' title='bbox 123 2651 308 2697; x_wconf 87' lang='lat' dir='ltr'>praecepit</span> <span class='ocrx_word' id='word_1_329' title='bbox 332 2657 373 2686; x_wconf 90' lang='lat' dir='ltr'>ut</span> <span class='ocrx_word' id='word_1_330' title='bbox 395 2654 437 2687; x_wconf 90' lang='lat' dir='ltr'>ad</span> <span class='ocrx_word' id='word_1_331' title='bbox 464 2651 682 2686; x_wconf 83' lang='lat' dir='ltr'>Pharaonem</span> <span class='ocrx_word' id='word_1_332' title='bbox 710 2652 898 2696; x_wconf 82' lang='lat' dir='ltr'>introiret,</span> <span class='ocrx_word' id='word_1_333' title='bbox 934 2660 1082 2695; x_wconf 91' lang='lat' dir='ltr'>eumque</span> <span class='ocrx_word' id='word_1_334' title='bbox 1105 2659 1168 2682; x_wconf 90' lang='lat' dir='ltr'>suo</span> <span class='ocrx_word' id='word_1_335' title='bbox 1194 2647 1335 2682; x_wconf 88' lang='lat' dir='ltr'>nomine</span> <span class='ocrx_word' id='word_1_336' title='bbox 1360 2648 1501 2683; x_wconf 88' lang='lat' dir='ltr'>iuberet</span> 
     </span>
     <span class='ocr_line' id='line_1_38' title="bbox 4 2693 1500 2743; baseline -0.001 -13"><span class='ocrx_word' id='word_1_337' title='bbox 4 2697 171 2743; x_wconf 88' lang='lat' dir='ltr'>populum</span> <span class='ocrx_word' id='word_1_338' title='bbox 195 2698 399 2734; x_wconf 80' lang='lat' dir='ltr'>Israelicum</span> <span class='ocrx_word' id='word_1_339' title='bbox 423 2699 602 2734; x_wconf 84' lang='lat' dir='ltr'>dimittere</span> <span class='ocrx_word' id='word_1_340' title='bbox 626 2699 670 2733; x_wconf 87' lang='lat' dir='ltr'>ad</span> <span class='ocrx_word' id='word_1_341' title='bbox 692 2698 822 2733; x_wconf 80' lang='lat' dir='ltr'>cultum</span> <span class='ocrx_word' id='word_1_342' title='bbox 846 2699 913 2733; x_wconf 91' lang='lat' dir='ltr'>deo</span> <span class='ocrx_word' id='word_1_343' title='bbox 937 2708 1001 2731; x_wconf 90' lang='lat' dir='ltr'>suo</span> <span class='ocrx_word' id='word_1_344' title='bbox 1024 2693 1289 2741; x_wconf 77' lang='lat' dir='ltr'>praestandum.</span> <span class='ocrx_word' id='word_1_345' title='bbox 1337 2695 1500 2740; x_wconf 83' lang='lat' dir='ltr'>aggressi</span> 
     </span>
     <span class='ocr_line' id='line_1_39' title="bbox 4 2740 1499 2791; baseline -0.002 -13"><span class='ocrx_word' id='word_1_346' title='bbox 4 2755 125 2788; x_wconf 84' lang='lat' dir='ltr'>regem</span> <span class='ocrx_word' id='word_1_347' title='bbox 149 2744 270 2779; x_wconf 88' lang='lat' dir='ltr'>Moses</span> <span class='ocrx_word' id='word_1_348' title='bbox 301 2751 338 2781; x_wconf 88' lang='lat' dir='ltr'>et</span> <span class='ocrx_word' id='word_1_349' title='bbox 360 2747 481 2781; x_wconf 86' lang='lat' dir='ltr'>Aaron</span> <span class='ocrx_word' id='word_1_350' title='bbox 509 2745 567 2780; x_wconf 90' lang='lat' dir='ltr'>dei</span> <span class='ocrx_word' id='word_1_351' title='bbox 595 2746 794 2780; x_wconf 87' lang='lat' dir='ltr'>mandatum</span> <span class='ocrx_word' id='word_1_352' title='bbox 828 2748 1081 2791; x_wconf 87' lang='lat' dir='ltr'>exposuerunt.</span> <span class='ocrx_word' id='word_1_353' title='bbox 1139 2740 1327 2787; x_wconf 86' lang='lat' dir='ltr'>respondit</span> <span class='ocrx_word' id='word_1_354' title='bbox 1358 2740 1499 2776; x_wconf 82' lang='lat' dir='ltr'>Pharao</span> 
     </span>
     <span class='ocr_line' id='line_1_40' title="bbox 5 2786 1499 2835; baseline -0.002 -11"><span class='ocrx_word' id='word_1_355' title='bbox 5 2786 62 2824; x_wconf 80' lang='lat' dir='ltr'>“si</span> <span class='ocrx_word' id='word_1_356' title='bbox 96 2803 183 2825; x_wconf 87' lang='lat' dir='ltr'>vere</span> <span class='ocrx_word' id='word_1_357' title='bbox 217 2791 306 2827; x_wconf 88' lang='lat' dir='ltr'>dicis</span> <span class='ocrx_word' id='word_1_358' title='bbox 337 2794 439 2829; x_wconf 87' lang='lat' dir='ltr'>deum</span> <span class='ocrx_word' id='word_1_359' title='bbox 468 2798 566 2828; x_wconf 88' lang='lat' dir='ltr'>tuum</span> <span class='ocrx_word' id='word_1_360' title='bbox 600 2792 687 2827; x_wconf 84' lang='lat' dir='ltr'>haec</span> <span class='ocrx_word' id='word_1_361' title='bbox 715 2792 919 2834; x_wconf 82' lang='lat' dir='ltr'>mandasse,</span> <span class='ocrx_word' id='word_1_362' title='bbox 957 2801 1040 2824; x_wconf 90' lang='lat' dir='ltr'>ecce</span> <span class='ocrx_word' id='word_1_363' title='bbox 1062 2799 1196 2823; x_wconf 89' lang='lat' dir='ltr'>mecum</span> <span class='ocrx_word' id='word_1_364' title='bbox 1219 2794 1302 2823; x_wconf 87' lang='lat' dir='ltr'>sunt</span> <span class='ocrx_word' id='word_1_365' title='bbox 1324 2787 1499 2835; x_wconf 84' lang='lat' dir='ltr'>Aegyptii</span> 
     </span>
     <span class='ocr_line' id='line_1_41' title="bbox 5 2831 1498 2886; baseline -0.002 -15"><span class='ocrx_word' id='word_1_366' title='bbox 5 2836 168 2872; x_wconf 86' lang='lat' dir='ltr'>mirifici:</span> <span class='ocrx_word' id='word_1_367' title='bbox 207 2850 270 2873; x_wconf 85' lang='lat' dir='ltr'>eos</span> <span class='ocrx_word' id='word_1_368' title='bbox 302 2840 334 2874; x_wconf 88' lang='lat' dir='ltr'>si</span> <span class='ocrx_word' id='word_1_369' title='bbox 365 2846 405 2875; x_wconf 84' lang='lat' dir='ltr'>tu</span> <span class='ocrx_word' id='word_1_370' title='bbox 437 2852 505 2886; x_wconf 87' lang='lat' dir='ltr'>ope</span> <span class='ocrx_word' id='word_1_371' title='bbox 528 2838 581 2874; x_wconf 88' lang='lat' dir='ltr'>tui</span> <span class='ocrx_word' id='word_1_372' title='bbox 604 2838 668 2874; x_wconf 76' lang='lat' dir='ltr'>vdei</span> <span class='ocrx_word' id='word_1_373' title='bbox 690 2838 844 2883; x_wconf 79' lang='lat' dir='ltr'>viceris,</span> <span class='ocrx_word' id='word_1_374' title='bbox 879 2837 1007 2871; x_wconf 81' lang='lat' dir='ltr'>faciam</span> <span class='ocrx_word' id='word_1_375' title='bbox 1033 2835 1128 2882; x_wconf 90' lang='lat' dir='ltr'>quod</span> <span class='ocrx_word' id='word_1_376' title='bbox 1150 2834 1181 2870; x_wconf 88' lang='lat' dir='ltr'>is</span> <span class='ocrx_word' id='word_1_377' title='bbox 1204 2831 1347 2869; x_wconf 86' lang='lat' dir='ltr'>iussit.”</span> <span class='ocrx_word' id='word_1_378' title='bbox 1395 2833 1498 2869; x_wconf 89' lang='lat' dir='ltr'>simul</span> 
     </span>
     <span class='ocr_line' id='line_1_42' title="bbox 4 2881 1510 2931; baseline -0.002 -13"><span class='ocrx_word' id='word_1_379' title='bbox 4 2884 175 2919; x_wconf 83' lang='lat' dir='ltr'>adversos</span> <span class='ocrx_word' id='word_1_380' title='bbox 194 2886 454 2922; x_wconf 83' lang='lat' dir='ltr'>constituerunt</span> <span class='ocrx_word' id='word_1_381' title='bbox 472 2888 516 2922; x_wconf 87' lang='lat' dir='ltr'>ab</span> <span class='ocrx_word' id='word_1_382' title='bbox 535 2897 606 2921; x_wconf 90' lang='lat' dir='ltr'>una</span> <span class='ocrx_word' id='word_1_383' title='bbox 626 2890 729 2931; x_wconf 86' lang='lat' dir='ltr'>parte</span> <span class='ocrx_word' id='word_1_384' title='bbox 747 2886 891 2920; x_wconf 87' lang='lat' dir='ltr'>Iannem</span> <span class='ocrx_word' id='word_1_385' title='bbox 911 2888 949 2918; x_wconf 87' lang='lat' dir='ltr'>et</span> <span class='ocrx_word' id='word_1_386' title='bbox 964 2883 1150 2927; x_wconf 88' lang='lat' dir='ltr'>lambrem,</span> <span class='ocrx_word' id='word_1_387' title='bbox 1171 2883 1215 2917; x_wconf 84' lang='lat' dir='ltr'>ab</span> <span class='ocrx_word' id='word_1_388' title='bbox 1234 2881 1345 2916; x_wconf 85' lang='lat' dir='ltr'>altera</span> <span class='ocrx_word' id='word_1_389' title='bbox 1360 2881 1510 2916; x_wconf 83' lang='lat' dir='ltr'>Mosem.</span> 
     </span>
     <span class='ocr_line' id='line_1_43' title="bbox 5 2929 1496 2980; baseline -0.002 -16"><span class='ocrx_word' id='word_1_390' title='bbox 5 2934 112 2976; x_wconf 85' lang='lat' dir='ltr'>atque</span> <span class='ocrx_word' id='word_1_391' title='bbox 135 2931 324 2969; x_wconf 86' lang='lat' dir='ltr'>Aaronem.</span> <span class='ocrx_word' id='word_1_392' title='bbox 381 2933 477 2980; x_wconf 84' lang='lat' dir='ltr'>magi</span> <span class='ocrx_word' id='word_1_393' title='bbox 507 2932 714 2980; x_wconf 84' lang='lat' dir='ltr'>praestigiis</span> <span class='ocrx_word' id='word_1_394' title='bbox 738 2931 812 2967; x_wconf 86' lang='lat' dir='ltr'>suis</span> <span class='ocrx_word' id='word_1_395' title='bbox 838 2930 956 2976; x_wconf 82' lang='lat' dir='ltr'>virgas</span> <span class='ocrx_word' id='word_1_396' title='bbox 979 2941 1061 2964; x_wconf 86' lang='lat' dir='ltr'>suas</span> <span class='ocrx_word' id='word_1_397' title='bbox 1086 2929 1125 2964; x_wconf 89' lang='lat' dir='ltr'>in</span> <span class='ocrx_word' id='word_1_398' title='bbox 1149 2940 1282 2974; x_wconf 85' lang='lat' dir='ltr'>angues</span> <span class='ocrx_word' id='word_1_399' title='bbox 1307 2934 1496 2962; x_wconf 77' lang='lat' dir='ltr'>converte-</span> 
     </span>
     <span class='ocr_line' id='line_1_44' title="bbox 6 2976 1497 3026; baseline -0.002 -15"><span class='ocrx_word' id='word_1_400' title='bbox 6 2983 106 3012; x_wconf 82' lang='lat' dir='ltr'>runt=</span> <span class='ocrx_word' id='word_1_401' title='bbox 137 2977 242 3024; x_wconf 83' lang='lat' dir='ltr'>virga</span> <span class='ocrx_word' id='word_1_402' title='bbox 262 2991 350 3015; x_wconf 83' lang='lat' dir='ltr'>vero</span> <span class='ocrx_word' id='word_1_403' title='bbox 373 2980 508 3026; x_wconf 81' lang='lat' dir='ltr'>Mosis,</span> <span class='ocrx_word' id='word_1_404' title='bbox 534 2981 580 3016; x_wconf 83' lang='lat' dir='ltr'>ab</span> <span class='ocrx_word' id='word_1_405' title='bbox 604 2991 647 3015; x_wconf 85' lang='lat' dir='ltr'>eo</span> <span class='ocrx_word' id='word_1_406' title='bbox 670 2979 708 3014; x_wconf 87' lang='lat' dir='ltr'>in</span> <span class='ocrx_word' id='word_1_407' title='bbox 731 2985 862 3014; x_wconf 88' lang='lat' dir='ltr'>terram</span> <span class='ocrx_word' id='word_1_408' title='bbox 883 2976 1064 3023; x_wconf 85' lang='lat' dir='ltr'>proiecta,</span> <span class='ocrx_word' id='word_1_409' title='bbox 1087 2976 1125 3011; x_wconf 87' lang='lat' dir='ltr'>in</span> <span class='ocrx_word' id='word_1_410' title='bbox 1151 2976 1318 3022; x_wconf 84' lang='lat' dir='ltr'>grandem</span> <span class='ocrx_word' id='word_1_411' title='bbox 1344 2979 1399 3010; x_wconf 88' lang='lat' dir='ltr'>est</span> <span class='ocrx_word' id='word_1_412' title='bbox 1420 2985 1497 3008; x_wconf 52' lang='lat' dir='ltr'>mua</span> 
     </span>
    </p>
   </div>
  </div>
 </body>
</html>
