<?xml version="1.0" encoding="UTF-8"?>
<!DOCTYPE html PUBLIC "-//W3C//DTD XHTML 1.0 Transitional//EN"
    "http://www.w3.org/TR/xhtml1/DTD/xhtml1-transitional.dtd">
<html xmlns="http://www.w3.org/1999/xhtml" xml:lang="en" lang="en">
 <head>
  <title>
</title>
<meta http-equiv="Content-Type" content="text/html;charset=utf-8" />
  <meta name='ocr-system' content='tesseract 3.04.00' />
  <meta name='ocr-capabilities' content='ocr_page ocr_carea ocr_par ocr_line ocrx_word'/>
</head>
<body>
  <div class='ocr_page' id='page_1' title='image "./corpusscriptorum13niebuoft_0586.png"; bbox 0 0 1742 3184; ppageno 0'>
   <div class='ocr_carea' id='block_1_1' title="bbox 188 172 1192 228">
    <p class='ocr_par' dir='ltr' id='par_1_1' title="bbox 188 172 1192 228">
     <span class='ocr_line' id='line_1_1' title="bbox 188 172 1192 228; baseline -0.011 0"><span class='ocrx_word' id='word_1_1' title='bbox 188 179 287 228; x_wconf 78' lang='lat'><strong><em>562</em></strong></span> <span class='ocrx_word' id='word_1_2' title='bbox 668 175 910 223; x_wconf 86' lang='lat' dir='ltr'>GEORGII</span> <span class='ocrx_word' id='word_1_3' title='bbox 944 172 1192 220; x_wconf 86' lang='lat' dir='ltr'><strong>GEDRENI</strong></span> 
     </span>
    </p>
   </div>
   <div class='ocr_carea' id='block_1_2' title="bbox 141 286 1742 1309">
    <p class='ocr_par' dir='ltr' id='par_1_2' title="bbox 141 286 1742 1309">
     <span class='ocr_line' id='line_1_2' title="bbox 189 286 1670 350; baseline -0.005 -12"><span class='ocrx_word' id='word_1_4' title='bbox 189 294 317 339; x_wconf 76' lang='grc' dir='ltr'><strong><em>ἅπασι</em></strong></span> <span class='ocrx_word' id='word_1_5' title='bbox 335 299 421 346; x_wconf 76' lang='grc' dir='ltr'><strong><em>τοῖς</em></strong></span> <span class='ocrx_word' id='word_1_6' title='bbox 441 295 537 338; x_wconf 78' lang='grc' dir='ltr'><strong><em>νοῦν</em></strong></span> <span class='ocrx_word' id='word_1_7' title='bbox 559 290 710 350; x_wconf 56' lang='grc' dir='ltr'><strong><em>ἔχουσι.</em></strong></span> <span class='ocrx_word' id='word_1_8' title='bbox 779 290 882 343; x_wconf 84' lang='grc' dir='ltr'><strong><em>πρὸς</em></strong></span> <span class='ocrx_word' id='word_1_9' title='bbox 901 288 952 333; x_wconf 75' lang='grc' dir='ltr'><strong><em>δὲ’</em></strong></span> <span class='ocrx_word' id='word_1_10' title='bbox 967 287 1128 340; x_wconf 78' lang='grc' dir='ltr'><strong><em>τούτοις</em></strong></span> <span class='ocrx_word' id='word_1_11' title='bbox 1147 287 1373 346; x_wconf 71' lang='grc' dir='ltr'><strong><em>λογίσασθε</em></strong></span> <span class='ocrx_word' id='word_1_12' title='bbox 1392 287 1550 332; x_wconf 73' lang='grc' dir='ltr'><strong><em>κάκεῖνο</em></strong></span> <span class='ocrx_word' id='word_1_13' title='bbox 1563 320 1576 341; x_wconf 88' lang='grc'>,</span> <span class='ocrx_word' id='word_1_14' title='bbox 1612 286 1670 338; x_wconf 80' lang='grc' dir='ltr'><strong><em>ὥς</em></strong></span> 
     </span>
     <span class='ocr_line' id='line_1_3' title="bbox 188 357 1671 424; baseline -0.007 -16"><span class='ocrx_word' id='word_1_15' title='bbox 188 363 286 422; x_wconf 70' lang='grc' dir='ltr'><strong><em>ἡμῖν</em></strong></span> <span class='ocrx_word' id='word_1_16' title='bbox 307 364 380 420; x_wconf 74' lang='grc' dir='ltr'><strong><em>μέν</em></strong></span> <span class='ocrx_word' id='word_1_17' title='bbox 400 362 542 424; x_wconf 78' lang='grc' dir='ltr'><strong><em>ῥᾴδιον</em></strong></span> <span class='ocrx_word' id='word_1_18' title='bbox 566 364 653 406; x_wconf 82' lang='grc' dir='ltr'><strong><em>ἀντὶ</em></strong></span> <span class='ocrx_word' id='word_1_19' title='bbox 674 365 747 417; x_wconf 83' lang='grc' dir='ltr'><strong><em>τῆς</em></strong></span> <span class='ocrx_word' id='word_1_20' title='bbox 765 365 863 415; x_wconf 79' lang='grc' dir='ltr'><strong><em>μιᾶς</em></strong></span> <span class='ocrx_word' id='word_1_21' title='bbox 884 357 1037 411; x_wconf 78' lang='grc' dir='ltr'><strong><em>εῗκόνος</em></strong></span> <span class='ocrx_word' id='word_1_22' title='bbox 1057 358 1212 409; x_wconf 79' lang='grc' dir='ltr'><strong><em>πολλὰς</em></strong></span> <span class='ocrx_word' id='word_1_23' title='bbox 1240 360 1538 416; x_wconf 80' lang='grc' dir='ltr'><strong><em>δημιουργῆσαι</em></strong></span> <span class='ocrx_word' id='word_1_24' title='bbox 1564 361 1671 412; x_wconf 87' lang='grc' dir='ltr'><strong><em>χαλ-</em></strong></span> 
     </span>
     <span class='ocr_line' id='line_1_4' title="bbox 191 427 1672 492; baseline -0.006 -14"><span class='ocrx_word' id='word_1_25' title='bbox 191 438 267 487; x_wconf 79' lang='grc' dir='ltr'><strong><em>κᾶς</em></strong></span> <span class='ocrx_word' id='word_1_26' title='bbox 278 467 291 487; x_wconf 88' lang='grc'>,</span> <span class='ocrx_word' id='word_1_27' title='bbox 327 433 440 492; x_wconf 74' lang='grc' dir='ltr'><strong><em>αὐτῷ</em></strong></span> <span class='ocrx_word' id='word_1_28' title='bbox 461 434 506 475; x_wconf 82' lang='grc' dir='ltr'><strong><em>δὲ</em></strong></span> <span class='ocrx_word' id='word_1_29' title='bbox 527 431 699 487; x_wconf 83' lang='grc' dir='ltr'><em>πάμπαν</em></span> <span class='ocrx_word' id='word_1_30' title='bbox 721 427 925 473; x_wconf 75' lang='grc' dir='ltr'><strong><em>ἀδύνατον</em></strong></span> <span class='ocrx_word' id='word_1_31' title='bbox 937 430 1042 485; x_wconf 71' lang='grc' dir='ltr'><strong><em>’μίαν</em></strong></span> <span class='ocrx_word' id='word_1_32' title='bbox 1060 432 1158 486; x_wconf 81' lang='grc' dir='ltr'><strong><em>γοῦν</em></strong></span> <span class='ocrx_word' id='word_1_33' title='bbox 1175 432 1255 472; x_wconf 80' lang='grc' dir='ltr'><strong><em>τῶν</em></strong></span> <span class='ocrx_word' id='word_1_34' title='bbox 1272 428 1571 486; x_wconf 69' lang='grc' dir='ltr'><strong><em>ἀναιρεθέντων</em></strong></span> <span class='ocrx_word' id='word_1_35' title='bbox 1591 429 1672 481; x_wconf 73' lang='grc' dir='ltr'><strong><em>δη·-</em></strong></span> 
     </span>
     <span class='ocr_line' id='line_1_5' title="bbox 190 496 1673 561; baseline -0.007 -13"><span class='ocrx_word' id='word_1_36' title='bbox 190 508 439 561; x_wconf 82' lang='grc' dir='ltr'><strong><em>μιουργῆσαι</em></strong></span> <span class='ocrx_word' id='word_1_37' title='bbox 459 500 620 559; x_wconf 71' lang='grc' dir='ltr'><strong><em>τρίχα.”</em></strong></span> <span class='ocrx_word' id='word_1_38' title='bbox 672 503 803 542; x_wconf 78' lang='grc' dir='ltr'><strong><em>ταῦτα</em></strong></span> <span class='ocrx_word' id='word_1_39' title='bbox 825 497 1070 550; x_wconf 77' lang='grc' dir='ltr'><strong><em>ἀκούσαντες</em></strong></span> <span class='ocrx_word' id='word_1_40' title='bbox 1092 498 1130 541; x_wconf 79' lang='grc' dir='ltr'><strong><em>οἱ</em></strong></span> <span class='ocrx_word' id='word_1_41' title='bbox 1150 496 1383 553; x_wconf 85' lang='grc' dir='ltr'><strong><em>θαυμάσιοι</em></strong></span> <span class='ocrx_word' id='word_1_42' title='bbox 1406 496 1550 554; x_wconf 77' lang='grc' dir='ltr'><strong><em>ἄνδρες</em></strong></span> <span class='ocrx_word' id='word_1_43' title='bbox 1571 496 1673 538; x_wconf 75' lang='grc' dir='ltr'><strong><em>ἐκεῖ-</em></strong></span> 
     </span>
     <span class='ocr_line' id='line_1_6' title="bbox 190 568 1708 629; baseline -0.005 -12"><span class='ocrx_word' id='word_1_44' title='bbox 190 592 254 617; x_wconf 87' lang='grc' dir='ltr'><strong><em>νοι</em></strong></span> <span class='ocrx_word' id='word_1_45' title='bbox 285 570 614 629; x_wconf 85' lang='grc' dir='ltr'><strong><em>διεπόρθμευσαν</em></strong></span> <span class='ocrx_word' id='word_1_46' title='bbox 642 569 695 613; x_wconf 73' lang='grc' dir='ltr'><strong><em>τὰ</em></strong></span> <span class='ocrx_word' id='word_1_47' title='bbox 723 569 915 627; x_wconf 73' lang='grc' dir='ltr'><strong><em>εἰρημένα</em></strong></span> <span class='ocrx_word' id='word_1_48' title='bbox 946 573 1005 627; x_wconf 77' lang='grc' dir='ltr'><strong><em>τῷ</em></strong></span> <span class='ocrx_word' id='word_1_49' title='bbox 1034 572 1202 623; x_wconf 81' lang='grc' dir='ltr'><strong><em>βασιλεῖ</em></strong></span> <span class='ocrx_word' id='word_1_50' title='bbox 1223 569 1290 610; x_wconf 84' lang='grc' dir='ltr'><strong><em>καὶ</em></strong></span> <span class='ocrx_word' id='word_1_51' title='bbox 1321 568 1396 622; x_wconf 74' lang='grc' dir='ltr'><strong><em>τὴν</em></strong></span> <span class='ocrx_word' id='word_1_52' title='bbox 1425 571 1500 610; x_wconf 71' lang='grc' dir='ltr'><strong><em>τοῦ</em></strong></span> <span class='ocrx_word' id='word_1_53' title='bbox 1532 568 1708 620; x_wconf 73' lang='grc' dir='ltr'><strong><em>θυμοῦὄ</em></strong></span> 
     </span>
     <span class='ocr_line' id='line_1_7' title="bbox 141 635 1678 698; baseline -0.007 -12"><span class='ocrx_word' id='word_1_54' title='bbox 141 649 172 685; x_wconf 90' lang='grc' dir='ltr'><strong>Β</strong></span> <span class='ocrx_word' id='word_1_55' title='bbox 196 642 444 697; x_wconf 77' lang='grc' dir='ltr'><strong><em>κατέσβεσαν</em></strong></span> <span class='ocrx_word' id='word_1_56' title='bbox 487 639 642 698; x_wconf 84' lang='grc' dir='ltr'><strong><em>φλόγα·</em></strong></span> <span class='ocrx_word' id='word_1_57' title='bbox 691 641 760 682; x_wconf 81' lang='grc' dir='ltr'><strong><em>καὶ</em></strong></span> <span class='ocrx_word' id='word_1_58' title='bbox 809 640 896 682; x_wconf 80' lang='grc' dir='ltr'><strong><em>ἀντὶ</em></strong></span> <span class='ocrx_word' id='word_1_59' title='bbox 936 642 1017 682; x_wconf 81' lang='grc' dir='ltr'><strong><em>τῶν</em></strong></span> <span class='ocrx_word' id='word_1_60' title='bbox 1054 638 1228 681; x_wconf 78' lang='grc' dir='ltr'><strong><em>ἀπειλῶν</em></strong></span> <span class='ocrx_word' id='word_1_61' title='bbox 1262 638 1421 680; x_wconf 74' lang='grc' dir='ltr'><strong><em>ἐκείνων</em></strong></span> <span class='ocrx_word' id='word_1_62' title='bbox 1457 635 1678 691; x_wconf 80' lang='grc' dir='ltr'><strong><em>ἀπολογίαν</em></strong></span> 
     </span>
     <span class='ocr_line' id='line_1_8' title="bbox 196 702 1678 770; baseline -0.007 -15"><span class='ocrx_word' id='word_1_63' title='bbox 196 712 373 770; x_wconf 67' lang='grc' dir='ltr'><strong><em>ἔγραψε,</em></strong></span> <span class='ocrx_word' id='word_1_64' title='bbox 408 710 479 760; x_wconf 79' lang='grc' dir='ltr'><strong><em>καὶ</em></strong></span> <span class='ocrx_word' id='word_1_65' title='bbox 499 713 575 764; x_wconf 85' lang='grc' dir='ltr'><strong><em>τῆς</em></strong></span> <span class='ocrx_word' id='word_1_66' title='bbox 593 709 718 765; x_wconf 82' lang='grc' dir='ltr'><strong><em>ὀργῆς</em></strong></span> <span class='ocrx_word' id='word_1_67' title='bbox 735 707 809 763; x_wconf 82' lang='grc' dir='ltr'><strong><em>τὴν</em></strong></span> <span class='ocrx_word' id='word_1_68' title='bbox 829 708 962 751; x_wconf 72' lang='grc' dir='ltr'><strong><em>αἰτίαν</em></strong></span> <span class='ocrx_word' id='word_1_69' title='bbox 980 705 1204 762; x_wconf 75' lang='grc' dir='ltr'><strong><em>ἐδήλωσεν·</em></strong></span> <span class='ocrx_word' id='word_1_70' title='bbox 1241 706 1315 749; x_wconf 76' lang='grc' dir='ltr'><strong><em>οὐκ</em></strong></span> <span class='ocrx_word' id='word_1_71' title='bbox 1344 705 1423 749; x_wconf 68' lang='grc' dir='ltr'><strong><em>ἔδει</em></strong></span> <span class='ocrx_word' id='word_1_72' title='bbox 1449 702 1528 762; x_wconf 81' lang='grc' dir='ltr'><strong><em>γάρ</em></strong></span> <span class='ocrx_word' id='word_1_73' title='bbox 1553 720 1678 762; x_wconf 83' lang='grc' dir='ltr'><strong><em>φησιν</em></strong></span> 
     </span>
     <span class='ocr_line' id='line_1_9' title="bbox 196 770 1681 837; baseline -0.007 -12"><span class='ocrx_word' id='word_1_74' title='bbox 196 783 298 837; x_wconf 66' lang='grc' dir='ltr'><strong><em>ἐμοῦ</em></strong></span> <span class='ocrx_word' id='word_1_75' title='bbox 319 777 686 834; x_wconf 77' lang='grc' dir='ltr'><strong><em>πλημμελήσαντος</em></strong></span> <span class='ocrx_word' id='word_1_76' title='bbox 708 784 878 834; x_wconf 82' lang='grc' dir='ltr'><strong><em>γυναῖκα</em></strong></span> <span class='ocrx_word' id='word_1_77' title='bbox 899 775 1034 833; x_wconf 79' lang='grc' dir='ltr'><strong><em>πᾶσης</em></strong></span> <span class='ocrx_word' id='word_1_78' title='bbox 1054 777 1258 835; x_wconf 73' lang='grc' dir='ltr'><strong><em>εὐφημίας</em></strong></span> <span class='ocrx_word' id='word_1_79' title='bbox 1280 773 1505 830; x_wconf 78' lang='grc' dir='ltr'><strong><em>ἀξιωτάτην</em></strong></span> <span class='ocrx_word' id='word_1_80' title='bbox 1529 770 1681 817; x_wconf 76' lang='grc' dir='ltr'><strong><em>τοσαύ-</em></strong></span> 
     </span>
     <span class='ocr_line' id='line_1_10' title="bbox 195 843 1682 906; baseline -0.006 -14"><span class='ocrx_word' id='word_1_81' title='bbox 195 868 269 906; x_wconf 86' lang='grc' dir='ltr'><strong><em>την</em></strong></span> <span class='ocrx_word' id='word_1_82' title='bbox 299 847 404 904; x_wconf 80' lang='grc' dir='ltr'><strong><em>μετὰ</em></strong></span> <span class='ocrx_word' id='word_1_83' title='bbox 435 848 509 903; x_wconf 76' lang='grc' dir='ltr'><strong><em>τὴν</em></strong></span> <span class='ocrx_word' id='word_1_84' title='bbox 539 847 728 902; x_wconf 81' lang='grc' dir='ltr'><strong><em>τελευτὴν</em></strong></span> <span class='ocrx_word' id='word_1_85' title='bbox 756 847 963 899; x_wconf 59' lang='grc' dir='ltr'><strong><em>δεξασθαι</em></strong></span> <span class='ocrx_word' id='word_1_86' title='bbox 985 849 1222 905; x_wconf 81' lang='grc' dir='ltr'><strong><em>παροινίαν,</em></strong></span> <span class='ocrx_word' id='word_1_87' title='bbox 1252 845 1346 888; x_wconf 74' lang='grc' dir='ltr'><strong><em>κατ’</em></strong></span> <span class='ocrx_word' id='word_1_88' title='bbox 1372 846 1473 899; x_wconf 72' lang='grc' dir='ltr'><strong><em>ἐμοῦ</em></strong></span> <span class='ocrx_word' id='word_1_89' title='bbox 1493 843 1536 886; x_wconf 80' lang='grc' dir='ltr'><strong><em>δὲ</em></strong></span> <span class='ocrx_word' id='word_1_90' title='bbox 1559 844 1682 899; x_wconf 66' lang='grc' dir='ltr'><strong><em>ἐχρῆν</em></strong></span> 
     </span>
     <span class='ocr_line' id='line_1_11' title="bbox 197 909 1741 974; baseline -0.006 -12"><span class='ocrx_word' id='word_1_91' title='bbox 197 919 268 963; x_wconf 83' lang='grc' dir='ltr'><strong><em>τὸν</em></strong></span> <span class='ocrx_word' id='word_1_92' title='bbox 287 917 426 973; x_wconf 84' lang='grc' dir='ltr'><strong><em>θυμὸν</em></strong></span> <span class='ocrx_word' id='word_1_93' title='bbox 442 917 539 968; x_wconf 77' lang='grc' dir='ltr'><strong><em>τοὺς</em></strong></span> <span class='ocrx_word' id='word_1_94' title='bbox 557 917 886 974; x_wconf 69' lang='grc' dir='ltr'><strong><em>ἀγανακτοῦντας</em></strong></span> <span class='ocrx_word' id='word_1_95' title='bbox 903 914 1081 959; x_wconf 79' lang='grc' dir='ltr'><strong><em>ὁπλίσαι.</em></strong></span> <span class='ocrx_word' id='word_1_96' title='bbox 1147 916 1414 972; x_wconf 78' lang='grc' dir='ltr'><strong><em>προστέθεικε</em></strong></span> <span class='ocrx_word' id='word_1_97' title='bbox 1431 914 1476 956; x_wconf 81' lang='grc' dir='ltr'><strong><em>δὲ</em></strong></span> <span class='ocrx_word' id='word_1_98' title='bbox 1493 911 1549 963; x_wconf 81' lang='grc' dir='ltr'><strong><em>ὡς</em></strong></span> <span class='ocrx_word' id='word_1_99' title='bbox 1565 909 1681 954; x_wconf 76' lang='grc' dir='ltr'><strong><em>ἀλύει</em></strong></span> <span class='ocrx_word' id='word_1_100' title='bbox 1697 922 1741 957; x_wconf 81' lang='lat'><strong><em>10</em></strong></span> 
     </span>
     <span class='ocr_line' id='line_1_12' title="bbox 198 980 1686 1045; baseline -0.006 -15"><span class='ocrx_word' id='word_1_101' title='bbox 198 989 267 1031; x_wconf 84' lang='grc' dir='ltr'><strong><em>καὶ</em></strong></span> <span class='ocrx_word' id='word_1_102' title='bbox 289 987 455 1030; x_wconf 62' lang='lat' dir='ltr'><strong><em>&amp;marai</em></strong></span> <span class='ocrx_word' id='word_1_103' title='bbox 472 1004 586 1038; x_wconf 91' lang='grc' dir='ltr'><strong><em>τινας</em></strong></span> <span class='ocrx_word' id='word_1_104' title='bbox 604 984 685 1029; x_wconf 73' lang='grc' dir='ltr'><strong><em>ὕπὸ</em></strong></span> <span class='ocrx_word' id='word_1_105' title='bbox 710 992 791 1030; x_wconf 79' lang='grc' dir='ltr'><strong><em>τῶν</em></strong></span> <span class='ocrx_word' id='word_1_106' title='bbox 813 985 1021 1045; x_wconf 79' lang='grc' dir='ltr'><strong><em>ἀρχόντων</em></strong></span> <span class='ocrx_word' id='word_1_107' title='bbox 1042 985 1278 1043; x_wconf 82' lang='grc' dir='ltr'><strong><em>ἀνῃρῆσθαι</em></strong></span> <span class='ocrx_word' id='word_1_108' title='bbox 1300 981 1467 1039; x_wconf 82' lang='grc' dir='ltr'><strong><em>μαθών.</em></strong></span> <span class='ocrx_word' id='word_1_109' title='bbox 1537 980 1614 1036; x_wconf 72' lang='grc' dir='ltr'><strong><em>ἐγὼ</em></strong></span> <span class='ocrx_word' id='word_1_110' title='bbox 1641 980 1686 1022; x_wconf 77' lang='grc' dir='ltr'><strong><em>δὲ</em></strong></span> 
     </span>
     <span class='ocr_line' id='line_1_13' title="bbox 198 1050 1686 1113; baseline -0.007 -12"><span class='ocrx_word' id='word_1_111' title='bbox 198 1062 331 1101; x_wconf 79' lang='grc' dir='ltr'><strong><em>ταῦτα</em></strong></span> <span class='ocrx_word' id='word_1_112' title='bbox 363 1058 605 1110; x_wconf 72' lang='grc' dir='ltr'><strong><em>διεξῆλθον,</em></strong></span> <span class='ocrx_word' id='word_1_113' title='bbox 642 1058 710 1098; x_wconf 83' lang='grc' dir='ltr'><strong><em>καὶ</em></strong></span> <span class='ocrx_word' id='word_1_114' title='bbox 741 1060 816 1100; x_wconf 76' lang='grc' dir='ltr'><strong><em>τοῦ</em></strong></span> <span class='ocrx_word' id='word_1_115' title='bbox 848 1054 1117 1113; x_wconf 79' lang='grc' dir='ltr'><strong><em>πανευφήμου</em></strong></span> <span class='ocrx_word' id='word_1_116' title='bbox 1148 1053 1395 1110; x_wconf 83' lang='grc' dir='ltr'><strong><em>μονάζοντος</em></strong></span> <span class='ocrx_word' id='word_1_117' title='bbox 1421 1050 1495 1106; x_wconf 75' lang='grc' dir='ltr'><strong><em>τὴν</em></strong></span> <span class='ocrx_word' id='word_1_118' title='bbox 1522 1065 1686 1105; x_wconf 79' lang='grc' dir='ltr'><strong><em>παρρη-</em></strong></span> 
     </span>
     <span class='ocr_line' id='line_1_14' title="bbox 199 1116 1687 1182; baseline -0.007 -13"><span class='ocrx_word' id='word_1_119' title='bbox 199 1128 295 1170; x_wconf 73' lang='grc' dir='ltr'><strong><em>σίαν</em></strong></span> <span class='ocrx_word' id='word_1_120' title='bbox 330 1126 406 1180; x_wconf 79' lang='grc' dir='ltr'><strong><em>οὐχ</em></strong></span> <span class='ocrx_word' id='word_1_121' title='bbox 436 1123 690 1182; x_wconf 72' lang='grc' dir='ltr'><strong><em>ἡγησάμενος</em></strong></span> <span class='ocrx_word' id='word_1_122' title='bbox 722 1126 877 1169; x_wconf 88' lang='grc' dir='ltr'><strong><em>δίκαιον</em></strong></span> <span class='ocrx_word' id='word_1_123' title='bbox 908 1127 1164 1182; x_wconf 78' lang='grc' dir='ltr'><strong><em>παραδοῦναι</em></strong></span> <span class='ocrx_word' id='word_1_124' title='bbox 1193 1122 1327 1178; x_wconf 80' lang='grc' dir='ltr'><strong><em>λήθῃ,</em></strong></span> <span class='ocrx_word' id='word_1_125' title='bbox 1362 1121 1430 1162; x_wconf 76' lang='grc' dir='ltr'><strong><em>καὶ</em></strong></span> <span class='ocrx_word' id='word_1_126' title='bbox 1459 1118 1530 1162; x_wconf 85' lang='grc' dir='ltr'><strong><em>τὸν</em></strong></span> <span class='ocrx_word' id='word_1_127' title='bbox 1561 1116 1687 1172; x_wconf 89' lang='grc' dir='ltr'><strong><em>νόμον</em></strong></span> 
     </span>
     <span class='ocr_line' id='line_1_15' title="bbox 202 1184 1689 1254; baseline -0.007 -15"><span class='ocrx_word' id='word_1_128' title='bbox 202 1196 348 1239; x_wconf 75' lang='grc' dir='ltr'><strong><em>ἐκεῖνον</em></strong></span> <span class='ocrx_word' id='word_1_129' title='bbox 364 1193 616 1254; x_wconf 78' lang='grc' dir='ltr'><strong><em>ὀνησιφόρον</em></strong></span> <span class='ocrx_word' id='word_1_130' title='bbox 633 1194 792 1246; x_wconf 71' lang='grc' dir='ltr'><strong><em>δεικνὺς</em></strong></span> <span class='ocrx_word' id='word_1_131' title='bbox 806 1193 854 1236; x_wconf 73' lang='grc' dir='ltr'><strong><em>ὃν</em></strong></span> <span class='ocrx_word' id='word_1_132' title='bbox 868 1192 893 1234; x_wconf 78' lang='grc' dir='ltr'><strong>ὅ</strong></span> <span class='ocrx_word' id='word_1_133' title='bbox 907 1194 1038 1248; x_wconf 82' lang='grc' dir='ltr'><strong><em>με’γας</em></strong></span> <span class='ocrx_word' id='word_1_134' title='bbox 1049 1188 1312 1248; x_wconf 80' lang='grc' dir='ltr'><strong><em>’Λμβρόσιος</em></strong></span> <span class='ocrx_word' id='word_1_135' title='bbox 1326 1192 1533 1247; x_wconf 81' lang='grc' dir='ltr'><strong><em>γραφῆναι</em></strong></span> <span class='ocrx_word' id='word_1_136' title='bbox 1551 1184 1689 1244; x_wconf 77' lang='grc' dir='ltr'><strong><em>παρῄ-</em></strong></span> 
     </span>
     <span class='ocr_line' id='line_1_16' title="bbox 201 1268 1742 1309; baseline -0.003 -1"><span class='ocrx_word' id='word_1_137' title='bbox 201 1281 328 1309; x_wconf 82' lang='grc' dir='ltr'><strong><em>νεσεν.</em></strong></span> <span class='ocrx_word' id='word_1_138' title='bbox 1700 1268 1742 1305; x_wconf 83' lang='lat'><strong><em>15</em></strong></span> 
     </span>
    </p>
   </div>
   <div class='ocr_carea' id='block_1_3' title="bbox 151 1346 1742 1964">
    <p class='ocr_par' dir='ltr' id='par_1_3' title="bbox 151 1346 1742 1964">
     <span class='ocr_line' id='line_1_17' title="bbox 151 1346 1688 1409; baseline -0.005 -11"><span class='ocrx_word' id='word_1_139' title='bbox 151 1361 183 1398; x_wconf 83' lang='lat' dir='ltr'>C</span> <span class='ocrx_word' id='word_1_140' title='bbox 216 1351 222 1356; x_wconf 55' lang='grc'><em>’</em></span> <span class='ocrx_word' id='word_1_141' title='bbox 339 1353 432 1396; x_wconf 81' lang='grc' dir='ltr'><strong><em>Ἐπὶ</em></strong></span> <span class='ocrx_word' id='word_1_142' title='bbox 452 1349 601 1396; x_wconf 75' lang='grc' dir='ltr'><strong><em>τούτου</em></strong></span> <span class='ocrx_word' id='word_1_143' title='bbox 623 1356 696 1396; x_wconf 77' lang='grc' dir='ltr'><strong><em>τοῦ</em></strong></span> <span class='ocrx_word' id='word_1_144' title='bbox 716 1349 897 1409; x_wconf 71' lang='grc' dir='ltr'><strong><em>μεγάλου</em></strong></span> <span class='ocrx_word' id='word_1_145' title='bbox 922 1347 1147 1394; x_wconf 77' lang='grc' dir='ltr'><strong><em>Θεοδοσίου</em></strong></span> <span class='ocrx_word' id='word_1_146' title='bbox 1170 1351 1238 1393; x_wconf 79' lang='grc' dir='ltr'><strong><em>καὶ</em></strong></span> <span class='ocrx_word' id='word_1_147' title='bbox 1258 1346 1284 1405; x_wconf 78' lang='grc' dir='ltr'><em>ἦ</em></span> <span class='ocrx_word' id='word_1_148' title='bbox 1306 1349 1421 1404; x_wconf 85' lang='grc' dir='ltr'><strong><em>τιμία</em></strong></span> <span class='ocrx_word' id='word_1_149' title='bbox 1440 1346 1597 1407; x_wconf 80' lang='grc' dir='ltr'><strong><em>κεφαλὴ</em></strong></span> <span class='ocrx_word' id='word_1_150' title='bbox 1617 1351 1688 1390; x_wconf 81' lang='grc' dir='ltr'><strong><em>τοῦ</em></strong></span> 
     </span>
     <span class='ocr_line' id='line_1_18' title="bbox 205 1419 1691 1480; baseline -0.007 -12"><span class='ocrx_word' id='word_1_151' title='bbox 205 1423 344 1480; x_wconf 83' lang='grc' dir='ltr'><strong><em>τιμίου</em></strong></span> <span class='ocrx_word' id='word_1_152' title='bbox 365 1420 603 1479; x_wconf 74' lang='grc' dir='ltr'><strong><em>προδρόμου</em></strong></span> <span class='ocrx_word' id='word_1_153' title='bbox 623 1426 690 1465; x_wconf 76' lang='grc' dir='ltr'><strong><em>καὶ</em></strong></span> <span class='ocrx_word' id='word_1_154' title='bbox 708 1426 935 1477; x_wconf 78' lang='grc' dir='ltr'><strong><em>βαπτιστοῦ</em></strong></span> <span class='ocrx_word' id='word_1_155' title='bbox 950 1420 1139 1464; x_wconf 81' lang='grc' dir='ltr'><strong><em>Ἰωάννου</em></strong></span> <span class='ocrx_word' id='word_1_156' title='bbox 1157 1419 1270 1475; x_wconf 74' lang='grc' dir='ltr'><strong><em>ἤχθη</em></strong></span> <span class='ocrx_word' id='word_1_157' title='bbox 1290 1420 1331 1462; x_wconf 74' lang='grc' dir='ltr'><strong><em>ἓν</em></strong></span> <span class='ocrx_word' id='word_1_158' title='bbox 1353 1420 1691 1462; x_wconf 65' lang='grc' dir='ltr'><strong><em>Κωνσταντιιου-</em></strong></span> 
     </span>
     <span class='ocr_line' id='line_1_19' title="bbox 206 1487 1692 1548; baseline -0.005 -12"><span class='ocrx_word' id='word_1_159' title='bbox 206 1493 346 1545; x_wconf 82' lang='grc' dir='ltr'><strong><em>πόλει,</em></strong></span> <span class='ocrx_word' id='word_1_160' title='bbox 384 1490 598 1548; x_wconf 70' lang='grc' dir='ltr'><strong><em>εὑρεθεῖσα</em></strong></span> <span class='ocrx_word' id='word_1_161' title='bbox 627 1492 702 1546; x_wconf 73' lang='grc' dir='ltr'><strong><em>μὲν</em></strong></span> <span class='ocrx_word' id='word_1_162' title='bbox 731 1489 927 1548; x_wconf 85' lang='grc' dir='ltr'><strong><em>πρότερον</em></strong></span> <span class='ocrx_word' id='word_1_163' title='bbox 947 1489 1061 1544; x_wconf 83' lang='grc' dir='ltr'><strong><em>παρά</em></strong></span> <span class='ocrx_word' id='word_1_164' title='bbox 1085 1506 1167 1533; x_wconf 87' lang='grc' dir='ltr'><strong><em>τισι</em></strong></span> <span class='ocrx_word' id='word_1_165' title='bbox 1188 1494 1383 1544; x_wconf 86' lang='grc' dir='ltr'><strong><em>μοναχοΐς</em></strong></span> <span class='ocrx_word' id='word_1_166' title='bbox 1399 1493 1472 1543; x_wconf 83' lang='grc' dir='ltr'><strong><em>τῆς</em></strong></span> <span class='ocrx_word' id='word_1_167' title='bbox 1489 1487 1692 1531; x_wconf 79' lang='grc' dir='ltr'><strong><em>Μακεδο-</em></strong></span> 
     </span>
     <span class='ocr_line' id='line_1_20' title="bbox 207 1555 1693 1620; baseline -0.007 -13"><span class='ocrx_word' id='word_1_168' title='bbox 207 1565 295 1607; x_wconf 85' lang='grc' dir='ltr'><strong><em>νίου</em></strong></span> <span class='ocrx_word' id='word_1_169' title='bbox 321 1561 536 1620; x_wconf 74' lang='grc' dir='ltr'><strong><em>αἱρέσεως,</em></strong></span> <span class='ocrx_word' id='word_1_170' title='bbox 574 1563 717 1612; x_wconf 71' lang='grc' dir='ltr'><strong><em>οἵτινες</em></strong></span> <span class='ocrx_word' id='word_1_171' title='bbox 740 1563 781 1612; x_wconf 73' lang='grc' dir='ltr'><strong><em>ἐξ</em></strong></span> <span class='ocrx_word' id='word_1_172' title='bbox 797 1558 1091 1618; x_wconf 85' lang='grc' dir='ltr'><strong><em>Ἱεροσολύμων</em></strong></span> <span class='ocrx_word' id='word_1_173' title='bbox 1112 1561 1168 1610; x_wconf 80' lang='grc' dir='ltr'><strong><em>εἷς</em></strong></span> <span class='ocrx_word' id='word_1_174' title='bbox 1190 1559 1380 1601; x_wconf 80' lang='grc' dir='ltr'><strong><em>Κιλικίαν</em></strong></span> <span class='ocrx_word' id='word_1_175' title='bbox 1398 1555 1588 1606; x_wconf 73' lang='grc' dir='ltr'><strong><em>ἐλθόντες</em></strong></span> <span class='ocrx_word' id='word_1_176' title='bbox 1608 1555 1693 1597; x_wconf 78' lang='grc' dir='ltr'><strong><em>διὲ-</em></strong></span> 
     </span>
     <span class='ocr_line' id='line_1_21' title="bbox 210 1623 1742 1689; baseline -0.006 -14"><span class='ocrx_word' id='word_1_177' title='bbox 210 1636 367 1689; x_wconf 83' lang='grc' dir='ltr'><strong><em>τριβον.</em></strong></span> <span class='ocrx_word' id='word_1_178' title='bbox 437 1632 685 1687; x_wconf 76' lang='grc' dir='ltr'><strong><em>Μαρδονίου</em></strong></span> <span class='ocrx_word' id='word_1_179' title='bbox 719 1631 763 1672; x_wconf 80' lang='grc' dir='ltr'><strong><em>δὲ</em></strong></span> <span class='ocrx_word' id='word_1_180' title='bbox 789 1635 863 1673; x_wconf 86' lang='grc' dir='ltr'><strong><em>τοῦ</em></strong></span> <span class='ocrx_word' id='word_1_181' title='bbox 883 1627 1078 1683; x_wconf 73' lang='grc' dir='ltr'><strong><em>εὐνούχου</em></strong></span> <span class='ocrx_word' id='word_1_182' title='bbox 1102 1632 1222 1671; x_wconf 77' lang='grc' dir='ltr'><strong><em>τοῦτο</em></strong></span> <span class='ocrx_word' id='word_1_183' title='bbox 1245 1625 1458 1683; x_wconf 83' lang='grc' dir='ltr'><strong><em>μαθόντος</em></strong></span> <span class='ocrx_word' id='word_1_184' title='bbox 1476 1627 1542 1669; x_wconf 73' lang='grc' dir='ltr'><strong><em>καὶ</em></strong></span> <span class='ocrx_word' id='word_1_185' title='bbox 1561 1623 1742 1679; x_wconf 60' lang='lat' dir='ltr'><strong><em>,anmi-20</em></strong></span> 
     </span>
     <span class='ocr_line' id='line_1_22' title="bbox 212 1695 1695 1755; baseline -0.005 -11"><span class='ocrx_word' id='word_1_186' title='bbox 212 1717 361 1750; x_wconf 87' lang='grc' dir='ltr'><strong><em>σαντος</em></strong></span> <span class='ocrx_word' id='word_1_187' title='bbox 393 1698 620 1752; x_wconf 78' lang='grc' dir='ltr'><strong><em>Οὐάλεντι,</em></strong></span> <span class='ocrx_word' id='word_1_188' title='bbox 654 1700 930 1753; x_wconf 72' lang='grc' dir='ltr'><strong><em>μετεκομίζετο</em></strong></span> <span class='ocrx_word' id='word_1_189' title='bbox 965 1699 1009 1740; x_wconf 74' lang='grc' dir='ltr'><strong><em>ἐκ</em></strong></span> <span class='ocrx_word' id='word_1_190' title='bbox 1043 1695 1302 1755; x_wconf 76' lang='grc' dir='ltr'><strong><em>προστάξεως</em></strong></span> <span class='ocrx_word' id='word_1_191' title='bbox 1333 1696 1459 1739; x_wconf 78' lang='grc' dir='ltr'><strong><em>αὐτοῦ</em></strong></span> <span class='ocrx_word' id='word_1_192' title='bbox 1494 1695 1537 1737; x_wconf 73' lang='grc' dir='ltr'><strong><em>ἓν</em></strong></span> <span class='ocrx_word' id='word_1_193' title='bbox 1570 1695 1695 1737; x_wconf 86' lang='grc' dir='ltr'><strong><em>Κων-</em></strong></span> 
     </span>
     <span class='ocr_line' id='line_1_23' title="bbox 213 1764 1697 1823; baseline -0.005 -10"><span class='ocrx_word' id='word_1_194' title='bbox 213 1767 554 1813; x_wconf 80' lang='grc' dir='ltr'><strong><em>σταντινουπόλει.</em></strong></span> <span class='ocrx_word' id='word_1_195' title='bbox 623 1766 679 1818; x_wconf 79' lang='grc' dir='ltr'><strong><em>ὥς</em></strong></span> <span class='ocrx_word' id='word_1_196' title='bbox 721 1768 765 1811; x_wconf 83' lang='grc' dir='ltr'><strong><em>δὲ</em></strong></span> <span class='ocrx_word' id='word_1_197' title='bbox 804 1769 1025 1821; x_wconf 79' lang='grc' dir='ltr'><strong><em>κατέλαβεν</em></strong></span> <span class='ocrx_word' id='word_1_198' title='bbox 1058 1768 1100 1810; x_wconf 73' lang='grc' dir='ltr'><strong><em>ἐν</em></strong></span> <span class='ocrx_word' id='word_1_199' title='bbox 1133 1764 1251 1823; x_wconf 79' lang='grc' dir='ltr'><strong><em>κώμῃ</em></strong></span> <span class='ocrx_word' id='word_1_200' title='bbox 1282 1767 1496 1808; x_wconf 85' lang='grc' dir='ltr'><strong><em>Κοσιλαοῦ</em></strong></span> <span class='ocrx_word' id='word_1_201' title='bbox 1507 1797 1521 1817; x_wconf 91' lang='grc'>,</span> <span class='ocrx_word' id='word_1_202' title='bbox 1564 1764 1697 1806; x_wconf 72' lang='grc' dir='ltr'><strong><em>οὐκέτι</em></strong></span> 
     </span>
     <span class='ocr_line' id='line_1_24' title="bbox 213 1832 1699 1893; baseline -0.004 -12"><span class='ocrx_word' id='word_1_203' title='bbox 213 1841 394 1893; x_wconf 79' lang='grc' dir='ltr'><strong><em>μετῆλθε</em></strong></span> <span class='ocrx_word' id='word_1_204' title='bbox 413 1836 459 1879; x_wconf 79' lang='grc' dir='ltr'><strong><em>τὸ</em></strong></span> <span class='ocrx_word' id='word_1_205' title='bbox 482 1835 618 1892; x_wconf 78' lang='grc' dir='ltr'><strong><em>ι’)’χημα</em></strong></span> <span class='ocrx_word' id='word_1_206' title='bbox 637 1836 707 1880; x_wconf 78' lang='grc' dir='ltr'><strong><em>τὸν</em></strong></span> <span class='ocrx_word' id='word_1_207' title='bbox 726 1834 850 1879; x_wconf 88' lang='grc' dir='ltr'><strong><em>τόπον</em></strong></span> <span class='ocrx_word' id='word_1_208' title='bbox 860 1869 873 1892; x_wconf 68' lang='grc'>,</span> <span class='ocrx_word' id='word_1_209' title='bbox 899 1837 1042 1892; x_wconf 75' lang='grc' dir='ltr'><strong><em>καίπερ</em></strong></span> <span class='ocrx_word' id='word_1_210' title='bbox 1070 1835 1225 1886; x_wconf 81' lang='grc' dir='ltr'><strong><em>πολλὰς</em></strong></span> <span class='ocrx_word' id='word_1_211' title='bbox 1242 1839 1323 1878; x_wconf 81' lang='grc' dir='ltr'><strong><em>τῶν</em></strong></span> <span class='ocrx_word' id='word_1_212' title='bbox 1341 1832 1522 1890; x_wconf 74' lang='grc' dir='ltr'><strong><em>ἡμιόνων</em></strong></span> <span class='ocrx_word' id='word_1_213' title='bbox 1546 1849 1699 1888; x_wconf 88' lang='grc' dir='ltr'><strong><em>μαστι-</em></strong></span> 
     </span>
     <span class='ocr_line' id='line_1_25' title="bbox 214 1901 1701 1964; baseline -0.003 -15"><span class='ocrx_word' id='word_1_214' title='bbox 214 1907 437 1964; x_wconf 75' lang='grc' dir='ltr'><strong><em>γουμένων.</em></strong></span> <span class='ocrx_word' id='word_1_215' title='bbox 506 1904 596 1949; x_wconf 85' lang='grc' dir='ltr'><strong><em>τότε</em></strong></span> <span class='ocrx_word' id='word_1_216' title='bbox 627 1907 701 1961; x_wconf 79' lang='grc' dir='ltr'><strong><em>μὲν</em></strong></span> <span class='ocrx_word' id='word_1_217' title='bbox 727 1901 797 1948; x_wconf 75' lang='grc' dir='ltr'><strong><em>οὗν</em></strong></span> <span class='ocrx_word' id='word_1_218' title='bbox 819 1906 999 1961; x_wconf 77' lang='grc' dir='ltr'><strong><em>ἀπετέθη</em></strong></span> <span class='ocrx_word' id='word_1_219' title='bbox 1023 1903 1049 1961; x_wconf 74' lang='grc' dir='ltr'><em>ἦ</em></span> <span class='ocrx_word' id='word_1_220' title='bbox 1075 1903 1171 1961; x_wconf 82' lang='grc' dir='ltr'><strong><em>ἁγία</em></strong></span> <span class='ocrx_word' id='word_1_221' title='bbox 1193 1904 1352 1962; x_wconf 82' lang='grc' dir='ltr'><strong><em>κεφαλὴ</em></strong></span> <span class='ocrx_word' id='word_1_222' title='bbox 1366 1905 1417 1947; x_wconf 73' lang='grc' dir='ltr'><strong><em>’ἓν</em></strong></span> <span class='ocrx_word' id='word_1_223' title='bbox 1440 1908 1492 1961; x_wconf 85' lang='grc' dir='ltr'><strong><em>τῇ</em></strong></span> <span class='ocrx_word' id='word_1_224' title='bbox 1513 1919 1701 1961; x_wconf 89' lang='grc' dir='ltr'><strong><em>προρρη-</em></strong></span> 
     </span>
    </p>
   </div>
   <div class='ocr_carea' id='block_1_4' title="bbox 215 2056 1707 2616">
    <p class='ocr_par' dir='ltr' id='par_1_4' title="bbox 215 2056 1707 2616">
     <span class='ocr_line' id='line_1_26' title="bbox 217 2056 1701 2106; baseline -0.003 -9"><span class='ocrx_word' id='word_1_225' title='bbox 217 2064 312 2097; x_wconf 84' lang='lat' dir='ltr'><strong>mata</strong></span> <span class='ocrx_word' id='word_1_226' title='bbox 345 2059 431 2095; x_wconf 83' lang='lat' dir='ltr'><strong>viva</strong></span> <span class='ocrx_word' id='word_1_227' title='bbox 464 2062 501 2094; x_wconf 83' lang='lat' dir='ltr'><strong><em>et</em></strong></span> <span class='ocrx_word' id='word_1_228' title='bbox 533 2058 672 2095; x_wconf 83' lang='lat' dir='ltr'><strong>ratione</strong></span> <span class='ocrx_word' id='word_1_229' title='bbox 731 2059 869 2095; x_wconf 82' lang='lat' dir='ltr'><strong>raedita</strong></span> <span class='ocrx_word' id='word_1_230' title='bbox 899 2059 1029 2104; x_wconf 82' lang='lat' dir='ltr'><strong>imago.</strong></span> <span class='ocrx_word' id='word_1_231' title='bbox 1077 2057 1123 2094; x_wconf 83' lang='lat' dir='ltr'><strong><em>ad</em></strong></span> <span class='ocrx_word' id='word_1_232' title='bbox 1150 2058 1238 2094; x_wconf 79' lang='lat' dir='ltr'><strong>haec</strong></span> <span class='ocrx_word' id='word_1_233' title='bbox 1259 2059 1298 2094; x_wconf 82' lang='lat' dir='ltr'><strong>id</strong></span> <span class='ocrx_word' id='word_1_234' title='bbox 1346 2070 1463 2106; x_wconf 86' lang='lat' dir='ltr'><strong>uoque</strong></span> <span class='ocrx_word' id='word_1_235' title='bbox 1484 2070 1561 2093; x_wconf 87' lang='lat' dir='ltr'><strong>cum</strong></span> <span class='ocrx_word' id='word_1_236' title='bbox 1586 2056 1701 2093; x_wconf 84' lang='lat' dir='ltr'><strong>animo</strong></span> 
     </span>
     <span class='ocr_line' id='line_1_27' title="bbox 215 2104 1700 2152; baseline -0.003 -9"><span class='ocrx_word' id='word_1_237' title='bbox 215 2111 402 2152; x_wconf 82' lang='lat' dir='ltr'><strong>reputate,</strong></span> <span class='ocrx_word' id='word_1_238' title='bbox 438 2105 533 2151; x_wconf 90' lang='lat' dir='ltr'><strong>quod</strong></span> <span class='ocrx_word' id='word_1_239' title='bbox 563 2106 666 2141; x_wconf 88' lang='lat' dir='ltr'><strong>nobis</strong></span> <span class='ocrx_word' id='word_1_240' title='bbox 715 2107 803 2141; x_wconf 84' lang='lat' dir='ltr'><strong>acile</strong></span> <span class='ocrx_word' id='word_1_241' title='bbox 827 2111 882 2142; x_wconf 83' lang='lat' dir='ltr'><strong><em>est</em></strong></span> <span class='ocrx_word' id='word_1_242' title='bbox 904 2107 982 2141; x_wconf 86' lang='lat' dir='ltr'><strong>looo</strong></span> <span class='ocrx_word' id='word_1_243' title='bbox 1007 2104 1132 2141; x_wconf 76' lang='lat' dir='ltr'><strong>unicae</strong></span> <span class='ocrx_word' id='word_1_244' title='bbox 1155 2106 1249 2141; x_wconf 86' lang='lat' dir='ltr'><strong>illius</strong></span> <span class='ocrx_word' id='word_1_245' title='bbox 1272 2118 1328 2141; x_wconf 91' lang='lat' dir='ltr'><strong>mu</strong></span> <span class='ocrx_word' id='word_1_246' title='bbox 1344 2111 1398 2140; x_wconf 85' lang='lat' dir='ltr'><strong><em>tas</em></strong></span> <span class='ocrx_word' id='word_1_247' title='bbox 1421 2104 1590 2140; x_wconf 80' lang='lat' dir='ltr'><strong>fabricari</strong></span> <span class='ocrx_word' id='word_1_248' title='bbox 1613 2105 1700 2138; x_wconf 84' lang='lat' dir='ltr'><strong>ima-</strong></span> 
     </span>
     <span class='ocr_line' id='line_1_28' title="bbox 218 2150 1702 2200; baseline -0.002 -12"><span class='ocrx_word' id='word_1_249' title='bbox 218 2154 341 2200; x_wconf 83' lang='lat' dir='ltr'><strong>gines,</strong></span> <span class='ocrx_word' id='word_1_250' title='bbox 366 2153 558 2198; x_wconf 87' lang='lat' dir='ltr'><strong>imperator</strong></span> <span class='ocrx_word' id='word_1_251' title='bbox 584 2164 668 2187; x_wconf 88' lang='lat' dir='ltr'><strong>vero</strong></span> <span class='ocrx_word' id='word_1_252' title='bbox 690 2165 734 2187; x_wconf 89' lang='lat' dir='ltr'><strong><em>ue</em></strong></span> <span class='ocrx_word' id='word_1_253' title='bbox 756 2153 862 2200; x_wconf 82' lang='lat' dir='ltr'><strong>pilum</strong></span> <span class='ocrx_word' id='word_1_254' title='bbox 887 2152 1027 2199; x_wconf 84' lang='lat' dir='ltr'><strong>quidem</strong></span> <span class='ocrx_word' id='word_1_255' title='bbox 1050 2152 1153 2187; x_wconf 90' lang='lat' dir='ltr'><strong>ullius</strong></span> <span class='ocrx_word' id='word_1_256' title='bbox 1174 2152 1366 2187; x_wconf 80' lang='lat' dir='ltr'><strong>occisorum</strong></span> <span class='ocrx_word' id='word_1_257' title='bbox 1383 2156 1500 2198; x_wconf 86' lang='lat' dir='ltr'><strong>potest</strong></span> <span class='ocrx_word' id='word_1_258' title='bbox 1514 2150 1582 2185; x_wconf 88' lang='lat' dir='ltr'><strong>ullo</strong></span> <span class='ocrx_word' id='word_1_259' title='bbox 1598 2151 1702 2185; x_wconf 89' lang='lat' dir='ltr'><strong>modo</strong></span> 
     </span>
     <span class='ocr_line' id='line_1_29' title="bbox 220 2197 1704 2245; baseline -0.003 -10"><span class='ocrx_word' id='word_1_260' title='bbox 220 2201 379 2235; x_wconf 84' lang='lat' dir='ltr'><strong>efficere.</strong></span> <span class='ocrx_word' id='word_1_261' title='bbox 429 2199 517 2234; x_wconf 82' lang='lat' dir='ltr'><strong>haec</strong></span> <span class='ocrx_word' id='word_1_262' title='bbox 540 2201 651 2234; x_wconf 85' lang='lat' dir='ltr'><strong>verba</strong></span> <span class='ocrx_word' id='word_1_263' title='bbox 674 2199 847 2245; x_wconf 83' lang='lat' dir='ltr'><strong>praeclari</strong></span> <span class='ocrx_word' id='word_1_264' title='bbox 868 2199 921 2234; x_wconf 85' lang='lat' dir='ltr'><strong>illi</strong></span> <span class='ocrx_word' id='word_1_265' title='bbox 943 2199 1012 2233; x_wconf 86' lang='lat' dir='ltr'><strong>viri</strong></span> <span class='ocrx_word' id='word_1_266' title='bbox 1036 2199 1079 2232; x_wconf 84' lang='lat' dir='ltr'><strong><em>ad</em></strong></span> <span class='ocrx_word' id='word_1_267' title='bbox 1102 2198 1350 2244; x_wconf 83' lang='lat' dir='ltr'>imperatorem</span> <span class='ocrx_word' id='word_1_268' title='bbox 1368 2198 1578 2241; x_wconf 85' lang='lat' dir='ltr'><strong>detulerunt,</strong></span> <span class='ocrx_word' id='word_1_269' title='bbox 1602 2197 1704 2231; x_wconf 84' lang='lat' dir='ltr'><strong>flam-</strong></span> 
     </span>
     <span class='ocr_line' id='line_1_30' title="bbox 220 2243 1704 2292; baseline -0.003 -11"><span class='ocrx_word' id='word_1_270' title='bbox 220 2258 381 2292; x_wconf 79' lang='lat' dir='ltr'><strong>mamque</strong></span> <span class='ocrx_word' id='word_1_271' title='bbox 415 2244 492 2280; x_wconf 82' lang='lat' dir='ltr'><strong>irae</strong></span> <span class='ocrx_word' id='word_1_272' title='bbox 525 2245 570 2279; x_wconf 88' lang='lat' dir='ltr'><strong><em>iis</em></strong></span> <span class='ocrx_word' id='word_1_273' title='bbox 603 2246 856 2280; x_wconf 77' lang='lat' dir='ltr'><strong>restinxerunt.</strong></span> <span class='ocrx_word' id='word_1_274' title='bbox 921 2257 1000 2280; x_wconf 83' lang='lat' dir='ltr'><strong><em>nam</em></strong></span> <span class='ocrx_word' id='word_1_275' title='bbox 1032 2245 1225 2290; x_wconf 85' lang='lat' dir='ltr'><strong>imperator</strong></span> <span class='ocrx_word' id='word_1_276' title='bbox 1255 2245 1333 2279; x_wconf 85' lang='lat' dir='ltr'><strong>loeo</strong></span> <span class='ocrx_word' id='word_1_277' title='bbox 1363 2244 1532 2279; x_wconf 83' lang='lat' dir='ltr'><strong>minarum</strong></span> <span class='ocrx_word' id='word_1_278' title='bbox 1556 2243 1704 2278; x_wconf 81' lang='lat' dir='ltr'><strong>istarum</strong></span> 
     </span>
     <span class='ocr_line' id='line_1_31' title="bbox 221 2286 1705 2339; baseline -0.003 -11"><span class='ocrx_word' id='word_1_279' title='bbox 221 2292 468 2339; x_wconf 81' lang='lat' dir='ltr'><strong>purgationem</strong></span> <span class='ocrx_word' id='word_1_280' title='bbox 492 2291 636 2337; x_wconf 87' lang='lat' dir='ltr'><strong>scripsit</strong></span> <span class='ocrx_word' id='word_1_281' title='bbox 658 2293 803 2338; x_wconf 84' lang='lat' dir='ltr'><strong>iraeque</strong></span> <span class='ocrx_word' id='word_1_282' title='bbox 826 2304 963 2327; x_wconf 78' lang='lat' dir='ltr'><strong>causam</strong></span> <span class='ocrx_word' id='word_1_283' title='bbox 989 2292 1249 2336; x_wconf 77' lang='lat' dir='ltr'><strong>manifestavit,</strong></span> <span class='ocrx_word' id='word_1_284' title='bbox 1281 2288 1399 2326; x_wconf 75' lang='lat' dir='ltr'><strong>“non”</strong></span> <span class='ocrx_word' id='word_1_285' title='bbox 1431 2290 1595 2336; x_wconf 81' lang='lat' dir='ltr'><strong>inquiens</strong></span> <span class='ocrx_word' id='word_1_286' title='bbox 1625 2286 1705 2324; x_wconf 81' lang='lat' dir='ltr'><strong>“me</strong></span> 
     </span>
     <span class='ocr_line' id='line_1_32' title="bbox 221 2336 1707 2384; baseline -0.002 -11"><span class='ocrx_word' id='word_1_287' title='bbox 221 2339 460 2384; x_wconf 84' lang='lat' dir='ltr'><strong>delinquente,</strong></span> <span class='ocrx_word' id='word_1_288' title='bbox 483 2338 565 2372; x_wconf 88' lang='lat' dir='ltr'><strong>ideo</strong></span> <span class='ocrx_word' id='word_1_289' title='bbox 586 2343 685 2373; x_wconf 81' lang='lat' dir='ltr'><strong>tanta</strong></span> <span class='ocrx_word' id='word_1_290' title='bbox 707 2338 916 2374; x_wconf 82' lang='lat' dir='ltr'><strong>contumelia</strong></span> <span class='ocrx_word' id='word_1_291' title='bbox 936 2338 1060 2373; x_wconf 86' lang='lat' dir='ltr'><strong>debuit</strong></span> <span class='ocrx_word' id='word_1_292' title='bbox 1079 2343 1161 2384; x_wconf 88' lang='lat' dir='ltr'><strong>post</strong></span> <span class='ocrx_word' id='word_1_293' title='bbox 1183 2341 1328 2372; x_wconf 88' lang='lat' dir='ltr'><strong>mortem</strong></span> <span class='ocrx_word' id='word_1_294' title='bbox 1351 2336 1447 2372; x_wconf 77' lang='lat' dir='ltr'><strong>affici</strong></span> <span class='ocrx_word' id='word_1_295' title='bbox 1469 2336 1592 2371; x_wconf 86' lang='lat' dir='ltr'><strong>mulier</strong></span> <span class='ocrx_word' id='word_1_296' title='bbox 1613 2336 1707 2370; x_wconf 90' lang='lat' dir='ltr'><strong>omni</strong></span> 
     </span>
     <span class='ocr_line' id='line_1_33' title="bbox 220 2379 1707 2430; baseline -0.002 -11"><span class='ocrx_word' id='word_1_297' title='bbox 220 2385 325 2420; x_wconf 86' lang='lat' dir='ltr'><strong>laude</strong></span> <span class='ocrx_word' id='word_1_298' title='bbox 361 2384 586 2429; x_wconf 76' lang='lat' dir='ltr'><strong>dignissimat</strong></span> <span class='ocrx_word' id='word_1_299' title='bbox 621 2385 660 2419; x_wconf 90' lang='lat' dir='ltr'><strong>in</strong></span> <span class='ocrx_word' id='word_1_300' title='bbox 694 2396 748 2420; x_wconf 88' lang='lat' dir='ltr'><strong>me</strong></span> <span class='ocrx_word' id='word_1_301' title='bbox 780 2385 898 2430; x_wconf 89' lang='lat' dir='ltr'><strong>potius</strong></span> <span class='ocrx_word' id='word_1_302' title='bbox 930 2384 1054 2419; x_wconf 84' lang='lat' dir='ltr'><strong>debuit</strong></span> <span class='ocrx_word' id='word_1_303' title='bbox 1082 2385 1138 2419; x_wconf 84' lang='lat' dir='ltr'><strong>ira</strong></span> <span class='ocrx_word' id='word_1_304' title='bbox 1168 2384 1425 2430; x_wconf 80' lang='lat' dir='ltr'><strong>indignantium</strong></span> <span class='ocrx_word' id='word_1_305' title='bbox 1459 2379 1707 2417; x_wconf 80' lang='lat' dir='ltr'><strong>debacchari.”</strong></span> 
     </span>
     <span class='ocr_line' id='line_1_34' title="bbox 221 2429 1706 2485; baseline -0.003 -19"><span class='ocrx_word' id='word_1_306' title='bbox 221 2430 361 2466; x_wconf 81' lang='lat' dir='ltr'><strong>addidit</strong></span> <span class='ocrx_word' id='word_1_307' title='bbox 383 2430 489 2465; x_wconf 82' lang='lat' dir='ltr'><strong>etiam</strong></span> <span class='ocrx_word' id='word_1_308' title='bbox 513 2431 670 2476; x_wconf 85' lang='lat' dir='ltr'><strong>graviter</strong></span> <span class='ocrx_word' id='word_1_309' title='bbox 694 2443 734 2466; x_wconf 86' lang='lat' dir='ltr'><strong><em>se</em></strong></span> <span class='ocrx_word' id='word_1_310' title='bbox 757 2431 972 2477; x_wconf 82' lang='lat' dir='ltr'><strong>molesteque</strong></span> <span class='ocrx_word' id='word_1_311' title='bbox 996 2431 1091 2466; x_wconf 78' lang='lat' dir='ltr'><strong>ferre</strong></span> <span class='ocrx_word' id='word_1_312' title='bbox 1107 2431 1283 2477; x_wconf 81' lang='lat' dir='ltr'><strong>&#39;quosdam</strong></span> <span class='ocrx_word' id='word_1_313' title='bbox 1309 2442 1330 2464; x_wconf 81' lang='lat' dir='ltr'><strong>a</strong></span> <span class='ocrx_word' id='word_1_314' title='bbox 1352 2429 1545 2485; x_wconf 70' lang='lat' dir='ltr'><strong>praesectis</strong></span> <span class='ocrx_word' id='word_1_315' title='bbox 1570 2429 1706 2463; x_wconf 86' lang='lat' dir='ltr'><strong>occisos</strong></span> 
     </span>
     <span class='ocr_line' id='line_1_35' title="bbox 224 2474 1706 2523; baseline -0.002 -11"><span class='ocrx_word' id='word_1_316' title='bbox 224 2489 316 2512; x_wconf 85' lang='lat' dir='ltr'><strong>esse.</strong></span> <span class='ocrx_word' id='word_1_317' title='bbox 365 2476 453 2511; x_wconf 85' lang='lat' dir='ltr'><strong>haec</strong></span> <span class='ocrx_word' id='word_1_318' title='bbox 476 2489 543 2522; x_wconf 86' lang='lat' dir='ltr'><strong>ego</strong></span> <span class='ocrx_word' id='word_1_319' title='bbox 568 2478 853 2522; x_wconf 82' lang='lat' dir='ltr'><strong>commemoravi,</strong></span> <span class='ocrx_word' id='word_1_320' title='bbox 889 2483 962 2512; x_wconf 90' lang='lat' dir='ltr'><strong><em>tum</em></strong></span> <span class='ocrx_word' id='word_1_321' title='bbox 996 2478 1079 2523; x_wconf 84' lang='lat' dir='ltr'><strong>quia</strong></span> <span class='ocrx_word' id='word_1_322' title='bbox 1109 2476 1327 2513; x_wconf 86' lang='lat' dir='ltr'><strong>celeberrimi</strong></span> <span class='ocrx_word' id='word_1_323' title='bbox 1351 2476 1455 2511; x_wconf 80' lang='lat' dir='ltr'><strong>istius</strong></span> <span class='ocrx_word' id='word_1_324' title='bbox 1478 2475 1638 2510; x_wconf 82' lang='lat' dir='ltr'><strong>monachi</strong></span> <span class='ocrx_word' id='word_1_325' title='bbox 1661 2474 1706 2508; x_wconf 83' lang='lat' dir='ltr'><strong>li·</strong></span> 
     </span>
     <span class='ocr_line' id='line_1_36' title="bbox 223 2522 1706 2571; baseline -0.003 -12"><span class='ocrx_word' id='word_1_326' title='bbox 223 2524 344 2559; x_wconf 83' lang='lat' dir='ltr'><strong>bertas</strong></span> <span class='ocrx_word' id='word_1_327' title='bbox 368 2522 454 2557; x_wconf 83' lang='lat' dir='ltr'><strong>mihi</strong></span> <span class='ocrx_word' id='word_1_328' title='bbox 476 2523 618 2559; x_wconf 86' lang='lat' dir='ltr'><strong>silentio</strong></span> <span class='ocrx_word' id='word_1_329' title='bbox 644 2535 714 2559; x_wconf 89' lang='lat' dir='ltr'><strong><em>non</em></strong></span> <span class='ocrx_word' id='word_1_330' title='bbox 736 2524 924 2559; x_wconf 76' lang='lat' dir='ltr'><strong>videbatur</strong></span> <span class='ocrx_word' id='word_1_331' title='bbox 947 2524 1040 2559; x_wconf 89' lang='lat' dir='ltr'><strong>iuste</strong></span> <span class='ocrx_word' id='word_1_332' title='bbox 1063 2535 1169 2571; x_wconf 89' lang='lat' dir='ltr'><strong>posse</strong></span> <span class='ocrx_word' id='word_1_333' title='bbox 1188 2522 1398 2569; x_wconf 82' lang='lat' dir='ltr'><strong>praeteriri,</strong></span> <span class='ocrx_word' id='word_1_334' title='bbox 1425 2526 1499 2557; x_wconf 87' lang='lat' dir='ltr'><strong><em>tum</em></strong></span> <span class='ocrx_word' id='word_1_335' title='bbox 1523 2527 1563 2556; x_wconf 89' lang='lat' dir='ltr'><strong><em>ut</em></strong></span> <span class='ocrx_word' id='word_1_336' title='bbox 1585 2526 1706 2556; x_wconf 84' lang='lat' dir='ltr'><strong>osten-</strong></span> 
     </span>
     <span class='ocr_line' id='line_1_37' title="bbox 224 2567 1606 2616; baseline -0.002 -11"><span class='ocrx_word' id='word_1_337' title='bbox 224 2570 344 2605; x_wconf 86' lang='lat' dir='ltr'><strong>derem</strong></span> <span class='ocrx_word' id='word_1_338' title='bbox 368 2569 556 2605; x_wconf 76' lang='lat' dir='ltr'><strong>utilitatem</strong></span> <span class='ocrx_word' id='word_1_339' title='bbox 578 2570 667 2616; x_wconf 84' lang='lat' dir='ltr'><strong>legis</strong></span> <span class='ocrx_word' id='word_1_340' title='bbox 696 2570 771 2605; x_wconf 88' lang='lat' dir='ltr'><strong>eius</strong></span> <span class='ocrx_word' id='word_1_341' title='bbox 794 2582 885 2616; x_wconf 82' lang='lat' dir='ltr'><strong>quae</strong></span> <span class='ocrx_word' id='word_1_342' title='bbox 907 2582 1032 2616; x_wconf 81' lang='lat' dir='ltr'><strong>magno</strong></span> <span class='ocrx_word' id='word_1_343' title='bbox 1055 2570 1239 2606; x_wconf 85' lang='lat' dir='ltr'><strong>Ambrosio</strong></span> <span class='ocrx_word' id='word_1_344' title='bbox 1263 2575 1408 2604; x_wconf 80' lang='lat' dir='ltr'><strong>auctore</strong></span> <span class='ocrx_word' id='word_1_345' title='bbox 1430 2568 1502 2604; x_wconf 82' lang='lat' dir='ltr'><strong>lata</strong></span> <span class='ocrx_word' id='word_1_346' title='bbox 1523 2567 1606 2603; x_wconf 83' lang='lat' dir='ltr'><strong>fuit.</strong></span> 
     </span>
    </p>
   </div>
   <div class='ocr_carea' id='block_1_5' title="bbox 227 2636 1709 2921">
    <p class='ocr_par' dir='ltr' id='par_1_5' title="bbox 227 2636 1709 2921">
     <span class='ocr_line' id='line_1_38' title="bbox 317 2636 1709 2686; baseline -0.001 -14"><span class='ocrx_word' id='word_1_347' title='bbox 317 2637 523 2674; x_wconf 82' lang='lat' dir='ltr'><strong>Theodosio</strong></span> <span class='ocrx_word' id='word_1_348' title='bbox 546 2639 742 2686; x_wconf 82' lang='lat' dir='ltr'><strong>imperante.</strong></span> <span class='ocrx_word' id='word_1_349' title='bbox 763 2639 867 2674; x_wconf 84' lang='lat' dir='ltr'><strong>etiam</strong></span> <span class='ocrx_word' id='word_1_350' title='bbox 890 2639 1128 2675; x_wconf 84' lang='lat' dir='ltr'><strong>venerandum</strong></span> <span class='ocrx_word' id='word_1_351' title='bbox 1143 2642 1249 2684; x_wconf 80' lang='lat' dir='ltr'><strong>caput</strong></span> <span class='ocrx_word' id='word_1_352' title='bbox 1263 2637 1426 2682; x_wconf 81' lang='lat' dir='ltr'><strong>Ioannis,</strong></span> <span class='ocrx_word' id='word_1_353' title='bbox 1450 2636 1586 2672; x_wconf 83' lang='lat' dir='ltr'><strong>Christi</strong></span> <span class='ocrx_word' id='word_1_354' title='bbox 1603 2648 1709 2683; x_wconf 84' lang='lat' dir='ltr'><strong>prae-</strong></span> 
     </span>
     <span class='ocr_line' id='line_1_39' title="bbox 229 2684 1708 2732; baseline 0.001 -16"><span class='ocrx_word' id='word_1_355' title='bbox 229 2684 382 2718; x_wconf 81' lang='lat' dir='ltr'><strong>cursoris</strong></span> <span class='ocrx_word' id='word_1_356' title='bbox 409 2697 450 2719; x_wconf 83' lang='lat' dir='ltr'><strong><em>ac</em></strong></span> <span class='ocrx_word' id='word_1_357' title='bbox 472 2687 669 2732; x_wconf 77' lang='lat' dir='ltr'><strong>baptistae,</strong></span> <span class='ocrx_word' id='word_1_358' title='bbox 695 2686 823 2732; x_wconf 90' lang='lat' dir='ltr'><strong>Cpolin</strong></span> <span class='ocrx_word' id='word_1_359' title='bbox 847 2686 984 2722; x_wconf 74' lang='lat' dir='ltr'><strong>allatum</strong></span> <span class='ocrx_word' id='word_1_360' title='bbox 1010 2691 1082 2730; x_wconf 86' lang='lat' dir='ltr'><strong>est,</strong></span> <span class='ocrx_word' id='word_1_361' title='bbox 1104 2685 1284 2720; x_wconf 82' lang='lat' dir='ltr'><strong>inventum</strong></span> <span class='ocrx_word' id='word_1_362' title='bbox 1301 2684 1473 2729; x_wconf 81' lang='lat' dir='ltr'><strong>quondam</strong></span> <span class='ocrx_word' id='word_1_363' title='bbox 1489 2684 1582 2730; x_wconf 84' lang='lat' dir='ltr'><strong>apud</strong></span> <span class='ocrx_word' id='word_1_364' title='bbox 1600 2694 1708 2729; x_wconf 83' lang='lat' dir='ltr'><strong>quos-</strong></span> 
     </span>
     <span class='ocr_line' id='line_1_40' title="bbox 229 2729 1709 2779; baseline 0 -16"><span class='ocrx_word' id='word_1_365' title='bbox 229 2729 307 2763; x_wconf 77' lang='lat' dir='ltr'><strong><em>dam</em></strong></span> <span class='ocrx_word' id='word_1_366' title='bbox 343 2732 530 2768; x_wconf 81' lang='lat' dir='ltr'><strong>monachos</strong></span> <span class='ocrx_word' id='word_1_367' title='bbox 562 2732 858 2778; x_wconf 83' lang='lat' dir='ltr'><strong>Macedonianos,</strong></span> <span class='ocrx_word' id='word_1_368' title='bbox 896 2733 955 2779; x_wconf 93' lang='lat' dir='ltr'><strong><em>qui</em></strong></span> <span class='ocrx_word' id='word_1_369' title='bbox 978 2731 1235 2778; x_wconf 74' lang='lat' dir='ltr'><strong>Hierosolymis</strong></span> <span class='ocrx_word' id='word_1_370' title='bbox 1259 2732 1409 2776; x_wconf 82' lang='lat' dir='ltr'><strong>profecti</strong></span> <span class='ocrx_word' id='word_1_371' title='bbox 1434 2731 1472 2766; x_wconf 89' lang='lat' dir='ltr'><strong>in</strong></span> <span class='ocrx_word' id='word_1_372' title='bbox 1495 2730 1622 2765; x_wconf 81' lang='lat' dir='ltr'><strong>Cilicia</strong></span> <span class='ocrx_word' id='word_1_373' title='bbox 1643 2730 1709 2764; x_wconf 82' lang='lat' dir='ltr'><strong>de-</strong></span> 
     </span>
     <span class='ocr_line' id='line_1_41' title="bbox 230 2776 1707 2825; baseline 0.001 -17"><span class='ocrx_word' id='word_1_374' title='bbox 230 2776 371 2819; x_wconf 84' lang='lat' dir='ltr'><strong>gebant.</strong></span> <span class='ocrx_word' id='word_1_375' title='bbox 420 2778 503 2813; x_wconf 87' lang='lat' dir='ltr'><strong>iude</strong></span> <span class='ocrx_word' id='word_1_376' title='bbox 537 2791 559 2813; x_wconf 79' lang='lat' dir='ltr'>a</span> <span class='ocrx_word' id='word_1_377' title='bbox 588 2779 755 2825; x_wconf 81' lang='lat' dir='ltr'><strong>Valente,</strong></span> <span class='ocrx_word' id='word_1_378' title='bbox 790 2791 866 2815; x_wconf 86' lang='lat' dir='ltr'><strong>cum</strong></span> <span class='ocrx_word' id='word_1_379' title='bbox 891 2785 986 2815; x_wconf 86' lang='lat' dir='ltr'><strong>esset</strong></span> <span class='ocrx_word' id='word_1_380' title='bbox 1009 2791 1052 2814; x_wconf 81' lang='lat' dir='ltr'><strong>ea</strong></span> <span class='ocrx_word' id='word_1_381' title='bbox 1075 2779 1119 2814; x_wconf 88' lang='lat' dir='ltr'><strong>de</strong></span> <span class='ocrx_word' id='word_1_382' title='bbox 1141 2790 1181 2813; x_wconf 88' lang='lat' dir='ltr'><strong>re</strong></span> <span class='ocrx_word' id='word_1_383' title='bbox 1205 2790 1226 2813; x_wconf 84' lang='lat' dir='ltr'><strong>a</strong></span> <span class='ocrx_word' id='word_1_384' title='bbox 1248 2776 1435 2812; x_wconf 69' lang='lat' dir='ltr'><strong>Mardonia</strong></span> <span class='ocrx_word' id='word_1_385' title='bbox 1458 2776 1616 2812; x_wconf 88' lang='lat' dir='ltr'><strong>eunucho</strong></span> <span class='ocrx_word' id='word_1_386' title='bbox 1642 2776 1707 2810; x_wconf 78' lang='lat' dir='ltr'><strong>ad·-</strong></span> 
     </span>
     <span class='ocr_line' id='line_1_42' title="bbox 229 2821 1707 2875; baseline 0.001 -21"><span class='ocrx_word' id='word_1_387' title='bbox 229 2821 400 2875; x_wconf 72' lang='lat' dir='ltr'><strong>monitus,</strong></span> <span class='ocrx_word' id='word_1_388' title='bbox 425 2824 554 2869; x_wconf 88' lang='lat' dir='ltr'><strong>Cpolin</strong></span> <span class='ocrx_word' id='word_1_389' title='bbox 573 2825 704 2861; x_wconf 86' lang='lat' dir='ltr'><strong>iussum</strong></span> <span class='ocrx_word' id='word_1_390' title='bbox 726 2826 828 2872; x_wconf 84' lang='lat' dir='ltr'><strong>vehi,</strong></span> <span class='ocrx_word' id='word_1_391' title='bbox 850 2838 927 2862; x_wconf 92' lang='lat' dir='ltr'><strong>cum</strong></span> <span class='ocrx_word' id='word_1_392' title='bbox 951 2827 995 2861; x_wconf 82' lang='lat' dir='ltr'><strong><em>ad</em></strong></span> <span class='ocrx_word' id='word_1_393' title='bbox 1019 2837 1146 2871; x_wconf 81' lang='lat' dir='ltr'><strong>pagum</strong></span> <span class='ocrx_word' id='word_1_394' title='bbox 1167 2824 1223 2860; x_wconf 88' lang='lat' dir='ltr'><strong><em>cui</em></strong></span> <span class='ocrx_word' id='word_1_395' title='bbox 1243 2823 1377 2859; x_wconf 84' lang='lat' dir='ltr'><strong>Cosilai</strong></span> <span class='ocrx_word' id='word_1_396' title='bbox 1398 2835 1523 2859; x_wconf 88' lang='lat' dir='ltr'><strong>nomen</strong></span> <span class='ocrx_word' id='word_1_397' title='bbox 1547 2828 1602 2858; x_wconf 87' lang='lat' dir='ltr'><strong><em>est</em></strong></span> <span class='ocrx_word' id='word_1_398' title='bbox 1621 2833 1707 2868; x_wconf 83' lang='lat' dir='ltr'><strong>per-</strong></span> 
     </span>
     <span class='ocr_line' id='line_1_43' title="bbox 227 2867 1707 2921; baseline 0.001 -19"><span class='ocrx_word' id='word_1_399' title='bbox 227 2873 387 2905; x_wconf 72' lang='lat' dir='ltr'><strong>venisset</strong></span> <span class='ocrx_word' id='word_1_400' title='bbox 406 2870 614 2919; x_wconf 83' lang='lat' dir='ltr'><strong>vehiculum,</strong></span> <span class='ocrx_word' id='word_1_401' title='bbox 638 2884 745 2920; x_wconf 85' lang='lat' dir='ltr'><strong>porro</strong></span> <span class='ocrx_word' id='word_1_402' title='bbox 767 2874 936 2921; x_wconf 85' lang='lat' dir='ltr'><strong>progredi</strong></span> <span class='ocrx_word' id='word_1_403' title='bbox 956 2871 1142 2909; x_wconf 84' lang='lat' dir='ltr'><strong>noluerunt</strong></span> <span class='ocrx_word' id='word_1_404' title='bbox 1161 2870 1287 2917; x_wconf 82' lang='lat' dir='ltr'><strong>mulae,</strong></span> <span class='ocrx_word' id='word_1_405' title='bbox 1312 2869 1534 2918; x_wconf 76' lang='lat' dir='ltr'><strong>quantumvis</strong></span> <span class='ocrx_word' id='word_1_406' title='bbox 1556 2867 1707 2916; x_wconf 80' lang='lat' dir='ltr'><strong>flagellis</strong></span> 
     </span>
    </p>
   </div>
  </div>
 </body>
</html>
