1742 3184
197 175 263 225 78
574 178 576 180 ’
683 175 926 222 GEORGII
961 175 1209 221 CEDRENI

198 291 424 355 ἅνθρωπός
442 295 527 340 ἔστι
549 295 653 355 ζῷον
672 294 836 352 λογικὸν
855 290 1032 350 θνητόν,
1065 291 1094 350 ἦ
1115 294 1159 337 δὲ
1176 294 1276 337 θεία
1293 290 1694 353 γραφὴμοῦχοῧτως,

198 367 296 411 ἀλλ’
332 364 555 424 ἅνθρωπός
587 367 677 410 ἐστι
702 363 928 421 θεοσεβής,
961 363 1197 420 ἄμεμπτος,
1233 366 1409 418 δίκαιος,
1445 363 1696 420 ἀπεχόμενος

197 438 279 482 ἀπὸ
312 437 464 488 παντὸς
492 440 676 494 πονηροῦ
703 434 945 492 πράγματος
951 467 969 488 ,-
991 433 1049 487 ὡς
1071 434 1140 493 ὅγε
1160 433 1322 486 τούτοις
1343 435 1405 491 μὴ
1426 452 1694 493 μεμαρτυρη-

196 509 320 564 μένος
342 508 436 551 οὐδὲ
455 505 680 564 ἅνθρωπος
697 506 803 549 ἀλλὰ
825 511 971 561 κτῆνος
991 506 1112 550 ἐστίν.
1183 505 1256 554 ἐὰν
1278 505 1358 564 γὰρ
1377 505 1458 565 ἔχῃ
1467 505 1541 551 τὸν
1555 522 1696 564 χαρα-

197 584 329 636 κτῆρα
359 582 433 634 τῆς
462 575 626 636 φύσεως
654 575 813 634 ὑβρίζῃ
838 575 883 619 δὲ
915 574 1044 620 aaran«
1069 580 1121 635 τῇ
1149 577 1275 637 κακίᾳ
1306 580 1382 632 τῆς
1402 577 1735 635 προαιρέσεως,’ὶ

196 648 416 693 ἀκούσεται
448 647 564 706 παρὰ
593 652 667 690 τοῦ
700 645 915 705 προφήτου
946 647 1133 704 λέγοντος
1158 645 1417 705 “ἀ’νθρωπος
1443 648 1489 690 ἐν
1514 651 1614 705 τιμῇ
1639 645 1698 690 ὢν

199 720 248 763 οὐ
292 724 464 776 συνῆκε,
512 716 866 775 παρασυνεβλήθη
908 724 1001 769 τοῖς
1033 716 1196 773 κτήνεσι
1239 724 1326 769 τοῖς
1365 715 1580 774 ἀνοήτοις,
1627 718 1707 760 καὶἸ

199 788 402 846 ὡμοιώθη
421 788 603 839 αὐτοῖς.’”
677 787 814 845 ὥσπερ
841 789 977 831 τοίνυν
997 790 1065 831 καὶ
1087 786 1203 844 ἡμεῖς
1225 787 1541 839 ἀποστέλλοντες
1558 787 1649 831 υἷόν
1669 785 1699 843 ἢ

77 864 109 901 P
130 863 179 901 44
202 861 359 916 οἷκέτην
383 861 451 903 ἐπί
470 876 561 902 τινα
584 861 735 917 πρᾶξιν
764 860 932 916 λέγομεν
960 857 1050 910 “aig
1087 855 1312 915 ἄνθρωπος
1344 857 1459 914 ἅψαι
1486 862 1562 914 τῆςΙ
1588 856 1701 916 πρά-

202 930 334 984 ξεως”
373 932 440 973 καὶ
475 930 521 972 τὸ
558 923 693 972 κοινὸν
720 928 957 984 ποιούμεθα
984 929 1111 982 ἴδιον,
1148 927 1279 980 οὕτως
1300 931 1336 972 εἶ
1356 931 1424 972 καὶ
1447 927 1595 980 πάντες
1625 926 1699 971 ἄν-
1710 932 1742 968 l(

203 1006 369 1061 θρωποι
390 1000 573 1058 λέγονται
582 1028 602 1052 ,v
631 997 757 1054 μόνος
776 1001 924 1052 ἐκεῖνος
946 999 1118 1055 ἀληθῶς
1137 1001 1246 1043 ἐστὶν
1263 997 1284 1043 ὃ
1305 999 1379 1056 τὴν
1401 999 1537 1043 εἰκόνα
1559 998 1701 1052 σώζων

205 1074 273 1116 καὶ
292 1071 338 1114 τὸ
357 1069 626 1128 πρωτότυπον
646 1070 705 1126 μὴ
729 1070 950 1129 ἀφανίζων.
1022 1068 1128 1114 εἶπεν
1150 1065 1222 1113 οὖν
1242 1069 1314 1113 τὸν
1337 1070 1444 1125 Ἰὼβ
1476 1069 1702 1127 ἄνθρωπον

206 1145 274 1186 καὶ
294 1141 374 1185 ἀπὸ
394 1146 468 1197 τῆς
487 1141 714 1192 Αὐσίτιόος
726 1140 890 1200 χώρας,
923 1140 1035 1192 ὅπως
1053 1143 1098 1184 ἐκ
1116 1145 1190 1197 τῆς
1207 1139 1401 1197 κομώσης
1415 1146 1490 1198 γῆς
1509 1140 1584 1197 τὴν
1603 1139 1701 1183 ἀσέ-

204 1218 321 1269 βειαν
341 1211 412 1255 τὸν
430 1212 589 1270 καρπὸν
606 1211 864 1267 ἀνυμνήσεις.
937 1211 982 1255 ὃν
1003 1209 1024 1254 ὃ
1049 1211 1277 1269 ἄρχέκακος
1296 1209 1426 1269 ὃριόν,
1462 1212 1529 1254 καὶ
1551 1208 1702 1270 φθόνῳ

204 1282 482 1339 βαλλόμενος,
519 1284 689 1325 αἰτεῖται
709 1282 825 1339 παρὰ
843 1286 948 1325 θεοῦ
967 1282 1038 1326 τὸν
1055 1282 1162 1324 κατὰ
1181 1286 1255 1325 τοῦ
1275 1283 1435 1325 δικαίου
1458 1280 1700 1340 πειρασμόν,
1715 1286 1742 1321 ΙΞ

203 1356 272 1397 ἵνα
294 1353 344 1397 σὺ
365 1352 530 1410 θάρσος
551 1350 703 1410 λάβῃς,
739 1354 806 1395 καὶ
830 1351 978 1410 μάθῃς
1002 1351 1113 1403 ὅπως
1136 1352 1210 1396 οὐκ
1232 1351 1312 1407 ἕχει
1333 1354 1519 1404 ἐξουσίαν
1543 1354 1704 1406 δαίμων

205 1424 312 1468 κατὰ
338 1427 567 1478 θεοσεβοῦς
596 1424 664 1466 καὶ
693 1421 820 1474 ὄντως
844 1425 1102 1481 Χριστιανοῢ
1123 1424 1190 1465 καὶ
1215 1423 1479 1480 φοβουμένου
1498 1422 1571 1465 τὸν
1587 1420 1703 1474 θεόν,

206 1494 277 1538 ἐὰν
306 1493 366 1550 μὴ
396 1493 594 1551 ἐπιτροπὴ
619 1492 783 1536 ἄνωθεν
806 1494 970 1550 γένηται
993 1492 1020 1549 ἢ
1043 1493 1114 1536 διὰ
1138 1494 1326 1536 παιδείαν
1347 1492 1373 1549 ἢ
1393 1492 1464 1536 διὰ
1485 1490 1704 1551 συγχώρη-

151 1571 182 1608 Β
208 1583 286 1608 σιν.
357 1563 456 1607 ὅταν
488 1563 568 1621 γὰρ
600 1562 730 1621 ἐπάγῃ
753 1562 773 1606 ὃ
797 1564 898 1614 θεὸς
920 1562 1213 1620 παιδευτήρια,
1249 1562 1274 1619 ἢ
1304 1564 1421 1615 δίκας
1442 1563 1609 1606 ἀπαιτεῖ
1624 1568 1707 1606 τῶν

205 1633 516 1693 ἁμαρτημάτων
548 1632 574 1690 ἢ
605 1633 680 1689 τὴν
706 1634 855 1690 ἀρετὴν
883 1632 1075 1691 γυμνάζει
1100 1639 1182 1677 τῶν
1205 1635 1331 1677 θείων
1350 1631 1742 1692 κατορθωμάτωνζὲ

208 1706 257 1749 οὐ
290 1705 370 1762 γὰρ
404 1702 595 1760 ἠδυνήθη
626 1707 856 1759 πολεμῆσαι
892 1709 951 1762 τῷ
979 1703 1109 1758 Ἰώβ,
1147 1705 1224 1755 ἕως
1252 1703 1472 1762 ἐπετράπη.
1545 1705 1614 1746 καὶ
1647 1704 1706 1759 μὴ

206 1774 457 1833 θαυμάσῃς’
496 1775 591 1817 οὐδὲ
617 1774 698 1833 γὰρ
730 1774 836 1817 κατὰ
861 1776 1017 1832 χοίρων
1043 1776 1230 1827 ἐξουσίαν
1258 1775 1360 1831 ἔχει,
1394 1774 1541 1826 καθὼς
1560 1776 1601 1818 ἐν
1623 1781 1709 1825 τοῖς

302 1887 348 1922 21
376 1882 446 1926 ἕως
469 1897 535 1932 pro
563 1880 616 1926 (ὃς
641 1884 804 1932 reposuit
826 1886 1014 1933 Xylander

211 1984 329 2016 autem
355 1978 482 2013 literae
513 1991 584 2014 non
608 1978 680 2023 ita,
713 1990 836 2014 verum
862 1980 929 2014 hoc
954 1981 1081 2015 modos
1110 1980 1214 2015 homo
1239 1983 1296 2016 est
1318 1979 1381 2027 qui
1404 1979 1508 2015 deum
1531 1978 1590 2027 pie
1613 1978 1710 2023 colit,

213 2028 327 2062 iustus
347 2031 421 2071 est,
447 2032 484 2060 et
508 2028 551 2061 ab
578 2026 672 2061 omni
697 2026 785 2061 malo
809 2027 969 2062 facinore
994 2028 1164 2063 abstinet.
1213 2039 1291 2062 nam
1312 2028 1372 2074 qui
1391 2028 1515 2062 harum
1539 2027 1712 2062 virtutum

212 2074 417 2110 testimonio
431 2073 649 2118 destituitur,
674 2085 743 2108 non
762 2075 863 2110 homo
878 2074 938 2109 ille
958 2076 1021 2110 sed
1033 2075 1150 2110 bellua
1165 2081 1232 2110 est.
1259 2075 1290 2110 si
1307 2075 1400 2110 enim
1417 2080 1567 2110 naturae
1585 2074 1709 2109 huma-

213 2133 283 2157 nae
299 2127 417 2155 notam
434 2120 570 2155 habens
598 2122 802 2168 impressam
821 2134 898 2157 eam
914 2122 1107 2157 voluntatis
1129 2122 1309 2169 pravitate
1328 2122 1563 2166 contaminat,
1589 2121 1713 2156 audiet

214 2169 414 2215 prophetae
427 2168 639 2203 sententiam
651 2168 800 2213 (Psahn.
811 2170 873 2214 48)
887 2182 896 2204 z
919 2166 1047 2204 “homo
1066 2181 1142 2205 cum
1164 2171 1200 2204 in
1215 2170 1332 2215 pretio
1345 2175 1455 2214 esset,
1470 2181 1542 2204 non
1553 2168 1712 2203 animad—

215 2216 347 2260 vertit,
381 2216 445 2250 sed
473 2222 696 2262 comparatus
721 2223 776 2251 est
802 2217 997 2262 pecudibus
1020 2217 1157 2263 brutis,
1191 2217 1387 2263 similisque
1408 2227 1529 2252 eorum
1560 2211 1716 2251 factus.”

217 2275 287 2310 quo
310 2262 433 2308 itaque
458 2264 561 2298 modo
586 2275 671 2308 nos,
697 2275 774 2298 cum
798 2265 845 2299 ad
866 2264 1020 2311 aliquam
1042 2276 1117 2299 rem
1142 2265 1313 2311 agendam
1337 2264 1447 2300 filium
1469 2270 1531 2299 aut
1550 2262 1716 2298 famulum

215 2310 407 2355 mittimus,
441 2322 520 2345 eum
545 2316 584 2346 ut
607 2310 781 2346 hominem
805 2322 844 2346 se
868 2310 905 2346 in
926 2323 966 2347 re
988 2324 1031 2347 ea
1051 2324 1178 2358 gerere
1198 2312 1377 2357 iubemus,
1413 2317 1522 2358 atque
1541 2311 1593 2346 ita
1617 2321 1714 2345 com·

216 2369 320 2393 mune
352 2369 479 2393 nomen
512 2358 684 2405 peculiari
711 2358 851 2393 ratione
882 2370 1113 2406 usurpamus,
1150 2359 1203 2394 ita
1235 2360 1376 2395 etiamsi
1409 2369 1531 2394 omnes
1556 2357 1717 2393 homines

214 2417 342 2441 nomen
362 2405 512 2441 hominis
534 2411 685 2452 gerunt,
714 2406 745 2441 is
763 2411 881 2441 tamen
900 2406 996 2441 solus
1020 2406 1123 2442 homo
1146 2418 1232 2442 vere
1251 2413 1326 2452 est,
1351 2407 1414 2453 qui
1430 2405 1619 2452 imaginem
1637 2415 1716 2439 ser-

216 2458 279 2487 vat
314 2452 488 2499 primique
521 2452 731 2500 exemplaris
763 2453 1061 2500 pulchritudinem
1091 2466 1163 2489 non
1185 2455 1374 2490 deformat.
1421 2454 1549 2488 Iobum
1570 2463 1658 2498 ergo
1680 2456 1719 2487 et

217 2499 394 2534 hominem
418 2500 614 2546 appellavit
639 2506 675 2536 et
696 2500 772 2536 solo
795 2500 959 2536 Ausitide
986 2506 1127 2546 natum,
1163 2507 1204 2537 ut
1228 2515 1250 2537 a
1272 2508 1370 2537 terra
1392 2500 1611 2546 impietatem
1634 2509 1719 2545 ger·-

211 2547 374 2581 >minante
396 2547 548 2583 fructum
571 2548 677 2583 talem
701 2548 834 2583 editum
858 2548 1033 2584 celebres.
1082 2560 1185 2595 quem
1220 2549 1389 2596 princeps
1417 2547 1530 2582 omnis
1555 2546 1636 2581 mali
1658 2546 1717 2580 vi-

219 2594 328 2638 dens,
363 2593 499 2630 invidia
523 2601 636 2631 motus
662 2608 683 2631 a
710 2597 777 2631 deo
805 2595 911 2642 petiit
932 2600 973 2631 ut
996 2595 1066 2630 sibi
1090 2608 1221 2631 vexare
1243 2597 1374 2632 iustum
1399 2594 1645 2642 permitteret,
1681 2598 1722 2628 ut

218 2647 259 2676 tu
279 2652 421 2687 quoque
441 2642 523 2677 hinc
547 2643 663 2678 animo
686 2644 801 2679 fidens
824 2644 911 2687 fias,
945 2643 1104 2678 sentiens
1134 2643 1278 2679 diabolo
1313 2642 1401 2678 nihii
1435 2653 1515 2677 esse
1547 2641 1719 2676 adversus

220 2688 316 2735 pium
342 2699 498 2734 vereque
525 2690 767 2726 Christianum
791 2696 829 2726 et
855 2690 914 2725 dei
937 2690 1065 2726 timore
1099 2692 1298 2737 praeditum
1330 2688 1543 2736 potestatis,
1580 2688 1651 2723 nisi
1684 2687 1720 2722 ei

219 2734 392 2770 divinitus
428 2736 477 2771 sit
511 2738 745 2784 permissum‚‘
776 2738 884 2784 idque
917 2737 977 2773 vel
1007 2738 1207 2784 castigandi
1241 2748 1348 2772 causa
1380 2736 1439 2771 vel
1473 2735 1717 2771 concessione.

222 2793 301 2817 cum
321 2782 412 2816 enim
441 2784 709 2830 castigationem
731 2786 839 2821 affert
865 2787 952 2821 deus
966 2813 976 2830 ‚
1013 2792 1076 2822 aut
1100 2791 1326 2831 peccatorum
1350 2796 1394 2819 ea
1416 2784 1560 2819 ratione
1583 2793 1719 2829 poenas

223 2829 348 2874 sumit,
378 2835 439 2864 aut
460 2830 616 2869 divinam
639 2833 810 2869 virtutem
836 2838 980 2869 exercet
1002 2833 1047 2868 ad
1071 2833 1262 2869 victoriam*
1281 2843 1322 2867 re
1343 2833 1436 2867 bene
1460 2836 1562 2876 gesta
1588 2840 1719 2877 paran-

224 2876 318 2911 dam.
367 2889 437 2912 non
470 2878 560 2914 enim
590 2879 733 2916 iniussu*
761 2881 925 2917 diabolus
956 2880 1134 2928 potuisset
1169 2881 1292 2915 Iobum
1327 2878 1489 2925 aggredi.
1539 2888 1654 2923 neque
1682 2875 1720 2930 iq

224 2923 293 2959 tibi
319 2924 443 2960 mirum
469 2924 538 2960 sit:
564 2939 642 2962 nam
667 2929 704 2963 in
729 2928 926 2975 evangeliis
945 2927 1103 2966 auditum
1129 2932 1185 2964 est
1205 2940 1250 2963 ne
1272 2926 1310 2962 in
1335 2937 1463 2972 porcos
1482 2925 1626 2973 quidem
1650 2922 1720 2958 nisi
