1742 3184
230 195 331 248 434
711 198 953 244 GEORGII
979 197 1229 243 GEDRENI

224 313 435 370 Ῥωμαίων
464 310 679 372 παρόντων
707 310 787 372 ἔφη
820 310 997 370 “aya-935}
1027 309 1130 370 τύχῃ
1163 311 1354 370 Νέρουας
1380 311 1590 371 Τραϊανὸν
1623 313 1714 356 vio-

230 382 469 440 ποιοῦμαι.”
542 379 660 434 οὗτος
694 379 947 440 ἀπηγόρευσε
971 386 1047 425 τοῦ
1070 382 1271 436 ἐκτέμνειν
1291 386 1411 426 τινῶν
1432 381 1487 425 τὰ
1509 383 1649 426 αῗδοῖα
1673 384 1715 425 ἐν

224 452 375 512 Ῥώμῃ.
444 451 553 511 νόσῳ
583 454 629 496 δὲ
657 455 836 512 τελευτᾷ.
904 445 1026 502 οὗτος
1060 449 1082 494 ὃ
1116 451 1306 509 Νέρουας
1337 451 1611 495 ἀνεκαλέσατο
1643 451 1715 495 τὸν

230 522 430 580 θεολόγον
447 520 640 577 Ἰωάννην
661 522 704 564 ἐκ
723 525 797 576 τῆς
819 521 1000 579 ε’ξορίας,
1035 522 1104 564 καὶ
1125 521 1323 565 ἀπέλυσεν
1341 522 1462 564 οῗκεῖν
1481 521 1523 564 ἓν
1539 521 1715 579 Ἐφέσῳ,

226 591 354 648 μόνον
372 591 462 636 τότε
485 590 675 647 περιόντα
697 596 755 650 τῷ
775 591 854 649 βίῳ
876 591 920 633 ἐκ
942 594 1023 634 τῶν
1048 588 1104 645 ιβ’
1124 595 1350 646 μαθητῶν·
1399 589 1445 642 ὃς
1462 588 1742 648 συγγραφαί-5

227 680 348 718 μενος
369 663 415 704 τὸ
452 660 547 704 κατ’
579 660 705 703 αὐτὸν
735 660 966 716 εὐαγγέλιον
987 661 1030 705 ἓν
1052 658 1190 717 εῗρήνῃ
1212 657 1484 703 ἀνεπαύσατο.
1554 661 1646 716 περὶ
1667 653 1717 701 οὗ

228 734 297 775 καὶ
320 730 341 775 ὅ
362 732 595 787 πολυῖστωρ
615 730 814 785 Εὐσέβιος
831 730 872 773 ἓν
890 733 942 787 τῇ
961 727 1274 787 ἕκκλησιαστικῇ
1294 730 1453 790 ἱστορία
1467 730 1573 788 φησί
1583 727 1717 772 “Ow-

175 813 208 848 c
231 806 316 858 μᾶς
337 801 380 843 δὲ
401 799 475 854 τὴν
493 800 696 856 Παρθίαν
716 799 887 854 εἴληχεν,
912 798 1104 855 Ἰωάννης
1121 800 1166 842 δὲ
1187 798 1261 854 τὴν
1274 799 1427 851 Ἀσίαν,
1455 798 1560 855 πρὸς
1578 797 1630 854 ἢν
1647 799 1717 841 καὶ

230 871 454 928 διατρίψας
477 867 732 924 ἐτελεύτησεν
755 870 797 913 ἓν
818 868 1023 927 Ἐφὲσῳ.”
1095 870 1163 911 καὶ
1183 866 1306 911 πάλιν
1335 867 1430 912 ι“ε’πὶ
1455 866 1616 919 τούτοις
1643 861 1717 911 οὖν

229 941 297 983 καὶ.
321 937 510 994 Ἰωάννης
542 935 563 981 ὅ
589 937 875 995 εὗαγγελιστὴς
900 939 943 981 ἐν
969 937 1130 997 Ἐφέσῳ
1161 942 1235 993 τῆς
1260 937 1401 989 Ἀσίας
1420 941 1611 998 τελευτᾷ,
1646 938 1742 981 καὶ1

228 1007 431 1052 θάπτεται
454 1007 556 1065 πρὸς
584 1013 666 1051 τῶν
695 1006 847 1054 αὐτόθι
878 1006 1068 1051 marcar?
1138 1004 1290 1061 ὁμοίως
1309 1008 1355 1051 δὲ
1374 1009 1443 1051 καὶ
1471 1005 1716 1058 Φίλιπποςὸ

229 1080 273 1121 ἐκ
293 1082 374 1121 τῶν
396 1075 497 1120 ἑπτὰ
519 1076 717 1122 διακόνων
734 1078 776 1120 ἓν
790 1075 1013 1134 Ἱεραπόλει
1031 1080 1268 1128 τελειοῦται,
1304 1078 1371 1120 καὶ
1391 1075 1596 1119 θάπτεται
1612 1076 1718 1131 μετὰ

229 1152 311 1191 τῶν
328 1147 571 1203 θυγατέρων
591 1147 731 1190 αὐτοῦ.
771 1148 864 1204 περὶ
888 1141 945 1189 ὧν
967 1148 1036 1189 καὶ
1055 1145 1332 1203 Πολυκράτης
1357 1144 1378 1188 ὅ
1402 1150 1476 1201 τῆς
1494 1145 1537 1189 ἓν
1555 1145 1716 1204 Ἐφέσῳ

229 1218 447 1274 παροικίας
478 1217 718 1268 ἐπίσκοπος,
784 1216 979 1273 Οὒΐκτορι
1011 1219 1070 1273 τῷ
1105 1213 1310 1273 ἔπισκόπῳ
1335 1213 1499 1271 Ῥώμης
1529 1213 1716 1273 γράφων,

231 1286 362 1336 οὕτως
379 1286 486 1344 φησί
509 1283 609 1328 “nai
633 1286 712 1343 γὰρ
742 1285 848 1329 κατὰ
867 1284 942 1339 τὴν
963 1284 1104 1331 Ἀσίαν
1119 1283 1279 1341 μεγάλα
1301 1291 1481 1339 στοιχεῖα
1503 1285 1742 1339 κεκοιζιιην-1

228 1369 319 1407 ται,
356 1353 475 1398 ἅτινα
494 1356 562 1396 καὶ
584 1353 885 1409 ἀναστήσονται
906 1358 958 1412 τῇ
977 1352 1127 1411 ἐσχάτῃ
1148 1352 1283 1414 ἡμέρᾳ
1304 1358 1378 1410 τῆς
1397 1355 1624 1412 παρουσίας
1642 1357 1718 1396 τοῦ

178 1437 210 1472 D
235 1425 392 1483 κυρίου,
423 1422 613 1479 Ἰωάννης
630 1423 654 1468 ὅ
672 1421 911 1478 ἐπιστήθιος
925 1426 1137 1481 Χριστοῦ,
1169 1422 1215 1474 ὃς
1235 1425 1304 1466 καὶ
1326 1424 1371 1467 τὸ
1395 1424 1569 1467 πέταλον
1587 1439 1720 1481 πεφο-

231 1493 367 1552 ρηκώς
395 1495 463 1536 καὶ
484 1492 734 1544 διδάσκαλος
755 1495 796 1536 ἓν
812 1493 973 1551 Ἐφέσῳ
994 1492 1207 1549 γενόμενος
1228 1494 1486 1548 κεκοίμηται,
1520 1494 1588 1540 καὶ
1615 1493 1719 1534 Φίλ-

231 1580 352 1613 ιππος
385 1561 407 1605 ὃ
442 1562 485 1604 ἔκ
518 1566 600 1605 τῶν
635 1561 738 1605 ἔπτὰ
771 1562 972 1605 διακόνων
1005 1563 1049 1605 ἓν
1076 1560 1297 1620 Ἱεραπόλει
1332 1566 1513 1624 τελευτᾷ.
1599 1556 1720 1612 οὗτός

232 1633 341 1675 ἔστιν
368 1630 392 1673 ὃ
426 1633 492 1673 καὶ
522 1631 593 1675 τὸν
616 1632 807 1686 εὐνοῦχον
829 1633 1035 1686 βαπτίσας
1055 1633 1122 1674 καὶ
1146 1632 1216 1674 τὸν
1243 1633 1414 1686 Elyma
1434 1629 1742 1687 κατηχήσας.”ἓ

233 1701 282 1744 οὗ
305 1701 388 1756 μὴν
412 1701 456 1742 δὲ
476 1700 582 1742 ἀλλὰ
602 1702 670 1743 καὶ
691 1699 712 1742 ὅ
735 1706 852 1751 θεῖος
866 1698 1103 1751 Ἱππόλυτος
1121 1698 1284 1756 Ῥώμης
1301 1702 1393 1758 περὶ
1413 1705 1486 1744 τοῦ
1506 1702 1624 1744 θείου
1643 1718 1720 1757 κη-

235 1768 445 1827 ρύγματος
465 1771 533 1811 καὶ
552 1774 626 1824 τῆς
647 1767 888 1820 τελειώσεως
908 1773 989 1812 τῶν
1010 1767 1248 1812 ἀποστόλων
1268 1770 1425 1821 διεξιὼν
1447 1769 1526 1828 ἔφη
1541 1767 1721 1820 ὟἸωάν-

233 1857 308 1894 νης
328 1837 349 1880 ὃ
374 1838 551 1895 ἀδελφὸς
568 1837 766 1893 Ἰακώβου
785 1837 1001 1897 κηρύσσων
1019 1839 1062 1881 ἐν
1079 1842 1131 1895 τῇ
1143 1838 1259 1899 Ἀσία
1279 1840 1349 1882 τὸν
1368 1837 1489 1896 λόγον
1510 1841 1719 1897 ἐξωρίσθη

234 1909 277 1951 ἓν
298 1905 463 1967 Πάτμῳ
484 1911 536 1964 τῇ
560 1906 672 1968 νήσῳ
696 1909 759 1950 ἐπὶ
780 1908 1039 1962 Δομετιανοῦ
1062 1912 1136 1951 τοῦ
1152 1907 1359 1963 βασιλέως
1373 1906 1601 1965 Ῥωμαίων,
1643 1908 1721 1952 κά-

234 2108 304 2153 sit,
342 2118 409 2153 ego
438 2106 564 2143 Nerva
585 2106 780 2143 Traianum
808 2107 895 2142 mihi
925 2106 1035 2143 filium
1069 2104 1242 2156 adopto.”
1286 2108 1404 2145 vetuit
1424 2110 1551 2146 Nerva
1573 2122 1619 2145 ne
1642 2109 1723 2155 quis

234 2155 368 2190 Romae
392 2158 621 2189 castraretur.
667 2155 789 2189 morbo
813 2154 933 2200 periit.
979 2155 1071 2189 idem
1095 2157 1263 2191 Ioannem
1289 2156 1490 2202 theologum
1518 2158 1563 2192 ab
1594 2156 1723 2191 exsilio

234 2200 436 2246 revocavit,
459 2201 691 2247 permisitque
708 2206 746 2236 ut
761 2201 898 2247 Ephesi
919 2201 1109 2247 habitaret,
1136 2214 1213 2237 cum
1234 2202 1266 2237 is
1284 2207 1357 2238 tum
1378 2204 1472 2238 solus
1489 2203 1533 2238 de
1551 2204 1595 2238 12
1611 2203 1723 2238 disci—

235 2247 331 2294 pulis
362 2247 401 2282 in
429 2247 524 2282 vivis
555 2251 774 2294 superesset.
827 2247 858 2282 is
880 2248 1031 2283 Ioannes
1063 2248 1249 2294 evangelio
1281 2261 1345 2284 suo
1371 2250 1571 2296 conscripto
1595 2255 1723 2296 pacate

235 2294 403 2328 decessit.
429 2294 475 2328 de
499 2306 541 2328 eo
565 2299 687 2329 narrat
708 2294 888 2329 Eusebius
912 2295 949 2328 in
971 2295 1120 2330 historia
1144 2295 1388 2331 ecclesiastica
1404 2292 1585 2331 “Thomas
1604 2302 1721 2331 autem

235 2340 418 2375 Parthiam
436 2341 584 2375 sortitus
609 2346 676 2386 est,
698 2341 849 2375 Ioannes
870 2341 1003 2387 Asiam,
1023 2342 1061 2376 in
1084 2354 1154 2387 qua
1175 2342 1281 2377 etiam
1299 2343 1437 2389 Ephesi
1458 2343 1568 2378 vitam
1590 2338 1723 2377 finiit?

237 2392 275 2421 et
297 2398 421 2421 rursus
442 2383 510 2421 “eo
529 2392 689 2434 tempore
710 2387 815 2422 etiam
834 2388 984 2422 Ioannes
1008 2388 1226 2435 evangelista
1246 2389 1385 2436 Ephesi
1407 2389 1515 2424 Asiae
1539 2390 1627 2425 urbe
1645 2400 1722 2423 mo-

235 2432 328 2467 ritur
352 2438 390 2468 et
413 2445 434 2468 a
454 2433 668 2469 Christianis
692 2434 767 2468 eius
790 2433 859 2468 loci
881 2434 1067 2480 sepelitur.
1076 2431 1098 2445 ''
1145 2435 1309 2470 similiter
1332 2441 1369 2471 et
1391 2435 1596 2482 Philippus,
1630 2447 1721 2470 unus

237 2479 283 2513 de
306 2484 441 2525 septem
466 2480 646 2524 diaconis,
679 2480 867 2526 Hierapoli
889 2481 1077 2516 defunctus
1101 2493 1178 2517 cum
1201 2482 1341 2516 filiabus
1362 2482 1548 2528 sepelitur.
1597 2483 1642 2517 de
1666 2482 1721 2516 his

236 2524 458 2570 Polycrates,
481 2527 689 2572 Ephesinae
709 2526 897 2574 paroeciae
921 2527 1121 2574 episcopus,
1145 2528 1196 2563 ita
1219 2528 1345 2563 scribit
1366 2529 1413 2563 ad
1438 2529 1617 2563 Victorem
1642 2528 1722 2574 epi-

238 2582 383 2617 scopum
406 2572 601 2608 Romanum
629 2570 733 2608 “nam
754 2578 791 2608 et
813 2573 850 2607 in
874 2573 960 2608 Asia
982 2573 1121 2621 sepulta
1149 2579 1233 2609 sunt
1254 2585 1380 2620 magna
1404 2575 1596 2620 elementa,
1630 2586 1722 2620 quae

237 2617 360 2652 ultimo
384 2618 556 2654 adventus
579 2620 711 2656 domini
734 2620 793 2655 die
814 2625 1014 2665 resurgent.
1062 2621 1212 2656 Ioannes
1226 2648 1236 2665 ,
1273 2621 1335 2666 qui
1358 2621 1394 2655 in
1417 2627 1563 2667 pectore
1585 2621 1723 2656 Christi

239 2666 475 2711 accubuerat,
500 2667 562 2712 qui
587 2672 624 2702 et
643 2667 775 2712 pileum
798 2666 912 2712 gessit
939 2673 976 2702 et
992 2667 1130 2712 Ephesi
1151 2667 1282 2711 docuit,
1306 2667 1359 2701 ibi
1381 2674 1437 2703 est
1459 2668 1635 2703 humatus.
1685 2671 1723 2702 et

239 2707 446 2757 Philippus,
474 2719 608 2758 septem
629 2713 854 2748 diaconorum
876 2724 984 2757 unus,
1018 2713 1206 2759 Hierapoli
1232 2713 1306 2748 vita
1328 2714 1471 2749 functus
1495 2721 1561 2749 est.
1610 2714 1641 2749 is
1666 2719 1723 2749 est

240 2755 303 2798 qui
326 2759 518 2793 eunuchum
541 2760 752 2806 baptizavit,
778 2764 815 2794 et
837 2758 974 2797 Simoni
994 2760 1171 2806 principia
1193 2759 1376 2805 religionis
1394 2757 1580 2796 tradidit.’'
1601 2761 1666 2795 sed
1685 2765 1724 2795 et

240 2800 344 2836 divus
361 2803 578 2850 Hippolytus
601 2807 736 2842 Romae
761 2806 947 2852 episcopus
970 2807 1195 2852 praeconium
1219 2806 1333 2842 divini
1356 2808 1458 2843 verbi
1480 2813 1517 2842 et
1537 2806 1720 2853 apostolo-

240 2857 317 2900 rum
344 2849 460 2884 obitus
485 2864 654 2887 enarrans
673 2853 725 2888 ita
748 2854 801 2888 ait
822 2849 994 2888 “Ioannes
1015 2853 1138 2888 Iacobi
1160 2853 1284 2898 frater,
1310 2865 1386 2888 cum
1410 2854 1447 2896 in
1466 2853 1552 2889 Asia
1574 2855 1720 2889 verbum

240 2892 300 2928 del
322 2903 548 2943 propagaret,
571 2899 769 2946 imperante
789 2900 924 2939 Romae
946 2899 1147 2937 Domitiano
1171 2899 1210 2935 iu
1226 2898 1386 2936 Patmum
1407 2899 1555 2950 insulam
1579 2904 1636 2936 est
1655 2900 1720 2939 de-
