1742 3184
183 186 283 237 664
667 187 908 239 GEORGH
933 187 1181 234 CEDRENI

316 304 439 364 Ἅπερ
472 305 524 362 δὴ
555 304 696 349 λοιπὸν
723 302 750 360 ἦ
775 302 948 355 σύνοδος
972 301 1207 355 ἀκούσασα,
1245 303 1313 345 καὶ
1334 297 1468 345 πάντα
1490 303 1665 358 βασανί-

131 384 165 420 D
190 393 332 428 σαντες
351 376 389 418 oi
409 381 518 419 θεῖοι
538 376 708 432 πατέρες
725 372 946 430 ἐξεβόησαν
972 371 1355 427 αοἰναθῑεματίζομεν
1378 370 1488 423 ὅλοις
1509 370 1666 422 τούτοις

183 446 289 501 μετὰ
318 444 479 489 πάντων
509 450 591 488 τῶν
621 444 671 488 τὰ
702 447 874 488 τοιαῦτα
904 440 1166 504 φρονούντων
1185 440 1212 496 ἢ
1237 438 1526 500 φρονησάντων
1543 442 1663 499 μέχρι

182 515 366 566 ‘caaz-4²²
383 513 394 520 ’

227 637 230 640 ψ
316 581 529 634 Ὡσαύτως
550 582 594 625 δὲ
611 584 680 625 καὶ
698 583 789 640 περὶ
815 577 1035 637 Θεοδώρου
1058 585 1133 624 τοῦ
1152 578 1318 635 ΖΙἸόψου
1338 577 1474 630 ἑστίας
1494 581 1561 622 καὶ
1583 582 1696 623 τῶν5

184 658 336 698 λοιπῶν
369 652 473 696 οὕτω
506 651 627 696 πάλιν
661 654 786 710 φησὶν
818 650 839 695 ὃ
865 649 1079 705 βασιλικὸς
1105 648 1275 701 minor-’²
1349 649 1508 704 σπουδὴ
1531 650 1665 706 γέγονε

183 731 269 774 τοῖς
284 721 526 782 ὄρθοδόξοις
547 723 615 764 καὶ
637 722 813 777 εὗσεβῶς
833 717 1226 779 προβεβασιλευκόσι
1247 726 1332 770 τοῖς
1353 716 1564 777 ἡμετέροις
1583 736 1664 761 πα-

182 791 303 851 τράσι
325 792 399 843 τὰς
420 791 526 833 κατὰ
555 791 700 850 καιρὸν
729 790 1018 849 ἀναφυομένας
1041 790 1213 848 αἱρέσεις
1243 788 1312 832 διὰ
1333 787 1517 831 συνόδων
1539 787 1665 831 ὁσιω-

180 861 314 906 τάτων
337 861 476 919 ἱερέων
495 859 713 914 ἐκκόπτειν,
748 862 817 904 καὶ
843 864 919 916 τῆς
946 860 1080 916 ὀρθῆς
1104 860 1275 910 πίστεως
1293 862 1493 915 καθαρῶς
1513 875 1665 915 κηρυτ-

179 932 349 988 τομὲνης
381 932 423 973 ἐν
457 929 595 988 εἰρήνῃ
618 932 692 986 τὴν
722 929 840 987 ἆγίαν
869 933 943 973 τοῦ
974 933 1078 972 θεοῦ
1110 929 1325 985 ἐκκλησίαν
1359 927 1663 986 διαφυλάττειν.
1676 932 1721 969 10

180 999 323 1059 διόπερ
345 1002 413 1044 καὶ
436 1001 746 1052 Κωνσταντῖνος
771 998 792 1043 ὅ
815 999 944 1056 μέγας
965 998 1120 1055 Ἀρείου
1143 1001 1489 1054 βλασφημοῦντος
1511 999 1578 1042 καὶ
1596 998 1666 1040 λε’-

35 1079 66 1114 Ρ
90 1080 159 1118 379
183 1087 324 1127 γον-τος
341 1071 400 1126 μὴ
422 1068 521 1113 εἶναι
539 1070 611 1114 τὸν
629 1070 719 1113 υἱὸν
736 1067 955 1126 ὃμοούσιον
971 1072 1030 1126 τῷ
1047 1072 1138 1126 θεῷ
1157 1069 1224 1111 καὶ
1246 1068 1368 1125 πατρὶ
1389 1066 1495 1109 ἀλλὰ
1515 1068 1665 1122 κτίσμα

180 1142 249 1184 καὶ
273 1142 315 1192 ἐξ
334 1141 407 1183 οὐκ
430 1138 558 1182 ὄντων
576 1140 800 1197 γεγονέναι,
836 1137 1077 1194 συναγαγὼν
1098 1138 1140 1180 ἓν
1159 1138 1316 1197 Nazala
1336 1135 1431 1188 τοὺς
1446 1135 1524 1192 τιη’
1540 1138 1666 1180 πατέ-

182 1228 259 1268 ρας
283 1212 351 1252 καὶ
375 1209 500 1260 αὐτὸς
521 1209 608 1252 ἐκεῖ
620 1207 961 1267 παραγενόμενος,
985 1209 1054 1250 καὶ
1073 1211 1147 1251 τοῦ
1161 1206 1317 1264 Ἀρείου
1339 1207 1666 1250 καταδικασθέν-

180 1297 251 1331 τος
278 1282 347 1323 καὶ
374 1280 804 1334 ἆναθεματισθέντος,
844 1275 1074 1321 ἐσπούδασε
1107 1276 1181 1332 τὴν
1208 1274 1439 1334 ὖρθόὸοξον
1468 1281 1664 1329 κρατῦναι
1677 1280 1722 1318 15

179 1349 329 1402 πίστιν,
365 1350 420 1392 δι’
444 1342 494 1405 ἧς
513 1346 839 1406 ὁμολογήσαντες
858 1347 897 1390 οἳ
917 1350 1025 1390 θεῖοι
1044 1337 1215 1404 πατέρες
1237 1344 1456 1401 ὄμοούσιον
1475 1344 1575 1389 εἶναι
1595 1346 1666 1390 τὸν

179 1419 270 1461 υἱὸν
296 1423 356 1478 τῷ
383 1423 471 1478 θεῷ
503 1421 571 1461 καὶ
591 1420 739 1476 πατρί,
775 1416 883 1461 ἀλλὰ
905 1416 964 1471 μὴ
988 1417 1138 1471 κτίσμα
1159 1417 1227 1459 καὶ
1247 1416 1290 1466 ἐξ
1312 1415 1386 1458 οῦκ
1407 1414 1531 1459 ὄντων
1550 1432 1667 1473 γεγο-

178 1489 289 1532 νέναι
298 1521 312 1541 ,
347 1489 468 1545 μέχρι
489 1492 561 1531 νῦν
580 1487 735 1549 ᾄδεται.
779 1488 847 1530 καὶ
874 1484 1098 1537 Θεοδόσιος
1118 1486 1161 1528 de}
1181 1483 1202 1528 ὃ
1223 1483 1499 1543 πρεσβύτερος
1518 1488 1668 1529 Μακε-

183 1559 320 1601 δονίου
347 1558 598 1617 ἀρνουμένου
626 1559 701 1614 τὴν
727 1555 906 1613 θεότητα
928 1560 1001 1598 τοῦ
1024 1553 1140 1612 ἁγίου
1166 1553 1394 1609 πνεύματος
1402 1587 1415 1607 ,
1451 1557 1519 1613 καὶ
1543 1555 1666 1599 Ἀπο-

180 1628 363 1685 λιναρίου
390 1631 464 1671 τοῦ
492 1632 688 1683 μαθητοῦ
719 1627 846 1670 αὐτοῦ
875 1629 1223 1683 βλασφημοῦντος
1251 1625 1308 1676 εἷς
1332 1625 1408 1681 τὴν
1433 1627 1665 1681 οἷκονομίαν
1676 1630 1723 1666 20

178 1702 255 1740 ’τοῦ
282 1701 384 1741 θεοῦ
405 1695 548 1752 λόγου,
594 1699 662 1740 καὶ
692 1695 922 1754 φάσκοντος
952 1699 1050 1737 νοῦν
1076 1692 1340 1753 ἀνθρώπινον
1369 1694 1427 1749 μὴ
1458 1695 1665 1751 εἰληφέναι

127 1777 158 1813 Β
183 1766 253 1810 τὸν
280 1771 353 1809 τοῦ
383 1770 486 1809 θεοῦ
517 1765 637 1822 λόγον
669 1766 774 1808 ἀλλὰ
799 1766 920 1822 σαρκὶ
943 1762 1148 1819 ἕνωθῆναι
1170 1763 1311 1818 ψυχὴν
1331 1762 1478 1820 ἄλογον
1501 1763 1663 1822 ἐχούσῃ,

182 1835 422 1891 συναγαγών
444 1836 485 1895 ἓν
505 1832 934 1878 Κωνσταντινουπόλει
958 1833 1054 1883 τοὺς
1083 1830 1142 1890 ρν’
1163 1833 1343 1890 πατέρας
1363 1835 1430 1874 καὶ
1449 1835 1664 1888 μετασχὼν

181 1905 251 1946 καὶ
280 1903 403 1955 αὗτὸς
434 1908 507 1959 τῆς
537 1895 736 1956 συνόδου,
779 1904 848 1946 καὶ
877 1907 958 1946 τῶν
986 1886 1205 1959 εῗριημένων
1236 1903 1572 1960 καθαιρεθέντων
1597 1905 1664 1946 καὶ

182 1972 602 2029 ἃναθεματισθέντων
622 1974 835 2032 αἱρετικῶν
856 1971 959 2028 μετὰ
978 1973 1046 2015 καὶ
1068 1976 1148 2015 τῶν
1169 1971 1330 2027 ἀσεβῶν
1352 1972 1486 2016 αὐτῶν
1508 1971 1665 2030 ὄογμά-
1675 1979 1721 2015 25

274 2107 402 2143 Patres
434 2107 489 2143 his
518 2108 677 2155 acceptis
709 2107 844 2153 literis,
879 2105 1110 2151 omnibusque
1141 2103 1346 2151 perpensis,
1382 2104 1667 2143 exclamaverunt

182 2148 407 2189 “dam-namus
430 2155 519 2190 haec
543 2156 670 2200 omnia,
695 2161 731 2190 et
754 2165 873 2190 omnes
898 2153 959 2199 qui
983 2153 1034 2187 ita
1056 2153 1214 2187 sentiunt
1237 2157 1298 2186 aut
1318 2149 1509 2187 sentient.'’

275 2201 449 2237 Similiter
479 2201 584 2236 etiam
608 2203 652 2237 de
676 2202 869 2236 Theodoro
892 2198 1137 2246 Mopsuestiae
1169 2198 1336 2244 episcopo
1369 2204 1406 2233 et.
1435 2199 1583 2245 reliquis
1615 2200 1666 2235 ita

181 2245 314 2282 habent
339 2248 564 2293 imperatoris
586 2249 727 2284 literae.
771 2245 948 2282 “maiores
981 2246 1094 2280 nostri
1126 2257 1234 2279 verae
1267 2244 1353 2279 fidei
1382 2245 1557 2291 cultores,
1605 2247 1668 2293 qui

181 2301 264 2328 ante
293 2306 356 2329 nos
386 2295 571 2341 imperium
605 2296 663 2342 pie
694 2295 1051 2336 administraverunt,
1085 2303 1227 2338 operam
1261 2292 1436 2326 dederunt
1465 2297 1504 2327 ut
1538 2293 1667 2338 quovis

180 2345 340 2386 tempore
364 2348 570 2376 enascentes
595 2342 761 2379 haereses
786 2339 944 2376 conciliis
969 2338 1267 2373 sanctissimorum
1293 2338 1496 2384 pontificum
1525 2340 1666 2374 exscin-

180 2385 323 2432 derent,
354 2400 533 2435 veraeque
564 2389 650 2424 fidei
679 2400 768 2434 puro
802 2385 991 2433 praeconio
1023 2385 1167 2430 vulgato
1198 2391 1353 2419 sanctam
1385 2386 1444 2419 dei
1479 2386 1666 2421 ecclesiam

180 2439 338 2478 pacatam
363 2442 627 2470 conservarent.
651 2435 744 2470 *ideo
768 2432 1023 2468 Constantinus
1042 2437 1199 2476 magnus,
1223 2431 1309 2465 Ario
1332 2431 1441 2478 impie
1464 2433 1664 2468 affirmante

181 2479 289 2514 filium
315 2492 384 2515 non
410 2493 490 2516 esse
514 2482 670 2517 eiusdem
695 2493 772 2516 cum
794 2481 860 2515 deo
886 2484 987 2525 patre
1010 2477 1252 2522 substantiae,
1288 2478 1351 2512 sed
1375 2490 1420 2513 ex
1443 2479 1552 2513 nihilo
1579 2491 1666 2514 con·

180 2525 311 2571 ditum,
338 2527 507 2563 Nicaeam
530 2530 598 2563 318
622 2534 743 2574 patres
768 2526 989 2570 convocavit,
1015 2531 1123 2570 atque
1147 2524 1226 2570 ipse
1250 2524 1399 2559 concilio
1424 2525 1459 2559 ei
1483 2525 1664 2570 interfuit3

181 2571 244 2605 ubi
266 2574 350 2607 Ario
375 2574 537 2610 damnato
563 2580 599 2610 et
622 2574 823 2621 proscripto
847 2584 956 2607 verae
988 2572 1072 2606 fidei
1102 2571 1362 2606 confirmandae
1395 2572 1552 2607 intentus
1582 2573 1665 2618 fuit,

181 2628 285 2662 quam
309 2619 423 2654 divini
448 2621 498 2654 illi
523 2628 641 2666 patres
666 2619 820 2668 professi
849 2625 930 2654 sunt
961 2624 998 2652 et
1026 2629 1115 2663 quae
1138 2617 1312 2662 hodieque
1336 2623 1520 2663 cantatur,
1554 2619 1665 2654 filium

182 2663 337 2699 eiusdem
363 2678 441 2701 esse
466 2679 541 2702 cum
567 2669 633 2703 deo
660 2673 760 2714 patre
784 2665 973 2708 essentiae,
999 2676 1068 2699 non
1094 2676 1138 2699 ex
1162 2664 1271 2699 nihilo
1289 2671 1457 2700 creatum.
1483 2678 1524 2700 nc
1541 2666 1664 2701 Theo-

181 2709 302 2745 dosius
325 2712 452 2747 deinde
482 2715 611 2759 maior,
648 2712 859 2749 Macedonio
891 2712 1059 2746 deitatem
1093 2710 1240 2757 spiritus
1274 2711 1388 2746 sancti
1419 2719 1592 2758 negante,
1627 2717 1666 2747 et

178 2755 383 2801 Apolinario
422 2760 593 2805 discipulo
620 2760 696 2795 eius
720 2759 823 2795 verbi
846 2759 883 2793 in
907 2764 1033 2793 natura
1061 2757 1211 2791 humana
1233 2757 1572 2793 administrationem
1602 2770 1666 2792 ca·

178 2801 390 2848 lumniante,
428 2811 464 2840 et
497 2807 697 2842 affirmante
725 2807 873 2841 verbum
904 2811 1053 2839 mentem
1084 2803 1266 2838 humanam
1298 2804 1367 2838 sibi
1399 2816 1469 2839 non
1493 2805 1661 2847 sociasse,

178 2859 300 2883 verum
325 2850 423 2896 carni
448 2853 580 2888 unitum
605 2854 715 2888 fuisse
739 2851 890 2888 rationis
915 2856 1062 2896 experte
1086 2849 1201 2884 anima
1224 2851 1420 2896 praeditae,
1446 2851 1574 2897 cpolin
1598 2862 1664 2895 pa-

179 2900 252 2930 tres
280 2896 347 2931 150
370 2899 594 2944 convocavit,
619 2899 769 2946 ipsoque
792 2903 981 2944 praesente
1006 2907 1082 2931 cum
1107 2896 1193 2932 dicti
1216 2896 1391 2933 haeretici
1407 2909 1476 2933 una
1494 2908 1570 2932 cum
1588 2896 1662 2932 suis
