1742 3184
212 158 278 206 60
636 159 642 169 ²
674 166 682 175 ·’
697 156 942 203 GEORGII
970 155 1216 202 CEDRENI

211 276 283 320 τὸν
300 276 556 335 Νεφθαλίμ,
588 275 632 320 ἐκ
655 275 700 320 δὲ
720 280 794 332 τῆς
819 275 992 334 Δελφᾶς
1011 275 1083 319 τὸν
1108 275 1200 318 Γὰδ
1220 274 1288 317 καὶ
1310 272 1381 317 τὸν
1397 268 1538 331 Ἀσήρ.
1595 275 1702 317 εἶκο-

212 348 310 391 στὸν
337 348 472 391 τοίνυν
501 347 589 398 ἔτος
620 348 845 403 διατρίψας
869 345 975 402 μετὰ
1001 349 1076 389 τοῦ
1106 344 1267 399 Λαβὰν
1294 344 1453 401 ἀπέδρα
1470 345 1525 395 ἐξ
1540 344 1700 396 -αῧτοῦ,

209 417 325 469 ὄντος
354 422 426 460 τοῦ
459 416 625 475 Ἰωσὴφ
646 416 810 474 χρόνων
837 420 974 474 τριῶν.
1019 442 1021 445 <
1047 417 1270 471 διαβαίνων
1302 415 1347 457 δὲ
1376 414 1447 457 τὸν
1477 413 1700 471 Ἰορδάνην

207 485 466 544 ἐπευλογήθη
499 489 568 529 καὶ
600 485 833 542 μετεκλήᾶη
859 483 1051 544 Ἰσραήλ.
1095 492 1097 494 ’
1122 483 1144 528 ὃ
1171 486 1220 527 δὲ
1240 484 1400 538 Ἰακὼβ
1422 488 1496 539 τῆς
1517 482 1700 541 ὁράσεως

205 557 487 613 ὖπομνησθεὶς
506 557 556 613 ἢν
574 556 778 600 ἐθεάσατο
799 556 903 599 κατὰ
922 556 997 611 τὴν
1017 555 1159 615 ἄφιξιν
1177 554 1251 610 τὴν
1274 557 1330 605 εἰς
1352 556 1697 609 Μεσοποταμίαν,
1710 562 1732 599 5

208 630 418 685 ἀνέρχεται
439 630 495 678 εἷς
516 626 702 683 Βαιθήλ.
773 626 877 669 ἔνθα
897 627 1218 682 κατακοιμηθεὶς
1241 623 1319 667 εἶδε
1338 624 1384 667 τὸ
1405 623 1560 681 ὅραμα.
1631 626 1700 667 καὶ

207 698 342 742 πάντα
378 695 694 748 ἄποδεκατώσας
726 696 753 739 ἃ
786 697 972 752 ἐκέκτητο
987 729 1000 749 ,
1026 700 1274 739 Υ’τελευταῖον
1304 692 1529 750 ὑποβάλλει
1561 693 1700 753 κλήρῳ

207 769 303 820 τοὺς
323 770 494 821 παῖδας,
523 769 590 810 καὶ
615 767 686 810 τὸν
705 767 817 809 Λευὶ
837 771 894 825 τῷ
914 770 1005 824 θεῷ
1026 766 1212 824 ἅφιεροῖ,
1255 766 1356 808 ἐτῶν
1373 763 1612 822 ὑπάρχοντα
1632 763 1701 820 ιη’,

84 843 113 876 P
138 842 185 878 34
198 841 276 902 Ικαὶ
308 838 498 895 ἀρχιερέα
531 838 808 889 ἀναδείκνυσι,
857 837 1026 879 δέκατον
1056 836 1156 879 ὄντα
1177 836 1266 878 -ἆπὸ
1293 834 1467 891 ἐσχάτου
1488 835 1603 879 Ικατὰ
1630 835 1701 878 τὸν

205 914 279 965 τῆς
316 909 595 966 ἀστρολογίας.
660 906 852 962 Ῥουβεὶμ
881 907 961 965 γὰρ
990 907 1059 949 διὰ
1090 906 1167 962 τὴν
1194 906 1410 961 παλλακὴν
1440 909 1515 948 τοῦ
1544 905 1701 962 πατρὸς
1714 913 1742 949 11

207 977 412 1036 ἐστερήθη
445 983 524 1034 τῆς
546 995 590 1021 τε
622 979 834 1033 βασιλείας
865 979 934 1020 καὶ
968 981 1042 1032 τῆς
1065 975 1311 1035 ἱερωσύνης,
1346 973 1607 1033 πρωτότοκος
1631 975 1702 1019 ὤν.

206 1048 403 1100 ἐλθόντος
423 1048 467 1091 δὲ
490 1053 561 1091 τοῦ
583 1048 751 1102 Ἰακὼβ
766 1049 938 1103 πλησίον
964 1049 1158 1102 Σικίμων·
1178 1050 1234 1098 εἷς
1261 1045 1379 1088 πόλιν
1404 1044 1574 1101 Σαλήμ,
1602 1045 1702 1104 ὑφί-

209 1137 355 1164 σταται
379 1117 459 1161 ὗπὸ
483 1119 612 1174 Σιχὲμ
632 1119 709 1174 τὴν
728 1121 826 1173 βίαν
845 1116 871 1173 ἣ
892 1118 1022 1160 Aha·
1057 1119 1126 1161 καὶ
1154 1118 1369 1160 ἐκδικεῖται
1394 1117 1509 1174 παρὰ
1528 1117 1701 1172 Συμεών

209 1192 276 1234 καὶ
292 1190 426 1242 Λευί,
459 1190 579 1232 παντὶ
596 1187 736 1247 τρόπῳ
755 1189 1096 1245 διαχρησαμένων
1115 1187 1212 1239 τοὺς
1229 1189 1320 1245 περὶ
1340 1186 1411 1229 τὸν
1430 1188 1572 1242 Σιχέμ.
1644 1187 1702 1230 ἔτι

210 1262 255 1304 δὲ
275 1262 398 1304 τίκτει
419 1257 613 1315 ἦῬαχὴλ
631 1264 689 1317 τῷ
710 1259 869 1312 Ἰακὼβ
887 1259 956 1301 τὸν
977 1260 1191 1312 Βενιαμίν,
1227 1259 1296 1299 καὶ
1318 1255 1596 1312 τελευτήσασα
1614 1256 1703 1300 311·-
1716 1263 1742 1298 1!

209 1349 350 1373 πτεται
370 1331 411 1372 ἓν
429 1334 486 1387 τῷ
506 1329 744 1387 Εὐφρανθᾷ
753 1362 766 1381 ,
803 1329 909 1371 ἔνθα
926 1333 998 1372 νῦν
1015 1330 1123 1371 ἐστὶν
1144 1326 1170 1383 ἡ
1191 1327 1410 1382 Βηθλεέμ·
1446 1327 1601 1382 μεταξὺ
1621 1328 1701 1386 γὰρ

205 1405 280 1456 τῆς
297 1399 492 1455 Βηθλεέμ
511 1401 579 1442 καὶ
600 1403 673 1454 τῆς
690 1396 991 1457 Ἰερουσαλήμ,
1021 1401 1077 1449 εἷς
1100 1398 1170 1441 τὸν
1190 1397 1446 1454 ἱππόδρομον
1455 1431 1467 1450 ,
1498 1396 1524 1453 ἡ
1547 1397 1702 1456 λάρναξ

205 1471 289 1514 ἐστὶ
319 1474 393 1525 τῆς
417 1468 590 1524 Ῥαχήλ,
624 1467 888 1526 ὑπερκειμένη
919 1473 994 1524 τῆς
1023 1473 1109 1525 γῆς.
1182 1470 1248 1511 καὶ
1283 1468 1422 1522 ἐπειδὴ
1450 1469 1497 1511 τὸ
1525 1471 1569 1511 ἐκ
1589 1470 1702 1512 Λευὶ

150 1543 181 1578 Β
209 1542 322 1598 γένος
347 1541 409 1583 ἐπὶ
429 1539 588 1597 Ἀαρὼν
612 1539 848 1597 κατατρέχει
871 1541 937 1582 καὶ
958 1541 1178 1594 Μωϋσῆν,
1215 1533 1272 1581 ὧν
1298 1536 1320 1580 ὃ
1349 1539 1423 1592 μὲν
1455 1535 1650 1596 ἶερατὲύει
1680 1537 1701 1582 ὅ

209 1612 254 1654 δὲ
285 1615 508 1668 στρατηγεῖ
530 1613 589 1667 τῷ
619 1613 732 1667 λαῷ,
770 1607 935 1660 εἰκότως
962 1611 1006 1660 ἐξ
1040 1609 1176 1651 αὐτῶν
1209 1607 1463 1663 λαμβάνεται
1494 1607 1520 1664 ἡ
1554 1611 1598 1652 ἐκ
1627 1615 1742 1654 τοῦ21

200 1681 360 1735 Ἰακὼβ
385 1680 632 1736 γενεαλογία.
698 1678 889 1733 Ῥεβέκκα
917 1680 985 1732 δέ,
1023 1678 1079 1730 ὥς
1106 1696 1233 1736 φησιν
1257 1677 1466 1735 Ἰώσηπος
1488 1681 1530 1722 ἓν
1551 1686 1601 1738 τῇ
1625 1681 1703 1739 ἆρ-

202 1751 417 1811 χαιολογίιιι
427 1782 440 1803 ,
466 1749 613 1805 ἠξίωσε
630 1743 704 1794 τὸν
722 1750 874 1793 Ἰσαὰκ
895 1748 1058 1807 ἀγαγεῖν
1074 1750 1210 1793 ’Homo
1231 1752 1300 1793 καὶ
1315 1750 1474 1805 Ἰακὼβ
1493 1752 1561 1793 καὶ
1583 1754 1704 1794 διαλ·

205 1953 295 1989 Bala
324 1952 463 1987 Danum
497 1965 539 1988 ac
566 1952 878 1999 Nephthalimum‚
916 1965 961 1988 ex
988 1952 1128 1999 Delpha
1159 1953 1297 1988 Gadum
1323 1956 1431 1998 atque
1455 1951 1635 1989 Asserem.
1683 1965 1706 1990 a

205 2001 366 2035 Labano.
387 2005 503 2035 autem
526 2001 706 2046 profugit,
742 2012 818 2034 cum
843 2001 937 2047 apud
971 2008 1049 2035 eum
1078 2000 1209 2045 viginti
1241 2013 1352 2035 annos
1378 2001 1526 2046 fuisset,
1563 2000 1706 2036 trimulo

207 2055 281 2082 tum
314 2047 488 2092 Ioseph03
528 2047 808 2093 transmissoque
838 2047 991 2083 Iordane
1025 2060 1046 2082 a
1082 2049 1149 2082 deo
1181 2048 1266 2082 felix
1289 2059 1369 2082 esse
1393 2047 1558 2093 iubetur,
1596 2054 1706 2094 atque

207 2093 336 2128 Israeli·
355 2106 482 2128 nomen
511 2095 554 2128 ab
585 2095 708 2129 eodem
736 2094 880 2140 accipit.
929 2094 1081 2140 proinde
1105 2096 1313 2129 recordatus
1337 2094 1488 2130 visionis
1510 2107 1615 2142 quam
1640 2106 1705 2130 suo

207 2142 245 2176 in
271 2141 566 2187 Mesopotamiam
591 2142 747 2176 adventu
767 2141 930 2187 viderat,
968 2142 1152 2177 Bethelam
1177 2141 1382 2188 adscendit,
1417 2141 1481 2177 ubi
1509 2155 1575 2189 per
1600 2142 1705 2189 quie-

207 2194 279 2223 tem
303 2187 398 2222 visio
421 2188 492 2223 ista
517 2188 551 2222 ei
575 2193 802 2236 apparuerat.
850 2188 902 2223 ibi
932 2200 1010 2224 cum
1047 2190 1164 2224 omnia
1187 2201 1251 2223 sua
1273 2191 1368 2224 bona
1390 2189 1623 2234 decimasset,
1658 2190 1706 2224 ad

208 2241 403 2270 extremum
434 2235 584 2270 filiorum
617 2247 759 2281 quoque
786 2235 952 2270 instituta
973 2236 1163 2271 sortitione
1186 2236 1311 2271 Levim
1335 2247 1462 2271 annum
1487 2237 1617 2272 aetatis
1639 2238 1706 2271 de-

209 2283 335 2317 cimum
358 2288 520 2317 octavum
543 2289 707 2328 agentem
731 2284 798 2318 deo
823 2283 1064 2328 consecravit,
1096 2296 1137 2318 ac
1162 2295 1240 2318 eum
1263 2285 1483 2319 sacerdotem
1508 2284 1705 2328 constituit,

210 2334 288 2365 erat
312 2328 342 2363 is
368 2330 524 2365 decimus
550 2332 593 2365 ab
618 2330 766 2375 ultimo,
783 2331 974 2365 secundum
994 2330 1209 2376 astrologiae
1231 2330 1248 2349 *
1273 2332 1444 2366 Rubenus
1465 2331 1557 2366 enim
1581 2332 1627 2366 ob
1647 2331 1705 2365 vi-

207 2377 332 2411 tiatam
361 2377 474 2423 patris
498 2376 678 2423 pellicem,
704 2376 928 2423 quantumvis
950 2377 1064 2423 primo
1089 2378 1240 2412 omnium
1264 2384 1367 2413 natus
1393 2383 1508 2424 esset,
1538 2384 1575 2414 et
1592 2390 1706 2424 regno

209 2430 247 2459 et
276 2423 481 2458 sacerdotio
510 2423 684 2470 spoliatus
712 2423 794 2459 fuit.
844 2436 922 2459 cum
955 2425 1106 2460 Iacobus
1138 2437 1251 2471 prope
1285 2425 1485 2460 Sichemam
1513 2426 1552 2460 in
1582 2426 1707 2460 urbem

209 2470 383 2505 Salemam
406 2470 585 2516 venisset,
623 2471 808 2506 Sichemus
829 2471 946 2506 Dinae
971 2484 1036 2518 per
1059 2471 1130 2506 vim
1155 2478 1313 2518 stuprum
1336 2473 1481 2518 intulit,
1513 2484 1617 2519 quam
1642 2472 1709 2507 ulti

209 2523 293 2552 sunt
314 2518 459 2552 Simeon
481 2524 519 2553 et
542 2518 674 2562 Levis,
708 2517 954 2553 internecione
979 2519 1107 2554 occisis
1137 2531 1213 2554 cum
1239 2519 1404 2554 Sichemo
1428 2519 1581 2555 civibus.
1630 2520 1706 2554 Ra-

209 2564 287 2599 chel
311 2576 418 2610 porro
443 2565 548 2600 alium
573 2566 704 2599 Iacobo
727 2565 837 2600 filium
861 2566 1024 2612 peperit,
1047 2566 1290 2601 Beniaminum
1314 2567 1475 2611 nomine3
1503 2580 1545 2602 ac
1567 2572 1708 2601 mortua

210 2612 305 2656 apud
329 2612 518 2646 Eufratam
540 2611 731 2657 sepelitur,
755 2612 816 2646 ubi
838 2624 931 2647 nunc
955 2619 1010 2649 est
1034 2613 1282 2649 Bethlehema:
1310 2614 1440 2649 etenim
1467 2625 1590 2649 versus
1615 2615 1705 2649 Hie-

147 2702 154 2706 &
207 2658 389 2703 rosolyma
413 2671 434 2693 a
457 2658 707 2703 Bethlehema,
739 2671 810 2706 qua
834 2660 917 2706 equi
941 2661 1152 2706 decurrunt,
1189 2673 1299 2708 supra
1322 2667 1454 2697 terram
1483 2666 1601 2697 exstat
1626 2662 1706 2707 cip-

211 2716 279 2753 pus
305 2705 485 2740 Rachelis.
533 2711 569 2740 et
590 2706 755 2751 quoniam
775 2706 886 2742 Levis
910 2719 1022 2752 genus
1047 2709 1092 2743 ad
1115 2709 1293 2743 Aaronem
1316 2715 1424 2754 atque
1446 2709 1575 2744 Mosen
1595 2720 1709 2754 usque

213 2752 390 2799 pertinet,
427 2764 574 2799 quorum
599 2753 689 2788 alter
712 2755 881 2789 sacerdos
904 2754 995 2790 alter
1018 2756 1143 2790 ductor
1170 2756 1292 2802 populi
1316 2756 1402 2800 fuit,
1434 2761 1708 2791 consentaneum

213 2798 284 2835 fuit
318 2811 438 2835 eorum
471 2812 583 2846 genus
619 2802 664 2836 ab
696 2801 828 2836 Iacobo
851 2802 984 2849 repeti.
1033 2802 1101 2837 iam
1126 2803 1293 2837 Rebecca
1315 2815 1336 2837 a
1359 2804 1514 2850 Iosepho
1536 2803 1575 2838 in
1597 2814 1709 2850 opere

215 2847 261 2882 de
285 2846 498 2893 antiquitate
519 2847 667 2883 Iudaica
687 2848 899 2895 perhibetur
923 2862 944 2884 a
967 2849 1093 2884 marito
1118 2850 1186 2884 hoc
1207 2850 1452 2897 contendisse,
1478 2857 1518 2887 ut
1541 2850 1580 2885 in
1601 2861 1709 2885 unum

215 2894 408 2931 conductos
430 2895 562 2930 Esaum
583 2900 620 2931 et
641 2896 808 2932 Iacobum
827 2896 863 2932 in
882 2896 1034 2944 gratiam
1057 2902 1211 2932 mutuam
1235 2903 1442 2945 reponeret.
1486 2898 1622 2934 fecisse
1641 2898 1710 2932 hoc
