1742 3184
249 213 344 264 14‘2
554 249 557 251 -
696 251 698 253 .
716 214 962 261 ›GEORGII
995 215 1241 262 CEDRENI

230 356 233 358 v
240 351 332 391 μων
361 331 624 392 ἀπερίτμητοι
651 325 779 389 ἦσαν·
811 331 858 377 τὸ
882 333 926 378 δὲ
945 332 1099 388 αἶ’τιον,
1135 333 1197 378 ὅτι
1218 334 1368 388 παντὸς
1388 334 1628 394 ἂλλογενοῦς
1647 355 1710 382 κε-

237 403 483 461 χωρισμένοι
505 403 647 460 χρείαν
675 407 748 458 τῆς
773 407 992 460 περιτομῆς
1007 404 1091 447 οὐκ
1117 402 1236 459 εἶχον.
1305 409 1441 458 καλῶς
1458 405 1541 464 ἄρα
1559 407 1714 464 εἴρηται

241 478 299 531 τῷ
323 473 425 531 θείῳ
455 470 681 530 ἀποστόλῳ
701 471 762 515 ὅτι
787 470 877 515 οῦτε
901 471 1098 530 περιτομή
1120 491 1159 517 τι
1182 472 1309 530 ἰσχύει
1331 474 1424 519 οὔτε
1445 476 1711 534 ἀκροβυστία,

241 543 347 587 ἀλλὰ
371 540 539 599 τήρησις
561 542 744 585 ἐντολῶν.
812 543 881 584 καὶ
899 541 1101 599 φαγόντος
1114 544 1164 585 ’ἐκ
1181 549 1254 587 τοῦ
1274 544 1365 587 νέου
1384 546 1500 589 σίτου
1517 551 1590 589 τοῦ
1609 550 1711 589 λαοῦ

238 618 291 671 τῇ
324 613 427 670 αὐτῇ
454 610 589 670 ἡμέρᾳ
614 609 763 660 ἐξέλιπε
792 610 838 656 τὸ
868 609 1016 666 μάννα.
1084 611 1175 656 τότε
1202 615 1271 656 καὶ
1292 613 1363 657 τὸν
1386 614 1742 673 ἀρχιστράτηγονῦ

241 682 418 738 Μιχαὴλ
440 680 541 725 εἶδεν
566 680 732 735 Ἰησοῦς
755 677 776 722 ὅ
799 684 872 723 τοῦ
897 679 1023 736 Navi}
1043 682 1098 732 εὶς
1121 681 1286 740 Ἷεριχώ
1296 715 1310 736 ,
1347 683 1405 726 δι’
1426 678 1476 726 οὗ
1495 687 1565 727 καὶ
1587 703 1715 743 παρε-

175 759 221 796 'D
245 751 352 809 δόθη
367 752 485 809 αὐτῷ
506 748 530 805 ἧ
557 747 739 806 Ἵεριχώ·
771 747 876 805 μετὰ
899 750 978 809 γὰρ
1001 748 1157 809 ἡμέρας
1180 751 1213 803 ς’
1234 751 1614 810 περιστοιχισᾶντων
1638 755 1716 798 αὗ-

237 824 313 880 τὴν
333 821 437 878 μετὰ
461 824 535 876 τῆς
554 823 754 874 κιβωτοῦ,
782 820 864 863 ἐπεὶ
888 819 1111 864 ἐσάλπισαν
1130 823 1198 865 καὶ
1221 820 1401 878 ἐβόησαν
1422 821 1443 866 ὃ
1467 822 1586 876 λαός,
1622 823 1715 868 ἕπε-

231 910 308 936 -σον
324 889 537 946 αῧτόματα
553 890 606 932 τὰ
625 890 750 945 τείχη,
775 892 842 933 καὶ
863 891 1055 946 εἰσῆλθεν
1073 891 1115 933 ἐν
1133 894 1238 949 αὐτῇ
1252 891 1442 950 Ἰσραήλ,
1469 895 1536 936 καὶ
1554 892 1713 951 ἐσφάγη

234 966 315 1013 πᾶς
337 959 358 1005 ὃ
379 960 476 1012 λαὸς
495 963 570 1015 τῆς
584 957 747 1018 Ἵεριχῶ
766 962 834 1003 καὶ
851 964 933 1003 πᾶν
951 961 1051 1019 ζῷον
1062 993 1075 1013 ,
1107 961 1212 1017 πλὴν
1229 959 1362 1017 Ῥάαβ
1381 968 1456 1019 τῆς
1476 961 1628 1021 πόρνης
1645 965 1742 1006 nali

233 1036 308 1075 τοῦ
329 1031 441 1074 οἴκου
463 1029 601 1085 αὐτῆς.
650 1031 735 1073 ἐκεῖ
751 1032 816 1072 καὶ
835 1029 936 1086 ’Άχα
957 1030 1237 1088 ἐλιθοβολήθη
1257 1029 1338 1075 ὑπὸ
1355 1036 1429 1076 τοῦ
1443 1032 1619 1090 Ἰσραὴλ
1639 1033 1714 1077 σὺν

233 1106 336 1145 πᾶσι
363 1107 448 1151 τοῖς
478 1100 606 1143 αὗτοῦ
627 1099 694 1142 διὰ
716 1100 761 1142 τὸ
786 1098 1026 1157 ἀποκρύψαι
1045 1098 1256 1158 χρήματα.
1324 1099 1415 1144 τότε
1440 1103 1508 1143 καὶ
1532 1104 1574 1144 Γ
1570 1106 1714 1156 αβαω-

233 1178 341 1216 νῖται
372 1171 440 1213 καὶ
473 1169 511 1212 οἳ
544 1174 617 1212 τοῦ
649 1169 803 1224 Εὐαίου
835 1172 902 1212 καὶ
934 1169 972 1211 οἱ
1001 1171 1159 1223 λοιποί,
1188 1167 1244 1220 ὥς
1261 1168 1477 1228 μακρόθεν
1499 1173 1715 1224 οἰκοῦντες,

233 1241 339 1299 πρὸς
365 1240 532 1295 Ἰησοῦν
562 1238 742 1290 σπονδὰς
769 1243 1002 1282 ποιοῦνται·
1039 1238 1111 1291 οῦς
1140 1239 1325 1296 ἐπιγνοὺς
1349 1238 1521 1298 ὕστερον
1542 1244 1715 1296 πλησιο-

229 1310 394 1368 χώρους
418 1306 613 1365 ῦπάρχειν
639 1312 712 1363 τῆς
732 1309 806 1364 μὲν
830 1310 1111 1363 αῗχμαλωσίας
1133 1306 1410 1367 συνεχώρησε,
1443 1311 1644 1353 διακονεῖν
1669 1311 1742 1356 δεῚ

115 1388 146 1422 P
168 1389 213 1425 81
237 1382 305 1424 καὶ
325 1383 564 1437 ξυλοφορεῖν
582 1382 641 1436 τῷ
660 1381 748 1435 λαῷ
764 1379 1000 1435 προσέταξε.
1068 1378 1165 1430 τούς
1183 1379 1226 1421 δὲ
1239 1379 1512 1437 Ἀμορραίους
1528 1384 1715 1436 πολεμῶν

230 1449 373 1505 ἴστησε
395 1448 466 1491 τὸν
488 1446 604 1504 ἥλιον
627 1448 732 1490 κατὰ
752 1449 793 1489 Γ
791 1446 911 1502 αβαώ
919 1480 932 1500 ,
963 1449 1032 1491 καὶ
1053 1448 1158 1492 κατὰ
1178 1447 1372 1506 φάραγγα
1391 1448 1530 1504 Ἐλώμ
1550 1449 1624 1506 τὴν
1645 1447 1715 1493 σε·-

228 1518 376 1575 λήνην,
404 1518 479 1568 ἕως
505 1518 770 1573 ἓξεπολέμησε
801 1517 897 1568 τοὺς
927 1516 1119 1575 ἐχθρούς.
1190 1522 1320 1561 πᾶσαι
1343 1518 1388 1560 δὲ
1411 1518 1462 1569 ἃς
1484 1520 1715 1576 παρέλαβεν

222 1588 392 1644 Ἰησοῦς
409 1591 484 1630 τοῦ
503 1590 628 1642 Ναυῆ
644 1588 856 1641 βασιλείας
875 1587 1114 1630 εἷκοσιεννέα
1134 1581 1241 1642 ἦσαν
1248 1618 1262 1639 ,
1298 1587 1488 1645 ἒπαρχίαι
1520 1588 1565 1630 δὲ
1597 1585 1714 1642 ἑπτά,

228 1657 359 1715 πάρεξ
388 1661 469 1699 τῶν
500 1660 575 1711 τῆς
601 1654 765 1714 Ἵεριχὼ
784 1657 851 1698 καὶ
874 1659 951 1711 τῆς
972 1657 1013 1697 Γ
1009 1656 1075 1699 εἶθ.
1144 1656 1219 1711 τὴν
1252 1657 1298 1699 δὲ
1319 1654 1484 1714 Ἶεριχὼ
1507 1656 1626 1700 πόλιν
1645 1659 1742 1704 καὶε

233 1728 434 1769 Φοινίκων
457 1722 574 1767 πόλιν
602 1723 811 1780 ὀνομάζει,
846 1726 1066 1776 Κινναιόυς
1096 1724 1142 1767 δὲ
1173 1725 1271 1776 τοὺς
1297 1724 1523 1783 ἀπογόνους
1549 1726 1714 1785 Ἰοθόρ.

229 1790 349 1847 οὗτος
378 1795 454 1851 τὴν
480 1799 558 1850 γῆν
588 1798 663 1849 τῆς
691 1796 929 1850 ἐπαγγελίας
958 1799 1040 1837 τῶν
1065 1794 1283 1837 Ἰουδαίων
1312 1794 1423 1838 ἔθνει
1454 1796 1633 1850 διανέμει
1657 1798 1715 1848 εἲς

230 1869 395 1924 κλῆρον.
435 1867 601 1925 τελευτᾷ
622 1864 667 1906 δὲ
687 1861 812 1919 ζήσας
832 1862 901 1920 ἔτη
923 1862 1065 1907 ἑκατὸν
1087 1864 1197 1918 δέκα,
1220 1862 1430 1923 κρατήσας
1445 1869 1521 1909 τοῦ
1536 1865 1713 1924 Ἰσραὴλ

226 1997 356 2034 bellum
377 1995 454 2042 apti
475 1999 598 2041 erant,
620 1995 857 2031 incircumcisi
879 2000 1095 2032 manserant.
1144 2008 1249 2031 causa
1271 1996 1342 2032 fuit
1365 1998 1460 2044 quod
1483 1999 1527 2034 ab
1552 1999 1712 2035 omnibus

229 2043 439 2089 alienigenis
469 2042 626 2089 separati
650 2043 738 2082 nibil
762 2043 1028 2078 circumcisione
1056 2042 1275 2088 indigebant.
1325 2045 1510 2090 praeclare
1540 2044 1661 2092 itaque
1691 2058 1714 2082 a

227 2090 351 2126 divino
377 2089 538 2135 apostolo
562 2090 692 2124 dictum
717 2095 773 2124 est
797 2090 834 2133 (1
860 2090 947 2124 Cor.
972 2091 1030 2134 7),
1064 2101 1179 2136 neque
1202 2090 1503 2126 circumcisionem
1526 2092 1714 2138 quicquam

226 2136 349 2172 valere
382 2147 498 2182 neque
531 2136 775 2182 praeputium,
810 2137 874 2171 sed
907 2141 1177 2184 praeceptorum
1207 2137 1266 2172 dei
1297 2138 1594 2173 observationem.
1642 2149 1713 2185 quo

184 2208 194 2217 .
228 2182 289 2218 die
320 2182 422 2217 novis
453 2183 629 2218 fructibus
664 2182 815 2228 populus
850 2183 948 2217 vesci
982 2184 1121 2229 coepit,
1162 2195 1204 2218 eo
1228 2195 1354 2219 manna
1377 2185 1523 2220 defecit.
1571 2189 1656 2220 tunc
1677 2188 1714 2221 et

227 2229 342 2265 divini
373 2228 549 2264 exercitus
582 2229 777 2276 principem
809 2228 1018 2264 Michaolum
1051 2231 1157 2264 Iosua
1186 2229 1390 2266 Ierichunte
1412 2231 1538 2276 vidit,-
1559 2232 1716 2277 urbsque

227 2276 302 2323 ipsi
323 2277 367 2311 ab
392 2288 434 2310 eo
459 2276 592 2311 tradita
616 2280 683 2311 est.
731 2287 808 2310 cum
827 2276 919 2310 enim
937 2275 1086 2322 populus
1117 2287 1192 2311 eam
1216 2289 1281 2322 per
1304 2289 1369 2313 sex
1392 2277 1468 2313 dies
1492 2278 1715 2313 circumivis-

229 2328 306 2367 set,
344 2321 445 2357 simul
467 2327 606 2368 gestata
627 2322 784 2358 foederis
809 2334 892 2357 arca
905 2349 915 2367 ‚
940 2328 1166 2368 posteaquam
1190 2323 1286 2359 tubis
1311 2323 1442 2360 cecinit
1463 2336 1506 2359 ac
1528 2324 1716 2360 clamorem

229 2368 392 2414 sustulit,
418 2369 555 2404 moenia
581 2369 681 2404 urbis
705 2374 914 2404 corruerunt
934 2369 1155 2415 populusque
1179 2369 1215 2404 in
1238 2382 1314 2405 eam
1337 2370 1499 2406 intravit.
1546 2370 1716 2418 oppidani

226 2415 472 2450 internecione
491 2415 600 2451 deleti
619 2420 701 2451 sunt
723 2426 799 2450 cum
821 2415 945 2450 bestiis
970 2416 1063 2460 suis,
1099 2415 1175 2451 sola
1195 2417 1343 2452 Rahaba
1366 2417 1553 2453 meretrice
1577 2423 1615 2452 et
1638 2417 1716 2452 eius

226 2462 362 2496 familia
384 2463 588 2507 superstite.
634 2469 720 2497 tunc
745 2467 782 2496 et
803 2461 966 2497 Achanus
989 2462 1166 2508 lapidibus
1186 2474 1263 2498 cum
1285 2463 1420 2499 familia
1440 2475 1505 2499 sua
1523 2468 1715 2510 coopertus

230 2513 308 2553 est,
340 2509 434 2554 quod
468 2509 513 2543 de
544 2509 677 2555 praeda
709 2514 804 2543 esset
832 2507 1028 2555 peculatus,
1075 2514 1159 2543 tunc
1187 2510 1293 2544 etiam
1318 2510 1563 2555 Gabaonstae,
1594 2508 1714 2545 Evaei

227 2555 365 2599 posteri
389 2567 431 2589 ac
455 2554 603 2600 reliqui,
640 2554 803 2590 simulato
827 2566 866 2589 se
889 2554 1113 2600 longinquam
1138 2561 1268 2591 terram
1292 2556 1468 2601 incolere,
1506 2567 1582 2591 cum
1606 2557 1714 2592 Iosua

225 2600 352 2635 foedus
377 2601 602 2647 pepigerunt.
649 2613 737 2647 quos
771 2612 848 2635 cum
883 2601 1011 2636 deinde
1035 2602 1140 2636 Iosua
1169 2602 1404 2637 intellexisset
1426 2602 1595 2638 finitimos
1619 2614 1713 2648 esse,

227 2647 404 2692 capitibus
424 2647 562 2693 quidem
584 2659 702 2682 eorum
727 2647 907 2694 pepercit,
930 2648 1053 2694 populi
1078 2653 1194 2683 tamen
1212 2648 1371 2684 Israelici
1390 2649 1481 2684 lixas
1500 2650 1641 2685 calones
1667 2661 1713 2684 ne

225 2704 306 2726 esse
328 2693 443 2728 iussit.
493 2705 569 2728 cum
603 2694 808 2729 Amorraeis
843 2705 950 2741 porro
982 2705 1141 2740 pugnans
1176 2695 1283 2730 solem
1307 2696 1401 2742 apud
1425 2697 1633 2731 Gabaonem
1669 2706 1713 2730 u-

224 2749 375 2783 namque
408 2740 452 2774 ad
485 2739 610 2775 vallem
641 2740 799 2775 Elomam
830 2741 1026 2775 subsistere
1050 2741 1173 2786 iussit,
1207 2742 1288 2777 dum
1320 2742 1441 2777 hostes
1470 2743 1708 2778 exscinderet·

225 2795 338 2830 regna
360 2785 398 2818 in
422 2797 518 2820 suam
541 2792 754 2831 potestatem
775 2786 912 2832 redegit
934 2787 1039 2822 Iosua
1063 2799 1205 2822 numero
1230 2790 1296 2833 29,
1320 2789 1539 2836 principatus
1563 2791 1587 2825 7
1597 2816 1608 2835 ,
1644 2799 1709 2823 ex-

225 2835 332 2876 cepta
354 2831 555 2866 Ierichunte
579 2838 616 2866 et
638 2833 770 2867 Getha.
819 2835 939 2868 urbem
962 2834 1200 2869 Ierichuntem
1224 2834 1331 2870 etiam
1349 2835 1564 2870 Phoenicum
1587 2837 1709 2871 urbem

226 2875 408 2922 appellat,
434 2878 610 2912 Cinnaeos
631 2880 876 2924 posteritatem
898 2880 1064 2916 lotheris.
1111 2881 1217 2916 Iosua
1238 2893 1323 2927 ergo
1345 2887 1476 2917 terram
1499 2882 1709 2929 promissam

226 2922 371 2959 ludaico
394 2924 523 2971 populo
547 2924 704 2961 tributim
727 2926 922 2964 distribuit.
969 2933 1125 2964 mortuus
1155 2933 1210 2964 est
1241 2939 1351 2964 annos
1375 2933 1478 2965 natus
1506 2930 1593 2975 110,
1627 2938 1703 2964 cum
