1742 3184
235 178 334 228 584
711 179 950 226 GEORGII
979 179 1223 224 GEDRENI

233 294 458 347 ἀπόστολος
475 293 532 352 τε’ἦ
559 292 694 353 ἀγάπη
717 298 1003 353 μακροθυμεῖ,
1028 291 1313 352 χρηστεύεται,
1344 292 1694 353 οὗιπαροξύνεται,

199 374 202 376 ’
232 367 281 409 οὗ
301 366 494 422 λογίζεται
512 364 558 408 τὸ
578 364 733 408 κακόν”
764 365 832 406 καὶ
850 362 911 407 ὅτι
931 362 952 407 ὅ
971 364 1072 416 θεὸς
1090 362 1226 421 ὧγάπη
1245 365 1350 417 ἔστί,
1369 366 1448 408 καὶ
1466 363 1488 408 ὃ
1505 365 1636 420 μένων
1654 367 1696 408 ἓν

232 439 282 493 τῇ
300 433 440 491 ’ἀγάπῃ
465 435 505 476 ἓν
528 438 586 491 τῷ
606 437 695 491 θεῷ
714 432 836 488 μένει.
1411 429 1419 440 “

368 503 494 546 Μετὰ
513 503 558 545 δὲ
577 500 849 556 τὴνἸωάννου
867 500 1056 556 τελευτὴν
1075 499 1290 553 ἓπὶσκοπός
1309 518 1370 553 τις
1394 499 1529 556 ἅγιος,
1557 500 1696 544 Ἀδελ-

233 572 327 629 φιὸς
343 570 471 626 ὄνομα
489 571 613 628 αὐτῷ,
642 570 771 627 ἔλεγεν
790 569 850 613 ὅτι
869 568 999 625 λύπην
1019 569 1124 625 εἶχον
1145 569 1368 628 ἀφόρητον,
1395 568 1503 613 διότι
1520 567 1541 612 ὃ
1561 574 1694 612 τοιοῦ-
1706 576 1729 612 5

231 657 302 691 τος
331 638 455 694 ἀνήρ,
491 637 511 681 ὃ
538 644 612 695 τῆς
640 640 874 694 οἰκουμένης
894 638 1140 690 διδάσκαλος
1148 671 1161 691 ,
1196 637 1217 682 ὃ
1239 647 1323 691 τοῖς
1341 638 1474 696 λόγοις
1493 637 1698 695 εὐφράνας

230 710 304 763 τὴν
325 709 537 763 ἐκκλησίαν
555 713 628 751 τοῦ
647 713 750 752 θεοῦ
761 741 774 761 ,
801 708 878 759 ἔξω
900 712 974 751 τοῦ
993 707 1148 766 θρόνου
1170 707 1297 752 αὐτοῦ
1317 706 1531 764 ἐκοιμήθη.
1585 705 1698 750 ἐδεό-

229 796 312 832 μην
341 773 411 820 οὗν
441 781 515 820 τοῦ
538 782 642 821 θεοῦ
662 779 766 832 μετὰ
786 781 946 820 πολλῶν
969 775 1156 835 δακρύων
1171 779 1240 820 ἵνα
1260 780 1370 835 δείξῃ
1388 766 1460 832 μοι
1481 773 1626 828 αὐτόν,
1656 776 1698 818 ἐν

229 848 325 905 ποίᾳ
362 845 605 890 καταστάσει
637 848 745 899 ἐστι’,
780 849 847 889 καὶ
870 848 904 889 εἲ
923 846 1026 900 μετὰ
1049 851 1130 889 τῶν
1151 850 1412 904 πατριαρχῶν
1430 843 1565 901 ἔτάγη.
1634 846 1698 887 ἐπὶ

179 922 210 957 C
234 915 360 958 πολὺν
388 909 460 958 οὖν
480 914 630 972 χρόνον
647 921 766 958 τοῦτο
787 914 1002 970 εὐχόμενος
1023 916 1064 957 ἓν
1084 919 1161 975 μιᾷ
1178 917 1339 971 γίνομαι
1361 917 1403 958 ἐν
1423 913 1606 958 ἐκστάσει
1630 915 1742 956 καὶ1(

227 988 376 1042 θεωρῶ
402 983 532 1041 ἄνδρα
555 984 644 1027 τινὰ
667 982 776 1027 πάνυ
800 985 931 1039 εὐειδῆ
945 1016 958 1035 ,
994 983 1256 1041 κρατήσαντά
1284 1002 1336 1039 με
1362 989 1435 1039 τῆς
1459 986 1592 1034 δεξιᾶς
1611 1000 1700 1038 χει-

229 1052 322 1110 ρός,
359 1051 404 1103 ὃς
427 1051 645 1108 ἀπαγαγών
665 1070 716 1107 με
737 1055 791 1103 εἷς
809 1052 931 1095 τόπον
951 1052 1140 1110 λαμπρὸν
1157 1054 1226 1095 καὶ
1244 1051 1507 1111 ὓπερένδοξον
1527 1052 1702 1095 ε’δείκνυέ

227 1139 298 1176 μοι
321 1123 418 1172 τοὺς
439 1126 512 1176 τῆς
536 1122 747 1177 ἐκκλησίας
768 1119 1052 1172 διδασκάλους.
1121 1122 1200 1177 ἐγὼ
1228 1123 1297 1173 δέ,
1330 1123 1455 1180 φησί,
1491 1120 1699 1178 περιεσκό-

227 1192 447 1233 πουνῖδεῖν
467 1189 513 1233 ὃν
534 1192 803 1245 καταθυμίως
834 1189 938 1246 εἶχον
946 1222 960 1243 ,
994 1190 1066 1233 τὸν
1096 1192 1224 1247 μέγαν
1251 1190 1470 1246 Ἰωάννην,
1504 1191 1575 1233 τὸν
1603 1190 1699 1245 ε’μόν

226 1257 446 1316 ἀγαπητόν.
515 1258 572 1311 ὥς
594 1255 664 1302 οὖν
685 1260 810 1311 ἴδειξέ
826 1277 898 1315 μοι
920 1257 1074 1310 πάντας
1096 1262 1163 1302 καὶ
1186 1258 1358 1303 ἑκάστου
1379 1261 1425 1303 τὸ
1451 1259 1580 1313 ὄνομα
1602 1258 1698 1311 εἶπε,
1712 1264 1742 1300 1ἑ

222 1328 434 1384 κρατήσας
461 1346 513 1383 με
541 1327 662 1371 πάλιν
688 1334 760 1384 τῆς
779 1329 917 1386 χειρὸς
939 1327 1106 1384 ἐξήγαγέ
1119 1346 1169 1383 με
1192 1328 1282 1380 ἔξω.
1351 1329 1429 1386 ἐγὼ
1457 1330 1502 1371 δὲ
1527 1332 1702 1383 λελυπη-

226 1398 346 1451 μένος
374 1395 632 1452 ἠκολούθουν
663 1397 795 1454 αὐτῷ,
829 1395 887 1450 μὴ
921 1393 1113 1451 ἑωρακώς
1137 1398 1242 1449 μετὰ
1258 1401 1340 1438 τῶν
1359 1398 1545 1455 πατέρων
1567 1397 1637 1440 τὸν
1660 1399 1702 1439 ἓν

228 1464 356 1519 ἁγίοις
381 1463 594 1520 Ἰωάννην.
664 1463 719 1515 ὥς
751 1459 822 1507 οὗν
850 1462 1103 1521 ἐξηρχόμην,
1140 1461 1160 1505 ὃ
1189 1462 1367 1520 ἐφεστὼς
1394 1468 1446 1520 τῇ
1473 1465 1588 1523 θύρᾳ
1614 1468 1702 1508 ἔπι-

230 1533 339 1588 σχών
369 1552 420 1589 με
452 1535 555 1591 λέγει
584 1551 656 1589 μοι
684 1532 848 1584 “οὖδεὶς
881 1531 1160 1588 εἰσερχόμενος
1190 1527 1267 1575 ὧδε
1303 1531 1553 1586 λυπούμενος
1585 1533 1701 1575 ἔνθεν

920 1599 996 1616 «ια
1036 1600 1055 1614 er

176 1607 209 1643 D
234 1603 476 1660 ἔξέρχεται.”
548 1602 639 1646 τότε
682 1603 783 1658 λε’γω
827 1603 937 1660 αὗτῳ
1003 1620 1105 1657 αυτη
1139 1603 1213 1655 μοί
1244 1603 1329 1644 ε’στι
1366 1600 1496 1656 λύπη,
1540 1600 1601 1645 ὅτι
1631 1602 1742 1645 τὸν2(

229 1670 578 1729 προσφιλέστατόν
603 1688 676 1726 μοι
691 1669 890 1727 Ἰωάννην
910 1670 981 1714 τὸν
1002 1672 1217 1714 ἐπίσκοπον
1237 1670 1703 1722 Κωνσταντινουπόλεως

227 1742 305 1795 οὐχ
327 1739 488 1797 ἑώρακα
508 1741 611 1795 μετὰ
630 1744 711 1782 τιῦν
733 1739 867 1782 ἄλλων
894 1745 968 1795 τῆς
991 1740 1203 1794 ἐκκλησίας
1229 1738 1531 1782 διδασκάλίον.”
1603 1738 1624 1782 ὃ
1656 1742 1700 1783 δὲ

228 1809 351 1851 πάλιν
372 1810 475 1864 λέγει
494 1826 564 1862 μοι
588 1807 612 1822 “
627 1807 814 1863 Ἰωάννην
834 1809 904 1850 τὸν
924 1813 996 1862 τῆς
1016 1810 1232 1862 μετανοίας
1252 1808 1432 1863 λε’γεις;”
1469 1808 1568 1864 λέγω
1589 1810 1702 1867 αὐτῷ’

229 1879 309 1920 ναί.
379 1875 401 1919 ὅ
431 1878 474 1920 δὲ
499 1877 738 1934 ἀποκριθεὶς
766 1877 869 1934 λέγει
895 1894 968 1932 μοι
997 1875 1249 1935 αἄνθρωπος
1278 1878 1424 1920 ἐκεῖνον
1442 1876 1484 1919 ἐν
1503 1880 1622 1934 σαρκὶ
1644 1877 1700 1920 ὢν

228 1985 315 2020 iram
338 1985 441 2021 tarda
462 1989 535 2029 est,
568 1985 721 2031 benigna
744 1989 816 2031 est,
849 1997 918 2021 non
940 1984 1120 2029 irritatur,
1153 1996 1224 2019 non
1246 1988 1388 2030 reputat
1411 1983 1573 2021 maium.’'
1617 1987 1701 2023 item

230 2034 268 2075 (1
293 2032 391 2066 Ioan.
415 2032 455 2077 4)
488 2029 598 2068 “deus
624 2038 678 2067 est
701 2033 848 2067 caritas:
875 2033 936 2078 qui
958 2032 996 2067 in
1020 2032 1166 2067 caritate
1190 2038 1389 2078 permanet,
1412 2032 1443 2068 is
1466 2033 1504 2068 in
1527 2034 1593 2068 deo
1617 2046 1701 2080 per-

228 2074 383 2113 manet.''

319 2125 461 2159 Mortuo
486 2124 737 2169 chrysostomo
760 2129 901 2160 sanctus
925 2123 1064 2169 quidam
1087 2123 1294 2170 episcopus,
1331 2124 1469 2160 nomine
1498 2126 1703 2172 Adelphius,

229 2182 327 2215 cum,
362 2175 402 2205 ut
424 2169 564 2216 quidem
587 2171 667 2218 ipse
686 2173 818 2216 refert,
854 2170 1095 2205 incredibilem
1123 2170 1277 2204 dolorem
1299 2182 1343 2204 ex
1368 2182 1410 2205 eo
1436 2172 1588 2217 cepisset
1609 2175 1702 2219 quod

226 2220 346 2251 tantus
377 2216 455 2261 vir,
494 2217 588 2252 orbis
612 2224 784 2252 terrarum
809 2218 932 2252 doctor
954 2229 995 2252 ac
1019 2217 1079 2262 qui
1103 2217 1175 2251 suis
1199 2217 1415 2252 sermonibus
1439 2218 1620 2253 ecclesiam
1644 2220 1703 2254 dei

227 2263 509 2308 exhilaraverat,
542 2270 642 2299 extra
665 2275 762 2299 suum
786 2264 1025 2310 episcopatum
1051 2262 1215 2307 obiisset,
1253 2263 1358 2297 multo
1383 2275 1458 2298 cum
1481 2265 1567 2300 fletu
1590 2277 1612 2299 a
1634 2266 1700 2300 deo

227 2308 422 2354 postulavit
453 2314 492 2343 ut
526 2321 602 2344 eum
635 2311 706 2345 sibi
738 2311 959 2353 ostenderet,
995 2321 1064 2355 quo
1089 2314 1182 2343 statu
1206 2314 1302 2343 esset
1325 2315 1360 2343 et
1382 2315 1496 2345 utrum
1519 2311 1613 2346 inter
1635 2325 1700 2357 pa-

227 2356 399 2390 triarchas
430 2356 575 2390 relatus.
622 2362 694 2391 tum
728 2356 914 2401 aliquando
950 2361 1051 2390 extra
1083 2367 1122 2389 se
1156 2360 1277 2400 raptus
1309 2354 1421 2390 virum
1451 2357 1542 2392 vidit
1570 2358 1701 2403 insigni

228 2401 507 2447 pulchritudine,
531 2403 592 2447 qui
616 2404 740 2437 dextra
764 2413 863 2436 manu
888 2402 1142 2448 apprehensum
1166 2400 1313 2435 abduxit
1335 2401 1371 2435 in
1394 2402 1513 2440 locumv
1530 2406 1702 2449 quendam

228 2447 448 2492 splendidum
471 2459 512 2481 ac
535 2449 729 2484 maiestatis
759 2449 917 2493 plenum,
951 2448 1071 2493 ibique
1097 2447 1130 2481 ei
1154 2448 1315 2482 doctores
1340 2447 1510 2483 ecclesiae
1533 2451 1699 2485 ostendit.

229 2505 294 2538 ego
320 2499 457 2538 autem,
483 2493 600 2539 inquit
618 2494 830 2541 Adelphius,
855 2494 1140 2529 circumferebam
1162 2493 1279 2528 oculos
1299 2505 1413 2538 meoS,
1438 2495 1552 2530 sicubi
1575 2509 1700 2532 cerne-

226 2550 300 2574 rem
334 2540 569 2575 desideratum
595 2554 617 2576 a
641 2554 695 2576 me
717 2541 1019 2585 chrysostomum.
1066 2551 1186 2574 verum
1210 2539 1268 2574 ille
1291 2540 1449 2576 omnibus
1472 2541 1556 2576 mihi
1578 2543 1698 2588 singu-

226 2585 324 2619 latim
357 2587 603 2621 demonstratis
634 2587 902 2632 nominibusque
930 2587 1116 2630 indicatis,
1151 2597 1270 2620 rursus
1294 2598 1348 2620 me
1372 2598 1475 2622 manu
1502 2597 1699 2635 correptum

229 2631 363 2666 eduxit.
411 2644 476 2677 ego
501 2644 577 2668 eum
601 2635 776 2679 sequebar
799 2639 974 2677 moestus,
998 2633 1091 2678 quod
1114 2638 1267 2666 sanctum
1294 2632 1580 2677 chrysostomum
1607 2636 1700 2670 inter

229 2683 348 2721 patres
372 2690 441 2712 non
464 2678 643 2717 vidissem.
692 2679 927 2724 egredientem
953 2691 1007 2714 me
1028 2678 1159 2713 ianitor
1180 2677 1354 2722 inhibuit,
1384 2680 1504 2715 dicens
1528 2682 1698 2716 neminem

228 2722 288 2766 qui
310 2723 378 2758 huc
401 2725 583 2770 intrasset,
619 2726 757 2761 tristem
781 2725 916 2770 egredi.
963 2724 1129 2770 respondi
1151 2725 1240 2758 hanc
1262 2724 1347 2758 mihi
1370 2726 1535 2761 tristitiae
1558 2739 1698 2764 causam

228 2779 327 2812 esse,
360 2771 451 2814 quod
484 2772 698 2806 carissimum
729 2772 814 2806 mihi
839 2772 1004 2806 Ioannem
1028 2770 1250 2816 Cpolitanum
1275 2770 1474 2817 episcopum
1497 2775 1590 2808 inter
1611 2774 1697 2808 reli-

226 2825 314 2858 quos
347 2815 515 2851 ecclcsiae
545 2819 706 2854 doctores
733 2830 803 2852 non
828 2818 1009 2854 vidissem.
1057 2824 1128 2851 tum
1152 2816 1210 2851 ille
1232 2813 1488 2854 “stanneum”
1511 2820 1563 2855 ait
1583 2817 1698 2855 “dicis

226 2860 463 2906 poenitentem
474 2865 492 2896 ’ἐ
502 2860 524 2873 ”
573 2865 764 2900 affirmanti
797 2861 947 2905 ‘Zhomo’'
980 2863 1098 2910 inquit
1129 2859 1191 2898 “in
1219 2874 1326 2898 earne
1349 2864 1463 2900 adhuc
1485 2867 1617 2912 degens
1640 2865 1696 2900 vi-
