1742 3184
393 175 803 222 HISTORIARUM.
833 177 1233 224 COMPENDIUM.
1455 181 1558 229 289

71 293 140 337 καὶ
170 289 391 345 ἐπιδιώξας
413 291 636 349 Ἀντίοχος
654 289 880 350 ἐπολιόρκει
896 290 1064 349 ταύτην.
1134 291 1221 337 εἶτα
1240 291 1386 352 λόγους
1407 297 1557 355 εῗρηνι-

70 362 170 413 ποὺς
194 363 299 418 μεθ’
329 361 461 421 ὅρκων
486 362 787 418 ποιησαμένου,
817 362 976 417 δέχεται
1005 362 1129 406 αὐτὸν
1155 361 1315 415 Ἰούδας
1339 364 1455 408 ἔνδον
1482 371 1557 423 τῆς

68 430 236 482 πόλεως.
305 430 328 474 ὃ
373 432 420 474 δὲ
457 431 657 474 εἰσελθών
686 432 754 473 καὶ
781 430 853 474 τὸν
877 429 998 488 ὅρκον
1025 432 1375 491 παρασπονδήσας
1405 436 1473 478 καὶ
1504 435 1552 479 τὸ

66 506 199 555 τεῖχος
218 501 352 544 τέλεον
371 501 665 558 καταστρέψας
682 501 752 543 καὶ
770 500 867 551 τοὺς
883 500 1100 559 οἰκήτορας
1118 502 1344 555 σκυλεύσας
1363 505 1420 555 εἷς
1442 505 1551 548 Ἀν-

32 569 244 625 5τιόχειαν
279 567 526 627 ὑπέστρεψε.
593 569 699 624 μετὰ
740 570 786 613 δὲ
822 575 953 614 ταῦτα
983 569 1143 623 Ἰούδας
1178 574 1310 631 τρισὶν
1339 571 1442 618 ἔτεσι
1474 574 1548 630 τὴν
1571 577 1600 612 Ρ
1624 579 1691 615 165

63 640 290 696 θρησκείαν
314 639 637 696 ὀλιγωρηθεΐσαν
660 638 736 693 τὴν
755 637 928 697 πάτριον
950 639 1223 697 ἀνεκτήσατο,
1253 644 1321 685 καὶ
1347 644 1551 698 πολέμους

62 708 241 759 πολλοὺς
269 706 570 762 ἐπιδειξάμενος
596 709 665 751 καὶ
689 706 868 766 τρόπαια
899 707 1059 765 μεγάλα
1089 709 1345 767 στησάμενος
1377 714 1445 755 καὶ
1475 718 1549 768 τῆς

57 775 201 834 χώρας
227 776 414 828 ἅπαντας
442 774 653 828 ἀπελάσας
671 782 746 820 τοῦ
765 776 988 833 Ἀντιόχου
1010 781 1079 822 καὶ
1100 780 1172 824 τὸν
1190 781 1289 824 ναὸν
1309 779 1547 840 ἐκκαθάρας

59 845 202 904 γνώμῃ
226 848 377 899 παντὸς
402 851 478 890 τοῦ
501 849 607 890 λαοῦ
637 851 719 890 τῶν
748 845 966 891 Ἰουδαίων
989 849 1065 905 τὴν
1089 848 1392 909 ἀρχιερωσύνην
1417 851 1545 906 παρέ-

3 924 49 960 10
58 919 174 970 λαβε.
242 951 245 955 .
350 921 354 926 “

195 984 263 1027 Τὰ
299 985 344 1027 δὲ
376 983 588 1039 Ῥωμαίων
625 982 848 1042 πράγματα
884 987 1067 1044 διῳκεῖτο
1096 986 1238 1047 πρῴην
1264 986 1344 1033 ὑπὸ
1374 986 1541 1033 ὑπάτων

54 1053 118 1096 ἐπὶ
147 1052 216 1110 ἔτη
242 1053 329 1105 τξδ’
358 1054 435 1105 ἕως
457 1055 637 1097 Ἰουλίου
673 1056 887 1113 Καίσαρος
924 1060 998 1097 τοῦ
1034 1055 1094 1111 μὴ
1135 1058 1418 1113 γεννηθέντος·
1465 1064 1540 1114 τῆς

52 1122 132 1180 γὰρ
168 1123 326 1181 μητρὸς
364 1124 491 1167 αὐτοῦ
526 1121 740 1179 θανούσης
777 1125 820 1167 ἐν
860 1129 920 1182 τῷ
950 1122 997 1166 θ’
1027 1126 1147 1180 μηνί,
1187 1124 1340 1182 ταύτην
1368 1127 1538 1182 ἀνασχί-

51 1208 196 1244 σαντες
222 1194 413 1247 ἐξέβαλον
445 1191 590 1245 αὐτόν,
626 1192 728 1236 ὅθεν
756 1195 824 1235 καὶ
854 1194 1009 1249 λέγεται
1033 1196 1226 1252 Καῖσαρ,
1263 1195 1286 1238 ὅ
1306 1197 1415 1239 ἐστιν
1434 1197 1537 1239 ἄνα-

0 1274 39 1311 ι5
50 1260 170 1317 τομή.
238 1261 318 1320 ἀφ’
349 1255 400 1305 οὗ
428 1263 639 1321 Καίσαρες
658 1264 727 1306 καὶ
747 1262 786 1304 οἱ
807 1266 888 1306 τῶν
901 1261 1113 1318 Ῥωμαίων
1126 1269 1311 1319 βασιλεῖς
1329 1282 1536 1323 προσηγο-

49 1328 274 1388 ρεύθησαν.
334 1354 338 1364 -·

189 1404 266 1459 Τῷ
296 1400 342 1443 δὲ
370 1398 473 1443 εσια’
501 1398 579 1444 ἴτει
609 1403 685 1444 τοῦ
706 1398 863 1454 κόσμου
883 1399 1203 1458 Ἀλεξανδρείας
1224 1403 1294 1444 καὶ
1315 1399 1530 1459 Αἰγύπτου
1554 1409 1585 1445 Β

46 1470 308 1524 Πτολεμαῖος
336 1467 358 1512 ὃ
389 1467 644 1527 φιλάδελφος
671 1470 931 1523 ἐβασίλευσεν
954 1469 1022 1525 ἔτη
1044 1468 1123 1526 λη’,
1159 1469 1205 1521 ὃς
1222 1473 1290 1513 καὶ
1311 1472 1386 1526 τὴν
1404 1489 1534 1525 μετα-

43 1538 175 1594 βολὴν
204 1543 287 1583 τῶν
310 1539 437 1582 θείων
456 1543 628 1596 γραφῶν
648 1541 716 1581 καὶ
740 1543 893 1582 λοιπῶν
910 1537 1156 1594 Ἑλληνικῶν
1174 1541 1427 1583 Χαλδαϊκῶν
1446 1542 1533 1583 Αἶ-

0 1610 223 1664 ζογυπτίων
246 1610 316 1651 καὶ
336 1606 574 1663 Ῥωμαϊκῶν
592 1609 650 1658 εἷς
668 1609 766 1651 δέκα
782 1606 991 1664 μυριάδας
1010 1609 1328 1665 ἀριθμουμένων
1344 1611 1531 1662 βιβλίων,

44 1682 190 1722 πασῶν
218 1695 263 1723 τε
291 1676 589 1733 ἄλλογλώσσων
615 1677 750 1720 οὐσῶν
758 1710 773 1730 ,
810 1680 868 1728 εἷς
892 1677 967 1731 τὴν
989 1676 1170 1720 Ἑλλάδα
1197 1681 1388 1733 γλῶσσαν
1398 1696 1531 1732 ,μετε-

44 1748 186 1803 ποίησε
210 1747 280 1790 διὰ
301 1751 384 1790 τῶν
404 1745 439 1790 ο’
457 1745 712 1805 σοφωτάτων
726 1745 954 1804 Ἑβραίων·
984 1746 1035 1798 ἃς
1061 1749 1128 1789 καὶ
1151 1748 1193 1790 ἐν
1213 1753 1304 1797 ταῖς
1327 1747 1433 1791 κατὰ
1455 1748 1530 1803 τὴν

35 1815 359 1874 Ἀλεξάνδρειαν
375 1815 670 1872 βιβλιοθήκαις
689 1816 817 1860 αὐτοῦ
834 1816 1069 1860 ἐναπέθετο.
1138 1816 1272 1872 γέγονε
1290 1817 1337 1859 δὲ
1354 1815 1381 1872 ἦ
1399 1834 1529 1871 μετα-

38 1887 145 1942 βολὴ
169 1890 285 1930 πᾶσα
308 1890 391 1930 τῶν
406 1884 635 1946 Ἑβραϊκῶν
650 1888 823 1941 βιβλίων
845 1888 887 1930 ἓν
908 1884 1024 1937 ὅλαις
1040 1883 1212 1946 ἦμέραις
1228 1883 1294 1940 οβ’
1296 1917 1308 1929 .
1378 1886 1441 1929 ἐπὶ
1469 1891 1529 1947 τῷ

131 1997 155 2033 8
174 1995 271 2043 τοῦ]
295 1993 417 2037 wag?-

36 2089 211 2136 profugit.
259 2100 338 2124 eum
360 2087 542 2124 insecutus
565 2088 761 2126 Antiochus
791 2089 915 2125 urbem
945 2087 1132 2124 obsidione
1162 2086 1286 2122 cinxit.
1333 2091 1417 2131 post
1437 2099 1527 2134 pace

36 2135 235 2182 composita
256 2140 293 2170 et
319 2135 405 2171 dato
431 2135 661 2172 iureiurando
693 2135 866 2172 admissus
889 2135 927 2170 in
954 2136 1077 2170 urbem
1100 2135 1145 2168 ab
1169 2133 1277 2176 Iuda,
1311 2133 1444 2168 violato
1468 2135 1526 2169 iu-

35 2187 216 2226 ramento,
248 2192 366 2216 muros
397 2193 543 2228 prorsus
573 2183 726 2228 deiecit,
762 2195 806 2218 ac
826 2182 952 2217 incolis
974 2180 1136 2227 spoliatis
1160 2179 1379 2214 Antiochiam
1402 2180 1526 2216 rediit.

33 2234 118 2275 post
147 2228 238 2264 haec
265 2227 422 2263 triennio
450 2228 558 2263 Iudas
583 2229 714 2265 avitam
738 2229 946 2275 religionem
966 2239 1058 2274 pene
1081 2226 1274 2261 obsoletam
1296 2225 1524 2274 instauravit,

33 2275 277 2320 bella'magna
297 2274 423 2320 gessit,
451 2279 670 2322 tropaeaque
714 2276 875 2312 raeclara
899 2274 1027 2319 erexit,
1051 2277 1087 2308 et
1110 2273 1242 2307 Iudaea
1263 2271 1430 2308 Antiochi
1455 2272 1524 2308 du-

33 2322 136 2358 cibus
167 2321 329 2357 omnibus
360 2321 559 2368 profligatis
591 2327 686 2370 temp
699 2335 792 2370 oque
822 2327 1016 2370 repurgato
1049 2319 1159 2356 totius
1192 2317 1316 2366 populi
1349 2330 1524 2361 consensu

32 2369 198 2415 pontifex
220 2367 389 2403 maximus
413 2368 529 2403 factus
553 2374 623 2404 est.

125 2416 200 2451 Res
229 2416 391 2450 Romana
443 2414 568 2449 rimam
597 2426 620 2450 a
651 2415 854 2453 consulibus
875 2412 1122 2450 administrata
1146 2411 1214 2446 fuit
1234 2422 1301 2457 per
1323 2422 1436 2446 annos
1452 2411 1523 2448 364

31 2473 145 2508 usque
175 2462 221 2498 ad
251 2460 380 2497 Iulium
412 2427 615 2499 ἔπειτα).
661 2461 721 2497 hic
751 2462 836 2508 qnia
862 2473 933 2496 non
958 2460 1027 2495 fuit
1057 2463 1160 2494 natus
1171 2485 1188 2512 ,ι
1215 2457 1280 2492 sed
1310 2462 1422 2492 matre
1444 2457 1522 2492 eius

29 2519 124 2544 nono
147 2513 230 2554 post
251 2512 459 2555 conceptum
485 2508 618 2543 foetum
641 2519 763 2544 mense
779 2515 918 2543 mortua
937 2507 1013 2542 eius
1032 2510 1133 2540 utero
1153 2505 1308 2539 dlssecto
1327 2509 1520 2550 extractus,

29 2555 75 2590 ab
109 2567 154 2590 ea
185 2548 361 2589 incisione
392 2565 587 2600 cognomen
617 2555 785 2591 Caesaris
817 2554 959 2599 habuit,
990 2552 1085 2599 quod
1105 2552 1152 2586 ab
1177 2562 1220 2585 8⁰
1243 2550 1282 2584 in
1305 2561 1426 2591 omnes
1442 2550 1518 2586 Ro-

28 2612 210 2637 manorum
230 2613 336 2646 reges
359 2600 516 2636 transiit.

119 2648 222 2685 Anno
253 2646 373 2683 mundi
396 2648 487 2683 5211
508 2658 653 2692 regnum
672 2647 909 2684 Alexandriae
928 2650 965 2681 et
982 2642 1140 2690 Aegypti
1155 2641 1377 2679 Ptolemaeus
1395 2642 1520 2691 Usila-

27 2693 177 2740 delphus
202 2693 306 2738 iniit,
339 2694 525 2740 gessitque
555 2693 595 2729 id
625 2706 736 2730 annos
767 2697 826 2731 38.
873 2693 932 2727 hic
956 2702 1078 2726 sacras
1101 2689 1245 2734 literas,
1278 2690 1342 2725 sed
1369 2694 1408 2724 et
1433 2688 1518 2724 reli-

29 2752 121 2787 quos
154 2740 368 2776 Chaldaicos
398 2740 643 2786 Aegyptiacos
673 2741 851 2777 Romanos
885 2738 1037 2783 aliisque
1059 2736 1191 2781 linguis
1214 2735 1369 2782 scriptos
1392 2734 1517 2782 libros,

29 2799 143 2833 opera
182 2787 466 2825 doctissimorum
505 2787 728 2823 Ebraeorum
760 2788 800 2824 in
838 2787 1014 2822 Graecum
1049 2793 1245 2818 sermonem
1274 2782 1516 2829 transcripsit,

26 2832 146 2870 libros
162 2845 309 2869 numero
331 2834 379 2869 ad
403 2835 561 2876 100000;
597 2845 730 2880 eosque
750 2834 790 2869 in
812 2845 878 2870 sua
902 2829 1143 2867 Alexandrina
1169 2827 1385 2865 bibliotheca
1406 2841 1515 2875 repo-

26 2880 113 2915 suit.
160 2880 395 2916 Ebraicornm
424 2880 597 2916 librorum
624 2880 813 2930 translatio
840 2879 967 2917 diebus
999 2877 1146 2914 omnino,
1174 2876 1223 2913 ⁷2
1252 2875 1415 2913 absoluta
1446 2881 1513 2913 est.

85 2933 218 2981 Georg.
250 2933 427 2971 cedrenus
454 2938 535 2970 tom.
566 2934 598 2971 1.
1178 2924 1231 2966 19
