1742 3184
368 188 768 236 HISTORIARUM
800 185 1191 234 COMPENDIUM.
1420 183 1523 234 457

1186 298 1201 315 C

44 326 128 361 τος.
194 308 285 366 περὶ
314 300 365 350 οὗ
395 306 496 365 φησὶ
528 305 598 348 καὶ
630 300 846 362 Θεόδωρος
872 299 1145 361 πρεσβύτερος
1182 318 1204 344 ο
1241 303 1316 356 τῆς
1346 298 1517 345 Ῥαῖθοῦ
1540 305 1570 341 C

38 374 228 433 κΜάνης
248 375 270 421 ὅ
291 379 367 420 τοῦ
391 375 607 418 ἀντιθέτου
626 372 797 424 σκότους
815 371 1053 431 ἔφευρετής,
1077 375 1236 426 μᾶλλον
1255 371 1301 413 δὲ
1318 375 1391 426 τῆς
1409 372 1525 423 ἕξου-

46 449 140 499 σίας
168 450 245 490 τοῦ
271 444 443 496 σκότους
472 442 743 498 ἇνάπλασμα,
779 443 984 502 φαντασίᾳ
1008 445 1113 499 ψιλῇ
1143 441 1212 484 καὶ
1230 437 1409 496 σχήματι
1433 443 1524 483 δια-

46 518 148 575 κένῳ
171 513 363 570 σώματος
387 514 647 569 ἀνθρωπείου
676 515 996 569 πεφανερῶσθαι
1021 510 1091 554 τὸν
1118 508 1259 568 κύριον
1281 508 1524 568 ἔφαντάσθη

11 587 116 632 exal
136 585 367 643 ὠνείρωξεν,
401 581 504 625 ὥστε
527 583 628 639 φησὶ
649 582 716 622 καὶ
736 579 904 636 πάσχειν
922 581 996 636 μὲν
1015 582 1146 623 ὁόκεΐν
1163 579 1287 623 αὐτὸν
1306 581 1374 622 καὶ
1393 578 1524 637 πράτ-

45 673 127 698 τειν
150 652 253 710 ἅπερ
277 652 377 709 ἕδρα
398 653 466 694 καὶ
484 652 660 694 πέπονθε
685 650 782 693 καθ’
807 648 931 706 ἡμᾶς,
964 651 1092 705 μηδὲν
1109 650 1153 693 δὲ
1172 648 1327 694 τούτων
1348 650 1526 710 ἀληθεία

44 725 113 767 καὶ
131 721 340 780 πράγματι
362 718 540 778 ὑπάρξαι
550 751 565 772 ,
609 719 715 761 ἀλλὰ
737 719 900 775 δοκήσει
920 723 1077 774 μᾶλλον
1097 720 1165 762 καὶ
1184 718 1318 776 ἀπάτῃ
1339 719 1526 774 ἀποβου-

45 796 178 835 κολεῒν
192 791 288 842 τοὺς
310 788 581 847 ἀνθρώπους,
617 786 678 838 οἷς
697 790 764 831 καὶ
783 787 1095 846 συνεστράφθαι
1117 787 1384 843 νενόμισται.»
1456 788 1526 831 διὰ

44 865 165 905 τοῦτο
184 861 252 903 καὶ
273 857 415 918 φύσεις
435 857 510 901 δύο
529 864 785 916 παραιτεῖται
803 859 934 916 λέγων
952 860 1016 902 ἐπὶ
1036 863 1108 901 τοῦ
1125 859 1281 917 κυρίου,
1304 857 1407 901 ἀλλὰ
1425 859 1525 913 μίαν

0 938 36 975 [0
45 930 119 986 τὴν
134 935 208 985 τῆς
228 927 441 983 θεότητος.

179 1001 354 1048 Παῦλος
384 996 431 1040 δέ
456 1013 519 1047 τις
545 1000 606 1055 τῷ
624 996 811 1040 Μανὲντι
840 993 972 1054 τούτῳ
1000 994 1221 1053 σύγχρονος
1245 992 1440 1052 γεγονώς,
1474 994 1521 1038 τὸ
1544 998 1577 1035 D

42 1067 156 1125 γένος
174 1067 250 1122 μὲν
269 1064 557 1121 Σαμοσατεύς,
585 1066 825 1121 Ἀντιοχείας
847 1067 891 1108 δὲ
912 1070 985 1121 τῆς
1002 1065 1181 1122 μεγάλης
1201 1064 1414 1122 πρόεδρος,
1447 1079 1526 1120 ψι-

44 1139 118 1181 λὸν
147 1136 368 1194 ἄνθρωπον
398 1134 500 1179 εἶναι
529 1134 601 1178 τὸν
633 1136 819 1192 Χριστὸν
852 1134 1151 1192 ε’ὁυσφήμησεν.
1220 1133 1355 1192 ὥσπερ
1392 1135 1436 1177 ds}
1469 1138 1526 1185 εἷς

44 1208 217 1250 ἕκαστον
236 1210 318 1249 τῶν
337 1209 575 1262 προφητῶν,
611 1203 718 1247 οὕτω
750 1206 819 1247 καὶ
849 1205 890 1246 ἓν
921 1204 1033 1263 αὐτῷ
1054 1208 1295 1260 γεγενῆσθαι
1322 1208 1396 1247 τοῦ
1420 1207 1526 1247 θεοῦ

0 1287 35 1325 15
47 1275 168 1332 λόγου
188 1274 262 1330 τὴν
284 1273 455 1329 οἴκησιν.
523 1272 642 1316 ἔνθεν
669 1274 714 1316 δὲ
736 1275 804 1316 καὶ
825 1271 899 1316 δύο
922 1271 1065 1331 φύσεις
1086 1274 1335 1331 ὃιῃρημένως
1354 1271 1526 1327 ἐχούσας

44 1347 113 1388 καὶ
143 1341 437 1399 ἀκοινωνήτους
466 1341 569 1400 πρὸς
602 1341 751 1393 ἑαυτὰς
780 1341 879 1385 εἶναι
901 1341 1158 1385 παντάπασιν
1178 1343 1219 1384 ἐν
1238 1345 1434 1400 Χριστῷ,
1470 1341 1526 1393 ὥς

44 1414 173 1457 ἄλλου
204 1413 331 1456 αὐτοῦ
360 1411 476 1462 ὄντος
503 1415 576 1454 τοῦ
603 1414 792 1468 Χριστοῦ
824 1413 892 1454 καὶ
922 1410 1049 1454 ἄλλου
1082 1416 1156 1454 τοῦ
1178 1416 1462 1462 κατοικοῦντος
1483 1414 1525 1455 ἐν

44 1483 158 1541 αὐτῷ
179 1485 284 1525 θεοῦ
302 1479 440 1537 λόγου.
494 1474 712 1535 αὗταιμὲν
732 1475 803 1525 οὖν
824 1481 867 1522 αἱ
888 1484 1047 1536 πρῶται
1070 1482 1171 1538 φυαὶ
1192 1484 1266 1523 τοῦ
1286 1482 1385 1536 μίαν
1402 1480 1527 1538 φύσιν

44 1553 113 1596 καὶ
129 1551 205 1602 τὰς
222 1548 297 1594 δύο
317 1553 453 1601 κακῶς
471 1550 539 1591 καὶ
558 1548 787 1607 δυσφήμως
807 1551 871 1592 ἐπὶ
889 1552 1062 1608 Χριστῷ
1082 1550 1288 1606 λέγεσθαι,
1308 1550 1355 1594 τὸ
1372 1551 1447 1605 μὲν
1465 1550 1526 1593 ἐπ’

0 1621 248 1679 ιοᾶναιρέσει
266 1624 341 1675 τῆς
361 1617 562 1674 θεότητος
581 1618 627 1661 τὸ
652 1620 698 1662 δὲ
718 1623 791 1675 τῆς
812 1617 1146 1676 ἀνθρωπότητος.

177 1690 247 1732 Ἔν
272 1689 319 1732 δὲ
348 1694 433 1740 τοῖς
462 1686 556 1743 ἑξῆς
584 1686 750 1746 χρόνοις
773 1685 1053 1745 Ἀπολινάριός
1078 1705 1141 1738 τις
1169 1685 1297 1745 ἐφύη,
1331 1686 1531 1747 πρόεδρος
1548 1703 1579 1738 Ρ
1602 1704 1671 1740 261

42 1759 301 1809 Λαοδικείας
321 1762 395 1812 τῆς
414 1759 570 1815 Συρίας
579 1788 594 1809 ,
628 1755 992 1816 ματαιοφροσύνης
1025 1755 1166 1815 ἑτέρας
1201 1756 1531 1813 εἰσηγησάμενος.

44 1833 126 1873 τῶν
143 1829 223 1887 γὰρ
241 1827 457 1887 Ἀρειανῶν
477 1826 642 1882 ἄψυχον
662 1826 795 1885 πάντῃ
816 1824 1015 1883 λεγόντων
1034 1826 1108 1882 τὴν
1127 1831 1201 1870 τοῦ
1218 1828 1360 1883 κυρίου
1380 1825 1530 1886 σάρκα,

43 2006 177 2043 docuit.
225 2005 272 2041 de
302 2016 345 2040 eo
381 2004 435 2040 sic
467 2005 680 2042 Theodorus
709 2003 916 2041 Raithensis
944 2004 1152 2050 presbyter.
1206 1999 1380 2039 “Manes”
1413 2003 1530 2050 inquit

41 2051 291 2089 “tenebrarum
314 2051 386 2087 luei
409 2052 636 2087 adversarum
657 2052 842 2097 inventor,
873 2052 942 2086 imo
974 2051 1176 2095 figmentum
1204 2051 1395 2095 potestatis
1427 2055 1529 2086 tene·-

42 2101 199 2143 bramm,
222 2098 434 2143 imaginatus
458 2106 513 2133 est
536 2104 644 2144 atque
662 2099 851 2134 somniavit
868 2098 1046 2133 Christum
1069 2097 1161 2131 nudo
1180 2096 1366 2131 simulacro
1386 2101 1424 2131 et
1442 2109 1527 2143 spe-

42 2146 101 2181 eie
123 2145 272 2180 humana
295 2144 456 2190 corporis
481 2156 593 2179 vacua
619 2145 847 2191 apparuisse,
878 2145 1063 2188 visumque
1098 2142 1200 2177 modo
1234 2155 1277 2177 ea
1308 2155 1415 2188 agere
1439 2155 1528 2188 pro-

42 2197 126 2239 pter
149 2203 215 2226 uos
238 2198 347 2236 atque
370 2191 464 2237 pati,
489 2202 580 2236 quae
602 2192 736 2237 scripta
758 2197 859 2236 sunt,
885 2203 960 2226 cum
984 2202 1025 2224 re
1047 2200 1134 2223 vera
1157 2187 1243 2222 nihil
1266 2200 1386 2223 eorum
1409 2190 1526 2234 fieret,

43 2239 109 2274 sed
130 2237 162 2272 is
187 2237 383 2283 impostura
410 2242 517 2282 atque
546 2237 712 2284 opinione
746 2237 904 2272 homines
939 2237 1110 2280 lactaret,
1142 2234 1238 2269 inter
1269 2246 1356 2280 quos
1388 2236 1527 2270 versari

43 2289 188 2364 putantis
206 2284 268 2319 sit.
317 2296 361 2319 ea
383 2284 429 2319 de
453 2294 560 2318 causa
582 2285 668 2319 duas
693 2283 829 2319 Christi
851 2289 997 2319 naturas
1021 2285 1147 2327 negat,
1168 2280 1276 2316 solam
1301 2281 1336 2317 ei
1359 2282 1528 2318 deitatem

43 2343 154 2366 conce
178 2342 256 2366 ens.

136 2399 226 2434 Fuit
252 2401 366 2433 autem
390 2402 600 2434 coaetaneus
622 2398 727 2434 huius
753 2398 909 2435 Manetis
932 2396 1063 2433 Paulus
1094 2396 1233 2441 quidam
1262 2396 1379 2441 patria
1404 2396 1530 2431 Samo-

43 2450 202 2490 antenus,
226 2445 414 2498 episcopus
431 2444 648 2481 Antiocheae
668 2458 830 2492 magnae.
878 2445 910 2479 is
935 2444 1114 2478 Christum
1138 2443 1266 2477 nudum
1284 2443 1396 2477 fuisse
1418 2442 1531 2477 homi-

43 2504 124 2527 nem
147 2492 256 2537 impie
280 2490 451 2536 asseruit,
475 2492 584 2537 inque
608 2504 650 2526 eo
675 2494 821 2527 verbum
845 2491 903 2527 dei
926 2490 977 2525 ita
998 2488 1255 2524 inhabitavisse
1279 2495 1319 2524 ut
1344 2489 1382 2523 in
1402 2488 1531 2534 quovis

43 2539 113 2573 alio
145 2538 410 2584 prophetarum.
471 2537 554 2573 inde
584 2538 671 2573 duas
706 2545 853 2573 naturas
888 2549 909 2572 a
943 2548 982 2571 se
1014 2535 1167 2570 invicem
1202 2535 1336 2570 divisas
1367 2535 1532 2581 nullaque

43 2584 185 2620 omnino
211 2583 338 2632 copula
359 2583 477 2619 unitas
502 2584 540 2618 in
564 2584 708 2620 Christo
731 2585 843 2620 fuisse
867 2583 1011 2626 statuit,
1044 2588 1085 2615 ut
1108 2581 1197 2616 alius
1221 2582 1330 2617 suerit
1352 2581 1531 2626 christus,

44 2630 142 2666 aliud
173 2632 321 2666 verbum
351 2629 391 2664 in
422 2642 464 2665 eo
496 2630 712 2666 inhabitans.
759 2631 828 2666 hae
858 2630 1006 2676 primum
1039 2628 1149 2673 igitur
1180 2627 1271 2662 duae
1299 2632 1381 2663 sunt
1404 2633 1532 2662 enatae

43 2677 235 2721 haereses,
273 2687 366 2722 quae
391 2677 477 2712 duas
508 2683 545 2712 et
568 2689 670 2712 unam
693 2681 852 2711 naturam
875 2675 1040 2719 Christo,
1073 2686 1143 2708 non
1166 2675 1338 2719 quomodo
1363 2673 1534 2721 oportuit,

46 2724 111 2758 sed
143 2723 233 2758 male
263 2729 301 2757 et
330 2722 441 2769 impie
469 2723 698 2767 adscribunt5
732 2723 914 2770 alteraque
946 2732 1064 2757 earum
1088 2720 1214 2756 deitati
1239 2721 1394 2766 Christi,
1422 2720 1533 2756 altera

44 2768 256 2805 humanitati
284 2769 446 2815 derogat.

107 2869 112 2871 ,
138 2838 273 2874 Postea
303 2838 474 2884 temporis
493 2836 719 2884 Apolinarius
752 2836 892 2883 quidam
925 2835 1086 2882 exstitit,
1121 2834 1307 2883 episeopus
1329 2834 1532 2871 Laodiceae

49 2885 201 2931 Syriae,
234 2896 404 2926 novarum
437 2889 563 2921 auctor
590 2884 802 2920 vanitatum.
848 2894 927 2919 oum
959 2883 1053 2919 enim
1081 2881 1207 2920 Ariani
1233 2893 1362 2931 eorpus
1395 2882 1531 2919 Christi
