1742 3184
369 164 766 210 HISTORIARUM
800 162 1194 213 GOMPENDIUM.
1427 160 1527 210 409

54 286 195 339 γειλεν.
263 279 326 326 ὅτι
354 280 398 325 δὲ
424 282 515 339 περὶ
537 284 619 324 τῶν
638 278 850 335 Ῥωμαίων
874 277 1028 337 εἶ’ρηται
1051 283 1204 330 ταῦτα,
1237 280 1306 321 καὶ
1324 276 1528 334 Ἰώσηπος

53 357 272 409 μαρτυρεῖ,
308 351 452 401 καθὼς
468 350 715 408 προέφημεν.
783 350 844 399 τίς
861 343 933 392 οὖν
953 349 1092 399 αὐτοῖς
1108 346 1365 391 ὑπολείπεται
1384 349 1527 391 λοιπὸν

55 419 199 476 λόγος,·
235 418 333 463 ὅταν
357 419 432 471 τὰς
461 421 535 475 μὲν
567 420 847 474 αι’χμαλωσίας
875 418 914 461 οἱ
944 422 1150 477 προφῆται
1175 418 1398 476 φαίνωνται
1418 418 1522 472 μετὰ

57 490 331 546 διωρισμένων
344 487 503 546 χρόνων
523 487 712 539 εἰπόντες,
741 486 868 545 ταύτῃ
891 488 936 531 δὲ
956 488 1112 544 μηδένα
1128 486 1278 544 χρόνον
1301 485 1522 546 ὁρίσαντες,

24 558 165 600 5ἇλλὰ
194 558 426 601 τούναντίον
455 555 631 607 εἰπόντες
652 556 714 599 ὅτι
735 557 854 615 μέχρι
880 558 1107 608 συντελείας
1125 554 1283 613 ἴσταιῆ
1304 555 1521 615 ἐρήμωσις.
1545 565 1576 600 Β

57 626 120 670 ὅτι
151 627 227 682 μὲν
257 629 291 670 εἶ
318 627 432 678 τέλος
451 625 478 682 ἦ
499 631 688 683 παροῦσα
709 625 847 682 Ξζιιελλε
869 627 1030 670 δουλεία
1045 625 1280 682 λήψεσθαι,
1315 628 1383 670 καὶ
1402 631 1524 670 τοῦτο

55 695 106 740 ἂν
131 703 323 754 προεῖπον
349 696 387 740 οἱ
414 700 623 753 προφῆται
643 696 712 738 καὶ
735 695 808 738 οὐκ
830 697 1041 752 ἐσίγησαν,
1077 696 1223 747 ἱκανῶς
1247 697 1525 751 ἄπεδειξαμεν,

54 765 128 816 τὰς
147 766 426 821 αἰχμαλωσίας
445 763 609 816 ἁπάσας
623 764 726 820 μετὰ
744 764 1007 823 προρρήσεως
1026 767 1224 817 δείξαντες
1244 766 1527 820 ἐπενεχθείσας

57 834 216 885 αὐτοῖς·
252 833 424 889 ἑκάστης
452 834 533 892 γὰρ
558 833 714 878 τούτων
731 836 800 895 καὶ
821 834 997 892 τρόπους
1014 837 1081 877 καὶ
1096 832 1272 893 χρόνους
1288 852 1524 892 προανακη-

2 913 46 948 10
58 904 284 961 ρυχθέντας
303 904 373 947 διὰ
393 908 475 947 τῶν
493 905 618 947 θείων
639 909 808 961 γραφῶν
829 904 1103 959 ἀπεδείξαμεν.
1171 908 1224 962 τῇ
1255 903 1443 961 παρούσῃ
1479 904 1524 947 δὲ

56 974 188 1024 οὐδεὶς
215 972 428 1031 προφήτης
458 973 579 1031 ὥρισε
603 972 775 1030 χρόνον,
811 973 906 1015 ἀλλ’
937 973 998 1017 ὅτι
1021 974 1096 1030 μὲν
1122 972 1208 1029 ἣξει
1231 976 1298 1016 καὶ
1322 972 1524 1030 ἐρημώσει

54 1040 187 1086 πάντα
217 1044 284 1085 καὶ
313 1041 558 1098 μεταστήσει
579 1043 653 1098 τὴν
672 1044 895 1094 πολιτείαν,
931 1045 998 1085 καὶ
1019 1042 1121 1098 μετὰ
1142 1042 1268 1087 πόσον
1284 1041 1432 1099 χρόνον
1451 1047 1525 1098 τῆς

54 1112 97 1153 ἐκ
121 1114 374 1165 Βαβυλῶνος
394 1110 593 1155 ἐπανόδου
612 1110 865 1167 συμβήσεται
878 1145 890 1163 ,
925 1121 1110 1169 προεῖπεν
1124 1109 1152 1154 ὃ
1176 1111 1359 1167 Δανιήλ,
1395 1111 1457 1155 ὅτι
1478 1113 1524 1155 δὲ

54 1181 167 1231 τέλος
192 1181 268 1232 ἱ-’ξει
289 1183 357 1224 καὶ
379 1179 572 1237 στήσεταί
588 1198 666 1223 που
691 1181 742 1223 τὰ
764 1181 870 1224 κακὰ
894 1186 1046 1233 ταῦτα,
1081 1180 1171 1224 οὔτ’
1198 1181 1344 1232 ἐκεῖνος
1366 1180 1523 1237 ἐδήλω-

0 1253 44 1288 15
55 1267 123 1292 σεν
143 1249 231 1294 οὔτ’
255 1249 381 1302 ἄλλος
398 1268 459 1302 τις
476 1249 712 1308 προφήτης,
747 1250 853 1292 ἀλλὰ
881 1253 948 1292 καὶ
979 1251 1233 1303 τούναντίον,
1267 1249 1325 1302 ὡς
1353 1250 1522 1309 εἴρηται,

57 1325 246 1375 προεῖπον
275 1318 339 1367 ὅτι
369 1320 445 1371 ἕως
473 1321 701 1370 συντελείας
728 1320 891 1370 καθέξει
914 1319 1062 1371 αὐτοὺς
1080 1318 1106 1375 ἡ
1126 1321 1380 1378 ταλαιπωρία
1403 1318 1519 1375 αὕτη.
1543 1324 1575 1360 C

56 1390 125 1431 καὶ
153 1387 269 1442 μάλα
295 1388 483 1439 εἰκότως·
518 1391 586 1430 καὶ
613 1388 692 1446 γὰρ
719 1396 924 1446 μαρτυρεῖ
940 1396 1024 1439 τοῖς
1045 1389 1267 1446 εἰρημένοις
1289 1387 1309 1431 ὅ
1330 1395 1524 1440 τοσοῦτος

56 1456 338 1512 διαγενόμενος
351 1455 500 1514 χρόνος
518 1460 585 1500 καὶ
606 1456 697 1501 οὔτε
721 1458 830 1511 ἴχνος
853 1457 944 1500 οὔτε
965 1459 1178 1514 προοίμιον
1194 1463 1378 1514 χρηστῆς
1397 1476 1526 1513 μετα-

51 1530 179 1581 βολῆς
207 1526 501 1581 ἐνδειξάμενος,
542 1528 610 1569 καὶ
641 1531 770 1568 ταῦτα
802 1524 996 1577 πολλάκις
1028 1525 1364 1583 ἐπιχειρησάντων
1392 1529 1526 1571 αὐτῶν

0 1595 281 1651 ξθάναστῆσαι
301 1596 372 1638 τὸν
395 1594 511 1648 ναόν,
547 1597 610 1638 ἐπὶ
630 1595 846 1653 Ἀδριανοῦ
879 1598 946 1638 καὶ
974 1597 1284 1639 Κωνσταντίνου
1316 1599 1384 1639 καὶ
1410 1597 1524 1640 Ἰου-

53 1668 207 1717 λιανοῧ,
239 1666 307 1707 καὶ
329 1664 667 1708 διακωλυθέντων
686 1668 847 1722 πρῶτον
862 1665 936 1719 μὲν
952 1662 1032 1708 ὕπὸ
1054 1669 1325 1722 στρατιωτῶν,
1353 1664 1524 1723 ὕστερον

54 1734 98 1776 δὲ
129 1734 193 1776 ἐπὶ
225 1737 300 1776 τοῦ
327 1732 572 1791 παραβάτου
604 1733 734 1791 πυρὸς
764 1738 845 1777 τῶν
878 1736 1077 1788 θεμελίων
1114 1732 1416 1790 ἐκπηδήσαντος
1455 1737 1523 1778 καὶ

52 1801 327 1857 κατασχόντος
352 1803 501 1854 αὐτοὺς
531 1808 603 1859 τῆς
627 1803 797 1861 ἀκαίρου
818 1806 1063 1861 φιλονεικίας
1082 1821 1125 1848 τε
1146 1806 1213 1846 καὶ
1236 1803 1524 1862 παραβάσεως.

50 1934 167 1969 denda
195 1933 417 1969 monstravit.
463 1938 572 1980 atque
603 1933 642 1968 id
673 1933 718 1967 de
748 1932 916 1968 Romanis
948 1944 1028 1967 esse
1058 1932 1210 1978 dictum,
1247 1933 1351 1969 etiam
1375 1934 1522 1980 Iosephi

51 1980 252 2015 testimonio
270 1980 462 2015 docuimus.
510 1980 596 2026 quid
620 1991 704 2024 ergo
728 1979 869 2015 Iudaeis
898 1984 1061 2024 superest
1083 1981 1178 2024 quod
1200 1979 1347 2015 dicant?
1382 1984 1522 2027 quando

52 2032 153 2061 vates
185 2026 419 2063 calamitatum
449 2026 551 2061 simul
582 2032 742 2071 tempora
772 2026 1019 2072 praedicentes
1051 2026 1216 2070 definita,
1256 2026 1358 2061 huius
1392 2027 1523 2062 nullum

50 2072 234 2108 terminum
259 2073 534 2117 constituerunt,
558 2073 622 2108 sed
644 2078 767 2108 contra
783 2073 983 2108 vastitatem
1001 2083 1077 2106 eam
1096 2083 1206 2117 usque
1222 2073 1266 2107 ad
1282 2073 1386 2107 finem
1399 2073 1521 2120 mvndi

48 2120 250 2154 duraturam
269 2118 600 2165 pronuntiaverunt.
644 2119 803 2164 satisque
827 2125 884 2154 est
906 2131 928 2153 a
950 2117 1052 2153 nobis
1070 2118 1364 2163 demonstratum,
1387 2120 1419 2154 si
1437 2119 1519 2164 qui·

48 2166 127 2200 dem
158 2165 239 2200 finis
267 2170 362 2200 esset
390 2165 529 2200 futurus
558 2164 640 2200 huic
671 2165 791 2201 ultimo
824 2165 970 2209 exsilio,
1005 2169 1105 2199 vates
1139 2165 1278 2200 divinos
1307 2177 1384 2200 eum
1408 2166 1521 2200 fuisse

47 2211 292 2257 praedicturos
335 2216 372 2247 et
410 2222 631 2257 nequaquam
669 2211 810 2250 silentio
838 2211 1107 2258 praeterituros.
1155 2211 1286 2258 quippe
1316 2211 1520 2257 superiores

48 2258 208 2293 miserias
238 2269 357 2293 omnes
387 2269 464 2293 cum
494 2258 547 2293 ita
575 2258 818 2303 praedixerint
847 2265 886 2293 ut
916 2257 1017 2293 simul
1039 2256 1189 2303 spatium
1212 2258 1306 2302 quod
1329 2259 1520 2293 duraturae

50 2309 170 2340 essent
186 2305 394 2349 definirent,
418 2304 609 2349 modosque
632 2311 669 2341 et
690 2310 850 2351 tempora
871 2304 1127 2350 exprimerent,
1150 2304 1256 2339 sicuti
1272 2316 1316 2339 ex
1331 2304 1520 2350 Scriptura

48 2351 244 2395 docuimus,
272 2350 353 2386 huic
375 2350 517 2387 ultimae
542 2362 643 2391 nemo
665 2363 785 2388 eorum
806 2358 943 2397 tempus
965 2350 1160 2386 constituit.
1207 2350 1243 2385 id
1263 2350 1402 2395 quidem
1421 2350 1519 2386 urbis

52 2403 89 2432 et
111 2397 166 2432 rei
189 2398 352 2443 publicae
373 2398 452 2432 fore
474 2397 666 2442 excidium,
700 2398 831 2437 addito,
852 2403 939 2443 quot
968 2409 1078 2431 annos
1101 2401 1184 2442 post
1204 2397 1354 2431 reditum
1379 2409 1423 2431 ex
1445 2398 1520 2432 Ba-

50 2443 182 2488 bylone
205 2444 244 2479 id
265 2450 471 2480 eventurum
495 2449 611 2487 esset,
639 2444 852 2481 vaticinatus
876 2449 930 2479 est
953 2443 1139 2478 Danielus:
1170 2443 1275 2478 finem
1298 2448 1415 2478 autem
1437 2443 1525 2479 istis>

50 2489 150 2524 malis
171 2489 322 2536 aliquem
343 2491 423 2526 fore
445 2501 560 2535 neque
582 2489 642 2525 ille
664 2502 779 2536 neque
803 2491 986 2536 quisquam
1009 2490 1147 2524 omnino
1180 2495 1298 2524 vatum
1322 2490 1520 2536 praedixit:

49 2535 141 2580 imo,
165 2536 217 2573 uti
237 2536 406 2582 diximus,
432 2536 644 2572 contrarium
665 2539 995 2584 pronuntiaverunt,
1020 2547 1131 2581 usque
1152 2536 1197 2570 ad
1217 2536 1320 2577 finem
1343 2536 1463 2573 mundi
1482 2536 1521 2571 iu

50 2581 130 2617 istis
159 2582 308 2618 miseriis
335 2584 474 2619 futuros
499 2583 662 2618 Iudaeos.
709 2584 817 2629 idque
849 2583 1030 2618 admodum
1048 2587 1332 2618 >consentaneum
1362 2583 1452 2626 fuit3
1484 2586 1522 2618 et

50 2634 186 2663 tantum
207 2630 250 2664 ab
273 2629 333 2664 illo
358 2629 495 2664 excidio
527 2629 696 2676 temporis
720 2629 872 2675 elapsum
894 2629 939 2663 iis
966 2629 1202 2663 testimouium
1229 2628 1415 2675 perhibet,
1449 2640 1520 2675 quo

51 2679 128 2709 toto
162 2686 207 2708 ne
238 2675 427 2721 vestigium
456 2675 596 2722 quidem
627 2675 732 2712 ullum
758 2682 820 2712 aut
850 2675 1061 2721 principium
1082 2677 1195 2710 bonae
1217 2675 1418 2711 mutationis
1440 2687 1522 2712 sese

52 2720 221 2756 ostendit.
267 2727 305 2760 et
334 2722 473 2768 quidem
505 2721 627 2756 Iudaei
650 2734 758 2767 saepe
778 2722 897 2758 conati
918 2721 1081 2766 templum
1109 2722 1257 2757 reficere
1279 2723 1344 2757 sub
1363 2721 1520 2757 Adriano

51 2767 285 2802 Constantino
309 2774 346 2803 et
367 2768 524 2813 Iuliano,
549 2768 719 2814 prohibiti
741 2774 841 2812 sunt,
865 2768 1012 2814 primum
1036 2767 1175 2814 quidem
1198 2781 1220 2804 a
1241 2767 1429 2814 militibus,
1454 2770 1520 2804 sub

50 2812 186 2849 Iuliano
220 2819 334 2849 autem
359 2814 435 2861 igni
464 2827 508 2849 ex
540 2814 777 2851 fundamentis
800 2819 1004 2860 erumpente
1027 2826 1216 2861 eorumque
1235 2815 1521 2862 intempestivum

51 2864 159 2906 atque
188 2859 334 2908 impium
364 2868 526 2898 conatum
560 2867 758 2899 avertente.
806 2861 927 2898 dicant
958 2872 1045 2898 vero
1078 2861 1186 2903 uobis
1204 2861 1371 2909 quidnam
1393 2873 1521 2899 causae
