1742 3184
144 160 153 168 “
205 174 269 222 32
682 166 923 215 GEoRGn
959 165 1206 212 cannam

204 290 271 334 καὶ
291 291 371 334 τῶν
391 286 542 345 ὁμοίων
563 285 689 332 αῧτοῦ
709 285 916 343 δαιμόνων
930 286 1002 330 καὶ
1023 288 1237 343 συγγενῶν.
1307 280 1408 327 εἶναι
1431 281 1476 326 δὲ
1494 282 1569 339 τὴν
1586 277 1684 331 τοί·-

201 378 276 404 του
298 361 455 417 μητέρα
481 361 708 416 Σεμίραμιν
737 360 804 400 καὶ
837 356 960 400 αὐτὸν
987 356 1058 399 τὸν
1079 357 1166 399 Διά
1188 356 1255 398 καὶ
1285 355 1360 410 τὴν
1391 354 1529 410 γενεὰν
1561 353 1689 396 αὐτοῦ

203 430 308 474 κατὰ
334 430 431 480 τοὺς
454 428 630 487 χρόνους
660 429 866 486 ἱστοροῦσι
887 431 961 469 τοῦ
979 424 1193 483 Ἀβραάμ·
1233 424 1376 479 ἴπρεπε
1395 424 1474 481 γὰρ
1497 427 1571 466 τοῦ
1595 425 1688 465 δια-

149 512 182 549 D
205 498 334 557 βόλου
357 502 414 550 εἷς
434 497 564 555 λύμην
585 502 746 541 πολλῶν
763 498 837 553 τὴν
857 495 962 539 κατὰ
980 497 1051 539 τὸν
1069 495 1260 552 ἔχθιστον
1281 499 1427 538 τοῦτον
1441 494 1526 536 Δία
1548 492 1688 553 γενεὰν

203 569 487 624 ἐκλεξαμένου,
535 566 626 612 τότε
652 569 717 610 καὶ
740 566 810 610 τὸν
836 565 937 610 θεὸν
959 566 1032 608 τὸν
1055 566 1195 621 ἀληθῆ
1223 567 1278 615 εἷς
1298 568 1460 607 πολλῶν
1482 565 1688 620 σωτηρίαν
1702 569 1722 604 5

203 639 274 683 τὸν
301 640 455 681 δίκαιον
489 639 656 681 καλέσαι
682 635 886 695 Ἀβραάμ.
957 630 1076 687 οὗτος
1108 634 1260 686 ὃΖεὺς
1293 634 1398 692 πρὸς
1431 640 1517 685 τοῖς
1551 633 1693 683 ἄλλοις

205 710 310 760 υἳοῖς
331 708 419 763 ἴσχε
443 710 510 751 καὶ
538 710 703 750 Φαῦνον
729 709 794 750 καὶ
813 706 980 763 Περσέα
1012 707 1079 748 καὶ
1105 704 1364 749 Ἀπόλλωνα·
1402 704 1508 747 ἀλλὰ
1526 703 1598 747 τὸν
1618 703 1692 758 μὲν

210 782 375 822 Φαῦνον
405 778 470 821 ἐπ’
509 776 677 832 ὀνόματι
702 782 774 820 τοῦ
798 776 1002 832 πλάνητος
1029 775 1199 833 ἀστέρος
1222 773 1408 818 ἐκάλεσεν
1427 773 1605 832 Ἑρμῆν,
1649 771 1694 824 ὃς

208 850 277 892 καὶ
299 848 402 903 μετὰ
423 847 496 903 τὴν
517 848 620 898 Διὸς
639 847 826 902 τελευτὴν
846 847 1078 900 ἐβασίλευσε
1101 850 1174 900 τῆς
1190 846 1364 896 Ἰταλίας
1385 843 1453 900 ἔτη
1474 842 1694 902 τριάκοντα

207 918 346 970 πέντε,
381 911 431 973 ἦν
461 917 507 960 δὲ
535 922 763 974 πανοῦργος
790 917 892 972 ἀνὴρ
926 917 993 958 καὶ
1022 915 1315 972 μαθηματικὸς
1341 916 1408 957 καὶ
1432 912 1690 971 λογιώτατος.
1708 917 1742 953 10

209 988 292 1031 ἐπεὶ
314 988 359 1030 δὲ
379 985 458 1029 ὑπὸ
482 992 563 1030 τῶν
587 986 722 1030 ἄλλων
749 986 939 1044 ἀδελφῶν
965 984 1245 1042 ἐπεβουλεύθη
1279 985 1424 1041 (αὐτὸς
1445 985 1524 1042 γὰρ
1546 982 1696 1027 Μαιά-

214 1060 286 1109 δος
309 1056 496 1115 γυναικὸς
515 1051 565 1110 ἦν
585 1056 686 1109 υἱός,
712 1056 761 1112 ἣν
782 1055 946 1114 πρώτην
966 1055 1079 1111 ἴσχεν
1099 1054 1120 1098 ὃ
1142 1055 1249 1107 Ζεὺς
1270 1056 1312 1098 ἔν
1331 1056 1496 1114 Ἰταλίᾳ,
1515 1052 1697 1109 Ἀλκμή-

94 1138 124 1174 Ρ
151 1138 195 1175 18
218 1146 290 1184 νην
310 1128 354 1170 δὲ
375 1126 447 1183 τὴν
471 1127 659 1182 Θηβαίαν
680 1127 764 1181 μετ’
791 1126 932 1182 αὐτήν,
951 1127 993 1178 ἐξ
1015 1120 1064 1182 ἧς
1085 1125 1156 1169 τὸν
1173 1127 1408 1183 τριέσπερον
1429 1125 1544 1179 ἴσχεν
1559 1123 1697 1182 (Ηρα-

214 1198 345 1253 κλέα),
381 1197 509 1240 πολὺν
524 1197 680 1254 χρυσὸν
699 1194 1058 1252 ε’γκολπωσάμενος
1078 1198 1134 1249 εἷς
1159 1197 1373 1253 Αἴγυπτον
1389 1190 1493 1251 ἦλθε
1504 1227 1517 1247 ,
1558 1196 1625 1238 καὶ
1646 1198 1698 1251 τῇ

213 1266 359 1312 τούτου
382 1265 558 1310 ἐπιδόσει
583 1269 650 1309 καὶ
680 1271 737 1324 τῷ
766 1265 873 1324 λόγῳ
895 1268 963 1309 καὶ
986 1271 1035 1323 τῇ
1055 1268 1226 1326 μαντείᾳ
1246 1267 1313 1309 καὶ
1335 1273 1419 1316 τοῖς
1441 1263 1698 1323 χρησμῳδή-
1711 1274 1742 1310 1!

212 1355 338 1394 μασιν
360 1337 587 1393 ἀγαπηθεὶς
609 1338 675 1379 καὶ
702 1334 776 1378 ὑπ’
802 1337 936 1380 αὐτῶν
965 1335 1228 1387 ἀποθεωθείς
1239 1368 1252 1388 ,
1287 1336 1491 1392 Μέστρεμ
1511 1339 1587 1378 τοῦ
1607 1334 1699 1376 υέοὕ

212 1409 320 1462 Χὰμ
338 1411 411 1450 τοῦ
435 1408 520 1449 ἐκεῖ
533 1405 824 1461 βασιλεύοντος
844 1404 1127 1457 ἀποθανόντος
1147 1406 1275 1456 εὐθὺς
1294 1403 1595 1462 ἀναγορεύεται,
1632 1405 1700 1446 καὶ

213 1478 255 1520 ἓν
276 1475 534 1536 ὑπερηφανίᾳ
558 1478 626 1519 καὶ
649 1481 730 1519 τῶν
749 1475 979 1531 μελλόντων
997 1474 1220 1533 προρρήσει
1250 1473 1305 1526 ὡς
1330 1476 1431 1526 θεὸς
1450 1473 1702 1530 κλεϊζόμενος

214 1548 278 1595 ἐπὶ
299 1546 366 1590 λθ’
386 1547 453 1615 ἔτη
476 1545 691 1602 Αἰγύπτου
710 1544 930 1600 βασιλεύει.
990 1543 1010 1587 ὅ
1035 1547 1078 1588 δὲ
1096 1543 1304 1588 Ἀπόλλων
1320 1543 1518 1599 πνεύματι
1535 1543 1702 1588 Πύθω-

214 1634 285 1667 νος
307 1618 350 1660 ἐκ
369 1614 557 1670 νεότητος
576 1614 749 1669 κάτοχος
768 1614 824 1658 ὢν
846 1615 921 1665 ἕως
941 1619 1127 1670 τελευτῆς
1150 1615 1290 1668 αὐτοῦ,
1319 1616 1414 1658 οὐδὲ
1434 1616 1540 1670 μετὰ
1561 1619 1697 1658 τελευ-
1711 1622 1742 1658 2<

216 1686 294 1741 τὴν
315 1686 439 1728 αὐτοῦ
463 1691 536 1740 τῆς
557 1687 813 1743 φληναφείας
833 1683 1040 1727 ἐπαύσατο
1073 1683 1093 1727 ὃ
1123 1684 1319 1742 πονηρός·
1365 1685 1450 1729 ἔστι
1478 1685 1557 1744 γὰρ
1583 1690 1702 1727 τοῦτο

221 1753 327 1808 εἶδος
347 1753 572 1810 πνεύματος
590 1754 917 1811 μαντικώτατον,
953 1755 1084 1798 πολλὰ
1103 1756 1177 1811 μὲν
1195 1756 1358 1812 ἀληθῆ,
1393 1755 1446 1799 τὰ
1471 1756 1515 1798 δὲ
1533 1760 1704 1798 πλεῖστα

222 1923 306 1958 nes„
342 1912 463 1947 divino
494 1911 589 1947 cultu
621 1915 727 1957 atque
751 1912 956 1948 adoratione
979 1925 1020 1948 eo
1047 1925 1158 1960 usque
1182 1912 1419 1959 honorarent,
1454 1913 1535 1949 dum
1558 1913 1704 1948 verbum

222 1960 282 1994 dei
305 1971 444 1994 carnem
464 1959 598 2003 induit,
634 1959 742 2006 idque
774 1961 940 2004 gentibus
972 1962 1154 1996 beatorum
1187 1961 1423 2007 apostolorum
1447 1973 1489 1995 ac
1512 1966 1706 2006 martyrum

221 2006 416 2041 ministerio
439 2007 606 2041 innotuit.
655 2014 800 2041 narrant
828 2008 919 2042 hunc
945 2009 1065 2042 Iovem
1101 2020 1142 2042 ac
1176 2015 1318 2043 matrem
1342 2008 1419 2043 eius
1441 2007 1706 2042 Semiramidem

220 2053 464 2099 reliquumque
494 2053 569 2088 eius
599 2065 710 2098 genus
740 2054 930 2089 Abrahami
961 2062 1078 2089 aetate
1111 2055 1305 2090 exstitisse.
1353 2055 1590 2091 conveniebat
1614 2053 1707 2089 enim

222 2105 264 2134 ut
293 2111 395 2144 quam
427 2106 576 2134 aetatem
607 2100 767 2135 diabolus
800 2102 844 2135 ad
879 2102 1069 2147 perniciem
1100 2101 1214 2136 multis
1244 2114 1352 2148 opera
1373 2101 1582 2137 invisissimi
1603 2101 1708 2136 istius

222 2146 322 2182 Iovis
353 2148 555 2182 struendam
591 2147 789 2192 delegerat,
827 2150 948 2183 eadem
985 2149 1090 2183 etiam
1124 2160 1230 2183 verus
1262 2151 1349 2184 deus
1374 2149 1497 2184 salutis
1522 2149 1709 2183 multorum

225 2205 333 2228 causa
354 2193 483 2228 iustum
504 2194 735 2229 Abrahamum
760 2201 919 2230 vocaret.
967 2196 1129 2242 Iuppiter
1153 2207 1228 2230 cum
1253 2196 1342 2231 alios
1363 2197 1478 2241 filios,
1511 2201 1584 2231 tum
1609 2197 1706 2230 Fau-

224 2251 306 2275 num
328 2240 495 2275 Perseum
520 2246 555 2275 et
577 2241 771 2286 Apollinem
797 2242 933 2277 habuit.
959 2254 1000 2277 ac
1027 2244 1183 2277 Faunum
1207 2243 1345 2288 quidem
1367 2244 1552 2290 desumpto
1577 2244 1622 2278 ab
1650 2253 1710 2276 er-

223 2292 325 2322 rante
356 2287 456 2322 stella
485 2288 623 2322 nomine
646 2288 859 2323 Mercurium
883 2289 1099 2335 appellavit3
1132 2289 1234 2335 isque
1259 2302 1280 2324 a
1305 2296 1418 2325 morte
1441 2291 1538 2325 Iovis
1561 2299 1710 2335 regnum

223 2334 349 2368 Italiae
372 2346 482 2369 annos
505 2335 550 2370 35
574 2335 701 2369 tenuit.
751 2335 852 2370 homo
876 2336 946 2370 fuit
968 2343 1155 2381 versutus,
1191 2337 1478 2383 mathematicus,
1514 2336 1711 2372 disertissi-

224 2392 313 2415 mus.
362 2393 437 2416 cum
460 2393 546 2416 vero
571 2381 712 2417 insidiis
734 2382 947 2428 reliquorum
973 2383 1119 2418 fratrum
1144 2389 1325 2428 peteretur
1350 2385 1460 2428 (filius
1483 2384 1574 2419 enim
1592 2383 1709 2417 Maia-

226 2427 281 2462 dis
300 2427 451 2462 mulieris
472 2434 560 2472 erat,
586 2441 689 2474 quam
708 2429 746 2463 in
765 2430 869 2464 ltalia
888 2430 1035 2476 primam
1056 2430 1181 2464 habuit
1198 2442 1340 2465 uxorem
1362 2431 1542 2478 Iuppiter3
1568 2442 1609 2464 ac
1628 2433 1711 2476 post

226 2485 302 2508 eam
325 2473 519 2510 Alcmenem
547 2476 774 2519 Thebanam,
798 2488 892 2522 quae
917 2477 950 2511 ei
971 2477 1207 2522 trivesperum
1232 2478 1418 2513 Herculem
1442 2477 1608 2525 peperit)
1635 2489 1711 2511 ma-

228 2532 298 2564 gna
320 2520 355 2553 vi
385 2522 462 2555 auri
487 2523 734 2558 suffarcinatus
759 2523 795 2557 in
817 2524 1019 2569 Aegyptum
1042 2524 1154 2559 venit.
1202 2525 1252 2560 ibi
1277 2527 1322 2560 ob
1347 2525 1425 2560 auri
1448 2525 1525 2559 eius
1548 2524 1713 2569 largitio-

228 2577 307 2600 nem
327 2567 535 2603 -facundiam
570 2569 752 2606 divinandi
785 2569 970 2606 scientiam
1004 2575 1041 2605 et
1076 2571 1217 2606 oracula
1239 2572 1416 2617 gratiosus
1440 2572 1555 2606 factus
1581 2583 1622 2605 ac
1648 2582 1712 2617 pro

228 2613 296 2647 deo
320 2612 480 2659 habitus,
515 2616 693 2651 Mezromo
717 2617 841 2652 Chami
861 2617 956 2663 filio,
992 2617 1053 2663 qui
1080 2630 1225 2662 regnum
1252 2619 1411 2665 Aegypti
1439 2624 1524 2653 tunc
1556 2619 1711 2662 tenebat,

229 2664 364 2694 mortuo
389 2662 609 2705 subrogatur.
658 2664 717 2698 ubi
743 2676 819 2699 cum
842 2664 936 2699 fastu
960 2669 996 2699 et
1022 2665 1266 2709 praedictione
1286 2666 1505 2710 futurorum,
1534 2666 1620 2700 deus
1647 2677 1714 2710 ap—

229 2704 380 2751 pellatus
395 2733 412 2760 ‚.
430 2719 492 2752 per
514 2719 621 2743 annos
645 2712 974 2757 undequadraginta
998 2710 1035 2745 id
1055 2723 1198 2757 regnum
1218 2712 1343 2757 gessit.
1393 2717 1548 2747 ceterum
1572 2712 1711 2757 Apollo,

230 2763 308 2787 cum
334 2754 377 2786 ab
401 2760 543 2788 meunte
568 2762 685 2791 aetate
704 2758 833 2804 spiritu
853 2757 1027 2802 Pythonis
1053 2759 1179 2794 fuisset
1200 2760 1358 2801 afflatus,
1381 2758 1482 2804 isque
1505 2758 1651 2804 spiritus
1678 2758 1712 2791 ei

230 2810 302 2852 per
321 2811 453 2853 omnem
478 2801 583 2836 vitam
602 2803 783 2846 adfuisset,
808 2817 853 2840 ne
875 2811 1010 2839 mortuo
1034 2806 1172 2851 quidem
1192 2817 1234 2840 eo
1254 2806 1399 2841 istarum
1420 2817 1589 2851 nugarum
1608 2806 1714 2839 finem

230 2846 321 2880 fecit
353 2846 524 2881 diabolus.
587 2849 735 2885 maxima
769 2852 951 2887 divinandi
986 2852 1154 2887 facultate
1191 2852 1228 2886 id
1262 2864 1374 2897 genus
1406 2852 1555 2898 spiritus
1588 2852 1712 2897 pollet,

232 2891 339 2927 multa
361 2903 469 2938 vera,
507 2893 675 2941 pleraque
703 2903 818 2934 autem
849 2899 1015 2945 ambigua
1048 2904 1086 2935 et
1108 2898 1279 2945 ancipitia
1302 2900 1346 2934 ob
1373 2899 1632 2945 ignorationem
1655 2896 1712 2932 di-
