1742 3184
185 152 252 201 72
674 150 917 199 GEORGII
947 149 1195 197 CEDRENI

185 266 329 312 λοιπὸν
361 266 420 324 μὴ
459 266 565 326 πρὸς
598 266 782 326 Φαραώ,
824 267 884 324 μὴ
914 267 1019 326 πρὸς
1048 266 1305 324 Αἰγυπτίους
1342 264 1529 322 ἀσεβεῖς,
1573 263 1682 309 ἀλλὰ

130 351 164 389 c
186 338 290 397 πρὸς
315 338 406 395 ε’μὲ,
443 339 565 397 φησί,
601 340 668 382 καὶ
690 338 765 393 τὴν
787 338 996 392 εὗσεζθειαν
1019 341 1101 380 τῶν
1123 339 1312 391 πατέριον
1329 335 1576 394 ἐπιστρέφου
1600 340 1683 380 τῶν

184 413 283 453 σῶν.
353 410 421 452 καὶ
439 408 520 467 γὰρ
538 406 643 452 κατά
665 425 740 451 σου
762 405 1122 463 διαβουλευόμενοι
1139 408 1422 464 ἐλοιδοροῦντο
1443 408 1510 450 καὶ
1531 407 1682 462 ἐνεΐχον

183 476 369 531 τοξόται,
404 482 562 535 τρῶσαι
591 479 781 530 θέλοντες
812 479 879 521 καὶ
911 476 1164 521 ἀποκτεῖναι·
1202 477 1230 534 ἢ
1265 475 1403 536 ὥσπερ
1436 477 1475 520 οἱ
1508 476 1681 535 ἀδελφοὶ

184 546 537 608 ὃιαφθονούμενοι
568 546 787 607 πρότερον,
822 549 891 591 καὶ
925 546 1044 590 ἄλλοι
1074 552 1195 592 τοῦτο
1230 545 1434 606 δράσουσι
1464 547 1715 603 μετέπειταό

185 620 243 670 εἷς
262 617 450 676 ἐκγόνους
467 617 564 669 τοὺς
585 616 696 669 σούς.
759 617 864 660 ἀλλὰ
889 617 957 660 διὰ
974 618 1114 676 χειρὸς
1132 616 1337 661 δυνάστου
1355 622 1430 662 τοῦ
1450 618 1554 672 ἐμοῦ
1574 621 1681 660 θεοῦ

183 692 259 732 τοῦ
278 686 775 745 κατισχύσαντοςἿσραὴλ
794 689 1010 746 συνετρίβη
1030 688 1083 732 τὰ
1101 687 1201 740 τόξα
1222 687 1371 741 αὐτῶν,
1392 689 1461 731 καὶ
1481 687 1533 730 τὰ
1555 691 1680 744 νεῦρα

183 762 266 802 τῶν
292 756 524 816 βραχιόνων
551 757 686 801 αὐτῶν
715 756 905 814 ἐξελύθη.
975 759 1045 801 καὶ
1082 757 1279 815 εὖλόγησὲ
1307 775 1353 802 σε
1373 755 1394 801 ὅ
1415 758 1518 809 θεὸς
1537 755 1559 800 ὃ
1581 757 1681 811 ἐμὸς

184 827 371 885 εὐλογίαν
395 828 573 885 οὐρανοῦ
594 829 661 871 καὶ
682 832 778 885 γῆς,
814 828 1021 887 οὐρανίοις
1043 829 1301 886 χαρίσμασιν
1328 828 1502 885 ἀγαθῶν
1524 827 1681 886 ἀρετῶν

183 900 250 941 καὶ
278 898 464 955 ἐπιγείοις
491 899 820 950 καταπλουτίσας
842 898 1023 955 ἀγαθοῖς
1038 903 1154 942 πᾶσι.
1225 900 1294 942 καὶ
1316 898 1385 942 διὰ
1404 898 1480 950 τὰς
1497 897 1577 941 ἀπὸ
1593 916 1675 953 μα-
1693 904 1739 942 10

182 972 291 1012 στῶν
313 969 382 1011 καὶ
400 965 562 1024 μήτρας
581 972 655 1024 τῆς
676 966 834 1024 μητρός
852 986 929 1012 σου
951 969 1136 1026 εὐλογίας
1155 970 1224 1012 καὶ
1249 969 1319 1012 διὰ
1339 969 1416 1021 τὰς
1434 973 1506 1012 τοῦ
1524 966 1682 1026 πατρός

182 1055 259 1082 σου
291 1037 335 1080 ἔκ
366 1039 511 1094 νηπίου
545 1038 770 1094 ἐπιθυμίας
794 1040 861 1081 καὶ
888 1037 1111 1096 ἀγαπήσεις
1134 1037 1415 1098 ὖπερίσχυσας
1437 1041 1506 1082 καὶ
1532 1036 1681 1082 ἐδυνά-

131 1112 164 1150 D
187 1111 300 1163 σθης
316 1105 419 1165 ὑπὲρ
443 1107 628 1165 εὐλογίας
646 1108 775 1166 ὀρέων
790 1109 998 1164 μονίμων,
1028 1108 1120 1165 ἤτοι
1151 1110 1356 1164 βασιλέων
1386 1110 1682 1167 πολυχρονίων,

180 1180 249 1221 καὶ
271 1178 495 1233 ἐπιθυμίας
514 1181 646 1222 θινῶν
669 1180 865 1231 αἰωνίων,
894 1178 984 1235 ἤτοι
1005 1184 1168 1234 βουνῶν
1192 1182 1261 1223 καὶ
1286 1178 1497 1238 ἀρχόντων
1517 1197 1682 1236 μακρο-

178 1246 341 1304 βιότητι
364 1249 717 1303 διευθηνουμένων
737 1247 901 1293 πάντων
923 1247 1154 1307 ὖπερέσχες.
1226 1243 1348 1293 αὗται
1378 1254 1501 1307 γοῦν,
1539 1250 1678 1308 φησίν,
1694 1253 1738 1290 15

181 1318 225 1360 αἶ
248 1317 425 1374 εὐλογίαι
445 1317 587 1373 εἴησαν
610 1319 674 1361 ἐπὶ
696 1319 880 1378 κεφαλὴν
899 1319 1063 1377 Ἰωσὴφ
1085 1321 1154 1362 καὶ
1177 1320 1241 1362 ἐπὶ
1262 1319 1452 1378 κορυφὴν
1475 1313 1532 1363 ὧν
1557 1318 1682 1371 αὐτὸς

179 1384 335 1443 ἡγεῖται
362 1386 567 1445 ἀδελφῶν.
638 1391 836 1444 Βενιαμὶν
867 1389 913 1432 δὲ
945 1388 1069 1441 λύκος
1096 1387 1255 1448 ἅρπαξ·
1287 1390 1334 1433 τὸ
1355 1389 1535 1448 πρωϊκὸν
1557 1389 1682 1442 αὐτὸς

179 1455 339 1509 ἔδεται,
375 1459 443 1499 καὶ
472 1458 531 1509 εἷς
561 1457 607 1501 τὸ
637 1456 813 1516 ἑσπέρας
848 1457 1044 1503 &addan
1071 1457 1246 1518 τροφήν.
1317 1464 1505 1504 τοιοῦτον
1523 1465 1623 1518 γοῦν
1641 1478 1681 1504 τι

178 1527 383 1573 πέπονθεν
405 1525 430 1582 ἢ
451 1526 599 1571 τούτου
623 1526 751 1586 φυλή.

319 1596 485 1639 Εῖόἕναι
505 1597 550 1640 δὲ
569 1599 636 1641 δεῖ
648 1597 711 1640 ὅτι
730 1595 802 1640 ε’άν
819 1615 881 1651 τις
894 1597 938 1641 ἐκ
951 1597 1224 1656 παρατάσεως
1237 1597 1463 1657 ἁμαρτάνει
1477 1598 1739 1658 πειράζων20

179 1665 252 1709 τὸν
274 1666 377 1709 θεὸν
402 1664 459 1717 ὥς
478 1667 538 1723 μὴ
558 1666 767 1719 ἐπεξιόντα
788 1674 875 1720 τοῖς
898 1674 1113 1726 πονηροῖς,
1145 1667 1167 1712 ὅ
1202 1674 1387 1722 τοιοῦτος
1423 1669 1516 1713 οὔτε
1549 1688 1679 1727 μετα-

181 1737 297 1788 νοίας
315 1735 501 1787 ἀξιοῦται
522 1736 615 1781 οὔτε
635 1737 843 1795 ἀφέσεως,
878 1737 1015 1797 ὥσπερ
1035 1756 1078 1797 γε
1101 1741 1167 1782 καὶ
1191 1738 1308 1783 ἄλλοι
1330 1741 1494 1792 πλείους
1515 1742 1584 1784 καὶ
1607 1735 1681 1783 οὗ·-

58 1812 86 1846 Ρ
110 1811 157 1851 41
182 1823 252 1860 τος
282 1803 458 1865 Φαραώ.
523 1805 601 1852 κᾶν
631 1808 728 1867 λε’γῃ
765 1825 828 1862 τις
860 1808 967 1869 παρ’
1001 1807 1157 1870 ἑαυτῷ,
1189 1807 1283 1854 ὅσιά
1306 1827 1378 1867 μοι
1399 1812 1579 1868 γένοιτο,
1617 1810 1681 1855 ὅτι

178 1938 379 1988 Aegyptios
403 1940 619 1987 revertaris,
655 1941 719 1978 sed
743 1942 788 1978 ad
815 1954 871 1978 me
892 1954 934 1978 ae
958 1943 1127 1979 maiorum
1150 1949 1290 1979 tuorum
1314 1944 1485 1991 pietatem
1507 1949 1544 1980 te
1567 1946 1680 1982 refer.

180 1996 260 2021 nam
278 1986 457 2033 sagittarii
477 1994 602 2024 contra
623 1993 661 2023 te
685 1989 868 2025 consilium
886 1990 1090 2035 iniverunt,
1118 1990 1313 2038 opprobria
1335 1993 1499 2027 iecerunt
1521 2004 1564 2027 ac
1589 1993 1680 2028 insi-

178 2033 258 2068 dias
277 2035 526 2081 tetenderunt,
563 2035 754 2072 vulnerare
778 2043 994 2083 quaerentes
1018 2043 1054 2073 et
1074 2037 1301 2083 interficere,
1336 2039 1395 2074 vel
1418 2039 1524 2075 sicuti
1549 2040 1682 2075 fratres

177 2081 355 2126 quondam
385 2081 523 2118 invidia
553 2083 727 2129 permoti,
760 2083 818 2119 vel
848 2084 908 2119 ani
931 2084 999 2119 hoc
1022 2085 1193 2132 deinceps
1217 2086 1390 2121 adversus
1411 2092 1577 2132 posteros
1600 2093 1683 2122 tuos

176 2127 374 2163 audebunt.
421 2130 486 2165 sed
508 2141 611 2164 manu
635 2130 793 2177 potentis
812 2131 882 2166 mei
904 2130 984 2177 dei,
1010 2132 1072 2179 qui
1095 2132 1267 2167 Israelum
1290 2134 1460 2179 roborat,
1487 2146 1591 2169 arcus
1616 2146 1680 2170 eo·-

174 2183 252 2209 rum
289 2175 466 2210 confracti
499 2181 582 2212 sunt
616 2177 791 2223 nervique
815 2177 1039 2213 brachiorum
1065 2191 1186 2214 eorum
1213 2179 1339 2215 luxati.
1388 2186 1426 2216 te
1451 2187 1567 2216 autem
1591 2182 1681 2217 deus

174 2231 273 2255 meus
298 2221 513 2258 caelestibus
537 2235 579 2258 ac
602 2223 834 2260 terrestribus
858 2225 960 2261 bonis
993 2226 1136 2271 beavit,
1172 2226 1386 2263 caelestibus
1417 2227 1589 2263 virtutum
1613 2230 1680 2264 bo-

178 2279 301 2302 narum
324 2268 446 2314 donis,
473 2270 705 2306 terrestribus
730 2271 926 2317 omnigenis
952 2271 1102 2319 opibus;
1136 2285 1178 2308 ac
1203 2279 1243 2309 tu
1269 2281 1420 2321 propter
1447 2275 1585 2310 faustas
1608 2275 1680 2311 iam

176 2312 261 2348 inde
286 2315 330 2350 ab
355 2321 459 2351 utero
482 2322 517 2352 et
540 2317 710 2353 uberibus
729 2318 852 2353 matris
870 2324 955 2354 tuae
973 2321 1296 2367 comprecationes,
1322 2326 1543 2369 propterque
1565 2323 1680 2369 patris

177 2360 232 2396 tui
255 2362 299 2396 ab
322 2361 468 2398 ineunte
497 2368 560 2399 tua
590 2370 710 2401 aetate
734 2364 916 2401 desideria
938 2371 1046 2412 atque
1073 2366 1320 2414 dilectionem,
1357 2369 1588 2415 praevaluisti
1621 2371 1679 2405 fa-

178 2413 327 2454 ctusque
349 2421 388 2444 es
408 2415 536 2456 potens
560 2423 669 2459 supra
691 2412 970 2459 prosperitatem
997 2412 1115 2449 avium
1139 2415 1419 2460 permanentium
1444 2417 1595 2462 (nempe
1617 2429 1679 2452 re-

177 2465 258 2499 gum
279 2454 384 2501 longo
405 2463 567 2504 tempore
590 2458 885 2506 imperantium),
920 2465 958 2495 et
976 2471 1086 2507 supra
1110 2461 1325 2508 cupiditates
1349 2462 1488 2497 collium
1510 2469 1677 2499 aeterno-

177 2511 254 2536 rum
281 2502 373 2545 (hoc
395 2509 451 2539 est
472 2505 671 2551 principum
694 2517 868 2552 prospere
893 2506 1032 2553 longam
1057 2514 1210 2543 aetatem
1235 2510 1442 2556 agentium)
1467 2521 1588 2545 omnes
1613 2524 1678 2547 ex-

176 2547 346 2583 celluisti.
409 2555 516 2598 atque
540 2552 650 2597 haec,
684 2553 820 2599 inquit,
855 2553 975 2589 fausta
995 2555 1195 2591 redundent
1218 2555 1255 2591 in
1281 2562 1389 2603 caput
1410 2556 1492 2591 Iose
1520 2557 1557 2591 hi
1580 2563 1618 2594 et
1638 2558 1677 2594 in

176 2594 347 2630 verticem
370 2596 520 2633 fratrum
548 2611 698 2646 quorum
727 2600 806 2647 ipse
828 2600 955 2636 ductor
982 2606 1050 2637 est.
1099 2603 1329 2639 Beniaminus
1352 2609 1469 2638 autem
1507 2615 1596 2650 upus
1621 2611 1679 2641 est

175 2646 320 2686 raptor:
357 2644 563 2680 matutinum
587 2645 668 2694 ipse
690 2647 836 2683 vorabit
859 2653 896 2683 et
918 2648 1146 2703 vespertinae
1178 2652 1345 2697 praedam
1380 2649 1587 2689 distribuet.
1634 2664 1678 2688 ac

176 2686 250 2722 tale
274 2688 457 2735 quippiam
481 2692 591 2727 tribui
613 2694 867 2730 Beniamineae
890 2700 1026 2730 evemt.

270 2734 461 2772 Sciendum
487 2744 604 2774 autem
628 2746 703 2786 est,
736 2740 769 2775 si
792 2742 871 2788 quis
896 2741 1075 2777 obstinato
1097 2743 1214 2779 animo
1237 2747 1383 2791 peccat,
1408 2743 1512 2780 deum
1534 2749 1678 2782 tentans

175 2780 290 2816 veluti
314 2782 423 2817 malos
450 2784 634 2832 suppliciis
659 2799 730 2822 non
755 2789 985 2834 affectatum,
1012 2800 1090 2825 eum
1114 2802 1230 2836 neque
1252 2790 1538 2837 resipiscentiam
1561 2805 1679 2839 neque

174 2827 317 2863 veniam
350 2831 555 2876 consequi,v
579 2834 672 2878 quod
699 2840 735 2869 et
758 2835 796 2870 in
820 2836 901 2872 aliis
928 2835 1047 2871 multis
1067 2843 1105 2872 et
1129 2837 1166 2872 in
1192 2838 1259 2872 hoc
1286 2837 1454 2884 apparuit
1475 2838 1678 2876 Pharaone.

174 2872 333 2922 itemque
366 2875 399 2914 si
428 2877 508 2924 quis
541 2881 635 2927 apud
665 2881 816 2919 animum
851 2894 952 2919 suum
985 2882 1082 2920 dicat
1115 2880 1331 2921 “clementer
1363 2896 1500 2922 meeum
1535 2894 1679 2934 agatur,
