1742 3184
186 176 288 229 754
663 174 906 222 GEORGII
941 172 1186 220 GEDRENI

188 295 373 356 λεντίνῳ,
421 294 490 338 καὶ
520 290 934 351 γλωσσοκοπήσαντες
962 293 1186 349 Μαρτῒναν
1223 289 1293 333 καὶ
1331 283 1669 347 ῥινοκοπῆσαντες

182 364 456 425 εΗρακλωνιῖίν
485 363 683 422 ἐξώρισαν
713 362 985 421 ἀμφοτέρους.
1055 362 1123 403 καὶ
1144 359 1393 415 ἀνεβίβασαν
1414 356 1669 401 Κώνσταντα

186 437 259 481 τὸν
276 435 367 478 υἱὸν
385 435 712 485 Κωνσταντίνου,
755 431 916 488 ἔγγονον
942 429 1207 487 εΗρακλείου,
1242 430 1306 472 ἐπὶ
1332 427 1406 483 τὴν
1431 425 1586 487 ἀρχήν,
1623 426 1668 478 ὃς

41 519 72 554 Ρ
93 516 164 555 431
188 503 410 565 ἐκράτησεν
431 503 499 560 ἔτη
521 501 595 556 κζ’.
666 500 689 545 ὅ
709 501 753 544 δὲ
766 499 1039 560 ζΗρακλωνᾶς
1053 500 1126 543 οὐκ
1146 497 1278 557 ἐτάφη
1296 501 1534 553 βασιλικῶς,
1561 496 1668 539 ἀλλὰ

188 576 384 631 διωχθεὶς
404 575 448 618 ἔκ
465 577 538 629 τῆς
555 572 768 627 βασιλείας
784 573 854 615 καὶ
873 568 1091 615 ἰδιωτεύων
1111 566 1244 627 ἐτάφη
1269 569 1311 611 ἓν
1329 572 1388 628 τῷ
1405 567 1668 625 μοναστηρίῳ
1682 573 1704 608 5

187 646 265 691 σὺν
290 649 342 703 τῇ
369 645 494 701 μητρὶ
518 642 736 702 Μαρτίνα.
804 639 981 699 Πύρρου
1013 641 1058 683 δὲ
1086 638 1358 694 ἐκβληθέντος
1381 643 1672 695 χειροτονεῖται

188 712 445 774 πατριάρχης
464 709 935 762 Κωνσταντινουπόλεως
949 712 1122 760 Παῦλος
1136 707 1411 767 πρεσβύτερος
1426 708 1495 751 καὶ
1514 704 1672 750 οἰκονό-

187 803 289 841 μος,
316 780 591 837 ἐπισκοπῆσας
612 780 679 836 ἴτη
702 778 773 836 ιβ’.

329 849 503 906 Κόσμου
522 850 611 902 ἔτος
632 849 775 910 ’ςρλδζ
815 852 891 905 τῆς
909 848 1030 899 θείας
1048 843 1295 906 σαρκώσεως
1314 843 1403 898 ἴτος
1419 842 1508 902 χμ’.
1571 842 1675 888 Ῥω-

188 923 322 980 μαίων
352 921 547 977 βασιλεὺς
567 919 766 972 Κώνστας
787 917 809 963 ὅ
834 918 924 970 υἱὸς
951 917 1262 962 Κωνσταντίνου
1292 913 1386 960 υἷοῦ
1411 913 1673 973 “Ηρακλείου,
1687 919 1732 956 10

189 989 412 1050 αἱρετικός,
448 989 516 1047 ξ’τη
538 987 612 1040 κζ’.
683 988 728 1042 ὃς
749 993 1067 1047 παρακλητικοΐς
1087 985 1223 1044 λόγοις
1240 985 1344 1043 πρὸς
1361 984 1434 1042 τὴν
1453 983 1677 1042 σύγκλητον

190 1060 408 1120 ἐχρήσατο,
427 1061 642 1111 ἐπαινέσας
661 1060 788 1116 αὐτὴν
804 1057 907 1117 ὑπὲρ
929 1062 1004 1102 τοῦ
1026 1057 1173 1113 μίσους
1188 1055 1439 1115 ςΗρακλωνιῖί
1456 1057 1523 1098 καὶ
1542 1057 1678 1113 Μαρ-

190 1133 303 1187 τίνης
323 1129 380 1182 ὥς
397 1131 552 1189 φονέων
571 1129 793 1187 γεγονότων
812 1133 887 1173 τοῦ
908 1128 1065 1186 πατρὸς
1087 1126 1238 1180 αὐτοῦ,
1273 1127 1343 1170 καὶ
1364 1127 1537 1185 δωρεαῖς
1556 1128 1679 1184 φιλο·-

140 1220 172 1257 B
194 1199 469 1258 τιμησάμενος
485 1200 675 1243 ἀπέλυσε.

331 1274 405 1329 Τῷ
426 1269 467 1326 β’
491 1269 568 1313 ἔτει
589 1269 742 1327 ἤρξατο
770 1266 968 1326 Οὕμαρος
996 1267 1226 1321 οῗκοδομεῖν
1253 1264 1326 1310 τὸν
1346 1263 1446 1309 ναὸν
1472 1263 1679 1322 Ἱερουσαο
1693 1268 1735 1304 15

178 1338 300 1397 Κλήμ,
336 1341 404 1382 καὶ
429 1339 505 1395 οὐχ
519 1341 664 1384 ἵστατο
686 1339 732 1382 τὸ
755 1339 921 1394 κτίσμα.
989 1337 1228 1391 πυθομένου
1249 1336 1295 1379 δὲ
1317 1335 1391 1391 τὴν
1411 1335 1545 1378 αἰτίαν
1569 1331 1680 1376 εἶπον

194 1411 234 1454 οἶ
249 1411 456 1466 Ἰουδαῖοι,
491 1411 559 1452 καὶ
581 1406 810 1465 κατήγαγον
830 1407 901 1452 τὸν
923 1405 1102 1464 σταυρὸν
1122 1406 1194 1450 τὸν
1213 1404 1311 1450 ἶίντα
1332 1402 1469 1449 ἐπάνω
1488 1407 1562 1448 τοῦ
1578 1407 1681 1447 ναοῦ

193 1484 269 1524 τοῦ
302 1478 425 1537 ὄρους
456 1483 540 1522 τῶν
569 1480 730 1531 ἐλαιῶν,
774 1479 844 1522 καὶ
875 1475 1006 1528 οὕτως
1038 1476 1211 1532 συνέστη
1243 1476 1380 1519 αὐτῶν
1407 1472 1434 1530 ἦ
1469 1471 1682 1529 οἰκοδομή.

195 1550 265 1593 διὰ
306 1546 460 1605 ταύτην
497 1549 572 1605 τὴν
614 1549 749 1592 αἰτίαν
790 1547 968 1600 πολλοὺς
998 1546 1205 1606 σταυροὺς
1233 1543 1464 1612 κατήγαγον
1497 1545 1536 1589 οἱ
1559 1542 1682 1601 μισό-

191 1635 367 1679 χριστοι.
1693 1619 1740 1656 20

334 1691 409 1746 Τῷ
429 1686 464 1745 γ’
492 1686 569 1731 ἴτει
588 1687 747 1745 γέγονεν
766 1684 947 1742 ἔκλειψις
962 1684 1094 1742 ἡλίου.

336 1761 411 1815 Τῷ
442 1756 476 1807 ς’
505 1757 580 1802 ἔτει
602 1759 760 1814 γέγονεν
782 1755 930 1812 ἄνεμος
949 1757 1109 1811 βίαιος,
1157 1756 1226 1799 καὶ
1245 1753 1379 1799 πολλὰ
1399 1753 1550 1812 δένδρα
1568 1770 1684 1809 παμ-

194 1825 354 1884 μεγέθη
372 1825 529 1880 ἔπεσον,
559 1829 628 1870 καὶ
647 1824 821 1876 στύλους
841 1824 1003 1884 ἔρριψε.

198 2004 237 2037 et
255 1999 444 2037 Valentino
469 1999 605 2046 deficit,
629 2003 667 2037 et
682 2000 873 2037 Martinam
897 2004 1040 2037 exsecta
1063 2000 1194 2047 lingua,
1218 2000 1454 2037 Heraclonam
1470 2011 1558 2036 naso
1581 1998 1688 2035 muti-

197 2048 305 2083 latum
340 2053 501 2083 extorres
533 2048 626 2092 agit:
661 2048 890 2083 Constantem
915 2048 1142 2084 Constantini
1175 2048 1284 2084 filium
1315 2048 1475 2083 Heraclii
1521 2055 1686 2094 nepotem

198 2094 348 2140 imperio
373 2093 599 2141 praeficiunt.
645 2095 762 2130 tenuit
781 2095 848 2130 hoc
869 2106 980 2130 annos
1006 2095 1066 2131 27.
1114 2099 1269 2130 ceterum
1293 2095 1512 2131 Heraclonas
1536 2107 1606 2130 non
1631 2099 1686 2129 est

196 2141 426 2186 imperatoria
449 2140 634 2187 sepultura
656 2142 828 2187 affectus,
863 2141 927 2176 sed
959 2154 1069 2188 regno
1103 2141 1260 2186 eiectus;
1293 2142 1540 2189 privatamque
1575 2152 1685 2187 agens

198 2187 320 2234 vitam,
344 2199 421 2222 cum
442 2192 553 2222 matre
575 2187 731 2223 Martina
754 2189 916 2224 humatus
940 2194 995 2223 est
1017 2188 1056 2223 in
1081 2188 1256 2224 dominico
1280 2189 1508 2225 monasterio.
1542 2188 1686 2234 Pyrrho

197 2234 304 2269 etiam
319 2233 511 2280 profligato
535 2234 738 2280 patriarcha
763 2234 886 2282 Cpolis
909 2239 1051 2271 creatur
1066 2235 1199 2271 Paulus
1223 2237 1415 2282 presbyter
1438 2241 1476 2272 et
1497 2235 1685 2282 dispensa—

197 2284 268 2327 tor,
293 2279 356 2325 qui
378 2280 619 2327 episcopatum
641 2282 756 2327 gessit
778 2294 888 2318 annos
914 2283 971 2317 12.

288 2326 390 2362 Anno
413 2326 533 2362 mundi
556 2328 660 2373 6134,
686 2340 777 2364 anno
803 2329 947 2364 divinae
970 2327 1226 2364 incarnationis
1249 2329 1329 2375 640,
1352 2329 1530 2365 Constans
1553 2328 1688 2364 Roma-

196 2384 321 2408 norum
345 2373 530 2420 imperium
553 2374 702 2420 adeptus
727 2380 800 2420 est,
831 2376 940 2422 idque
961 2375 1075 2421 gessit
1101 2387 1212 2411 annos
1235 2375 1301 2419 27,
1326 2375 1555 2411 Constantini
1578 2375 1687 2421 filius,

196 2419 357 2455 Heraclii
372 2432 483 2467 nepos
512 2420 725 2457 haereticus.
772 2422 804 2457 is
827 2427 986 2458 senatum
1009 2422 1171 2458 oratione
1196 2422 1324 2458 blanda
1348 2422 1585 2469 compellavit,
1611 2422 1685 2457 col-

196 2465 343 2502 laudans
367 2478 428 2502 eos
454 2468 499 2502 ob
520 2466 791 2504 insectationem
814 2468 1039 2504 Heraclonae
1063 2474 1101 2505 et
1123 2469 1316 2515 Martinae,
1348 2482 1370 2505 a
1395 2468 1524 2516 quibus
1548 2473 1687 2516 patrem

195 2524 296 2548 suum
318 2512 546 2549 interfectum
569 2514 730 2557 dicebat3
755 2515 1023 2561 liberaliterque
1045 2517 1196 2552 donatos
1219 2515 1367 2551 dimisit.

289 2559 390 2595 Anno
424 2560 529 2595 huius
560 2561 674 2596 altero
704 2563 856 2598 Umarus
891 2563 1084 2598 aedificare
1122 2562 1289 2608 templum
1323 2562 1687 2607 Hierosolymitannm

197 2606 337 2652 coepit3
361 2618 508 2653 cumque
527 2608 691 2643 aedificia
714 2621 784 2644 non
808 2609 1056 2654 consisterent,
1082 2610 1206 2644 Iudaei
1229 2621 1369 2645 causam
1387 2610 1505 2655 rogati
1527 2622 1602 2644 eam
1622 2622 1687 2644 ex-

196 2658 411 2698 posuerunt,
447 2664 489 2688 ac
511 2665 649 2689 crucem
673 2667 764 2700 quae
793 2657 924 2703 templo
948 2657 1076 2692 montis
1102 2657 1257 2692 olearum
1282 2656 1447 2703 imposita
1471 2662 1550 2691 erat
1573 2657 1687 2702 depo-

197 2703 356 2751 suerunt.
403 2700 455 2734 ita
476 2699 611 2735 demum
631 2702 796 2738 aedificia
816 2703 957 2738 firmata
976 2708 1071 2738 sunt.
1119 2709 1227 2750 atque
1252 2704 1341 2740 haec
1362 2716 1422 2740 res
1445 2703 1582 2739 Christi
1603 2714 1687 2738 oso-

196 2744 296 2779 ribus
318 2746 537 2782 occasionem
561 2749 727 2792 praebuit
749 2749 874 2785 multas
897 2761 1021 2786 cruces
1045 2750 1272 2786 deturbandi.

289 2789 390 2826 Anno
417 2793 523 2827 tertio
547 2794 708 2831 defectus
732 2796 818 2831 solis
839 2796 923 2832 fuit.

195 2835 389 2919 deiecAitnno
413 2844 513 2875 sexto
538 2839 663 2886 ingens
689 2848 816 2879 ventus
840 2843 967 2880 multas
997 2844 1240 2892 praegrandes
1265 2845 1414 2880 arbores
1439 2854 1482 2880 ac
1507 2842 1686 2880 columnas
