1742 3184
187 180 252 232 14
662 172 904 221 GEORGII
939 170 1186 218 CEDRENI

184 295 392 362 γύμνωσιν
419 289 650 354 ἀδιάφορον
675 291 897 351 παρέσχεν,
932 286 1094 349 ἐρρήθη
1121 286 1185 332 ὅτι
1215 286 1515 345 διηνοίχθησαν
1537 283 1674 330 αὐτῶν

185 370 229 413 οἱ
259 365 490 427 ὀφθαλμοί.
558 364 712 423 πέφυκε
733 362 814 421 γὰρ
841 359 863 404 ὅ
892 359 1116 418 ὀφθαλμὸς
1145 357 1256 410 ἅπας
1273 356 1354 401 ὑπὸ
1379 361 1455 402 τοῦ
1478 359 1676 414 λογισμοῦ

189 439 461 496 διεγείρεσθαι
492 434 596 493 πρὸς
626 433 655 477 ἃ
682 433 845 489 βλέπει·
881 429 1042 477 σύνεσιν
1062 429 1142 489 γὰρ
1161 428 1267 473 καθ’
1290 427 1436 472 ἑαυτὸν
1458 426 1582 479 αὐτὸς
1601 426 1676 470 οὐκ

189 508 285 565 ἔχει.
322 505 424 552 ὥστε
443 502 638 556 πολλάκις
653 504 756 562 πρὸς
772 503 890 560 ἕτερα
905 505 979 557 τῆς
996 501 1179 552 διανοίας
1196 498 1501 555 ἀσχολουμένης
1516 500 1678 556 τυφλοῦ

192 580 310 634 δίκην
339 573 634 635 παρερχόμεθα
667 574 789 618 ἐνίοτε
822 574 892 616 καὶ
917 571 990 616 τὸν
1016 568 1122 615 πάνυ
1153 567 1381 629 γνώριμον,
1416 570 1486 612 καὶ
1513 566 1712 611 ἓπειδᾶνό

194 649 459 707 ἔγκληθῶμεν
468 678 482 700 ,
509 650 560 703 τῇ
579 644 751 705 ἀσχολίᾳ
766 648 840 686 τοῦ
859 646 1058 699 λογισμοῦ
1077 641 1124 685 τὸ
1144 641 1274 684 αἴτιον
1292 639 1555 690 ἀνατιθέντες
1573 637 1680 681 ἀπο-

17 727 60 775 ἵξὲ,
92 770 98 774 .
139 727 172 764 Β
194 716 443 776 λογοῦμεθα.
512 711 644 767 οὕτως
668 709 740 757 οὗν
763 712 937 767 ὄἈδὰμ
959 713 1028 755 καὶ
1051 709 1079 768 ῆ
1102 710 1195 755 Εὕα
1216 715 1268 769 τῇ
1290 707 1484 766 αῗσθήσει
1508 713 1584 752 τοῦ
1606 712 1681 751 νοῦ

192 789 298 848 πρὸς
318 788 393 844 τὴν
414 786 512 843 ὄψιν
533 786 823 843 διηγέρθησαν.
893 783 940 827 τὸ
960 781 1040 840 γὰρ
1069 779 1281 839 εςἴγνωσοιν
1299 778 1361 824 ὅτι
1375 780 1521 838 γυμνοὶ
1539 773 1678 835 ἦσαν”

195 856 459 913 ἀποκάλυψιν
487 857 672 912 σημαίνει
695 854 770 910 τὴν
795 852 1053 910 ἐγγενομένην
1077 856 1136 912 τῷ
1157 854 1363 910 λογισμῷ,
1399 849 1474 894 οὐκ
1505 846 1684 904 ἀνάβλε-

194 943 275 986 ψιν
298 929 543 987 ὀφθαλμῶν.
613 923 861 981 λεχθήσεται
885 924 930 967 δὲ
950 922 1132 975 κάκεῖνο,
1169 921 1232 967 ὅτι
1255 921 1334 980 πρὸ
1356 925 1430 977 τῆς
1454 919 1682 972 ἀπειθείας,
1695 920 1741 957 10

198 998 335 1054 ἐπειδὴ
365 995 507 1055 καιρὸν
541 994 616 1039 οὔκ
653 994 731 1051 εἶχε
763 995 815 1039 τὰ
843 998 918 1050 τῆς
945 993 1230 1046 παιδοποιίας,
1267 993 1342 1036 οὐκ
1376 991 1538 1035 ἐδέδοτο
1569 988 1686 1048 παρὰ

199 1073 302 1114 θεοῦ
326 1065 352 1124 ῆ
375 1064 657 1125 παρατήρησις
677 1069 750 1120 τῆς
770 1063 1036 1122 γυμνώσεως,
1073 1062 1180 1106 ἀλλὰ
1200 1063 1402 1107 διετέλουν
1421 1059 1478 1113 ὡς
1497 1059 1688 1118 ἄσαρκοι,

201 1142 397 1198 σαρκικῆς
420 1137 645 1187 διαθέσεως
664 1134 776 1178 οὔπω
797 1134 940 1194 καιρὸν
960 1133 1132 1190 ἔχοντες.
1201 1133 1339 1190 ἐπειδὴ
1372 1132 1416 1175 δὲ
1443 1130 1471 1188 ῆ
1499 1131 1689 1175 ἀπείθεια

202 1211 466 1263 ἓπισυμβᾶσα
480 1206 527 1250 τὸ
547 1205 702 1262 θνητὸν
719 1203 939 1262 ἐπηγάγετο
946 1237 962 1258 ,
998 1201 1163 1255 εἰκότως
1181 1203 1324 1247 λοιπὸν
1342 1200 1514 1259 ἐνεδόθη
1530 1199 1692 1252 τούτοις

204 1278 233 1336 ἦ
269 1279 371 1337 πρὸς
403 1275 606 1333 ἀλλήλους
639 1273 787 1326 αἰδώς·
822 1277 891 1319 καὶ
913 1273 1150 1331 νενοῆκασιν
1169 1273 1340 1333 ὕστερον
1359 1276 1443 1317 τῶν
1466 1270 1690 1328 σχημάτων
1703 1269 1742 1307 15

205 1349 281 1406 τὴν
312 1344 540 1407 διαφοράν,
574 1349 944 1404 προθεωρηθεῖσαν
966 1349 1025 1404 τῷ
1046 1342 1260 1399 πλάσματι
1282 1342 1386 1403 πρὸς
1403 1341 1450 1387 τὸ
1470 1342 1694 1399 ἀναγκαῖον

153 1424 186 1460 C
209 1423 283 1476 τῆς
313 1422 386 1462 τοῦ
416 1417 556 1475 γένους
583 1417 792 1471 διαδοχῆς.
862 1415 906 1458 ἐκ
926 1413 1094 1474 φύλλων
1115 1414 1160 1456 δὲ
1180 1418 1307 1469 συκῆς
1326 1413 1522 1469 ἐποίησαν
1535 1411 1697 1464 ἑαυτοῖς

206 1487 490 1548 περιζώματα,
524 1486 811 1539 αἰνιττομένων
843 1484 912 1527 διὰ
945 1488 1020 1528 τοῦ
1052 1482 1175 1535 ’ξύλου
1200 1484 1272 1528 τὸν
1295 1481 1450 1542 τρόπον
1471 1486 1547 1539 τῆς
1570 1499 1697 1526 κακο-

209 1559 406 1619 πραγίας·
442 1555 499 1608 ὥς
525 1556 604 1614 γὰρ
630 1553 734 1611 ῆδὺς
757 1552 777 1597 ὅ
801 1553 959 1613 καρπὸς
975 1557 1049 1610 τῆς
1066 1558 1217 1610 συκῆς,
1251 1553 1382 1612 τραχὺ
1403 1554 1448 1596 δὲ
1465 1554 1532 1596 καὶ
1552 1551 1697 1610 πικρό-

211 1646 335 1674 τατον
355 1627 402 1670 τὸ
425 1625 602 1685 φύλλον,
638 1623 745 1667 οὕτω
769 1629 884 1667 πᾶσα
907 1622 1089 1682 ἁμαρτία
1108 1626 1151 1667 ἕν
1170 1625 1245 1679 μὲν
1260 1629 1312 1682 τῇ
1330 1621 1473 1682 πράξει
1493 1625 1695 1667 δείκνυται
1707 1622 1742 1658 2(

210 1697 327 1755 ῆδεΐα
337 1729 350 1750 ,
384 1696 488 1752 μετὰ
507 1696 551 1738 δὲ
571 1699 701 1738 ταῦτα
720 1692 869 1750 ὀδύνην
888 1695 1053 1752 παρέχει
1073 1698 1130 1753 τῷ
1150 1692 1388 1753 πεπραχότι.
1441 1696 1531 1751 περὶ
1554 1695 1597 1736 δὲ
1616 1698 1699 1736 τῶν

215 1768 466 1826 δερματίνων
486 1763 671 1821 χιτώνων
697 1766 821 1823 φησὶν
844 1762 864 1807 ὃ
890 1763 1090 1823 θεολόγος
1113 1766 1152 1805 Γ
1149 1763 1338 1824 ρηγόριος
1361 1762 1423 1807 ὅτι
1445 1764 1601 1820 θνητὸν
1623 1764 1701 1807 αὖ·

215 1838 287 1882 τὸν
309 1834 546 1895 ἀπεφήνατο
566 1833 587 1878 ὃ
606 1835 709 1887 θεὸς
726 1833 933 1894 νεκρότητι
955 1833 1227 1894 περιβάλλων.
1295 1839 1416 1879 τοῦτο
1439 1834 1517 1893 γὰρ
1544 1834 1582 1878 οἱ
1606 1836 1702 1893 δερ-

218 1975 326 2009 tatem
350 1982 490 2018 quoque
512 1969 564 2006 eis
587 1969 849 2006 indifferentem
872 1969 1083 2015 redegerat,
1112 1968 1318 2005 amiserunt.
1365 1967 1478 2004 omnis
1499 1968 1592 2005 enim
1617 1981 1703 2005 ocu-

219 2019 295 2066 lus,
330 2031 406 2053 cum
423 2019 501 2064 ipse
521 2031 540 2053 a
559 2030 637 2053 sese
657 2017 872 2053 intellectum
892 2028 963 2051 non
986 2017 1135 2062 habeat,
1171 2029 1214 2051 ea
1235 2021 1290 2051 est
1311 2021 1438 2052 natura
1458 2021 1498 2051 ut
1523 2028 1545 2051 a
1566 2017 1709 2053 ratione

220 2067 268 2102 ad
293 2066 465 2101 obiectum
494 2066 587 2111 quod
610 2064 921 2100 videtexcitetur.
966 2064 1089 2109 itaque
1123 2075 1378 2109 saepenumero
1411 2063 1594 2099 intellectu
1627 2064 1709 2100 aliis

221 2115 329 2149 rebus
360 2117 530 2158 occupato
565 2112 668 2146 etiam
701 2111 903 2146 notissimos
934 2109 1093 2145 homines
1127 2116 1293 2156 tanquam
1329 2111 1428 2146 caeci
1462 2111 1709 2158 praeterimus,

223 2171 339 2206 eoque
363 2160 503 2194 nomine
524 2159 730 2205 reprehensi
755 2158 888 2194 reiecta
910 2157 949 2192 in
972 2157 1099 2193 mentis
1120 2157 1385 2204 occupationem
1410 2169 1518 2193 causa
1538 2170 1603 2193 nos
1622 2170 1710 2206 pur-

221 2218 359 2253 gamus.
407 2207 460 2241 sic
479 2218 562 2252 ergo
581 2207 733 2243 Adamus
757 2210 794 2241 et
814 2206 897 2240 Eva
920 2216 1027 2240 sensu
1047 2204 1174 2240 mentis
1193 2205 1238 2239 ad
1256 2205 1428 2240 visionem
1447 2205 1709 2243 excitabantur.

224 2265 304 2288 nam
329 2253 418 2288 haec
439 2250 705 2298 “cognoverunt
728 2265 767 2288 se
790 2252 902 2288 nudos
925 2248 1027 2287 esse’'
1050 2252 1326 2298 patefactionem
1357 2252 1581 2298 significant,
1618 2264 1713 2299 quae

224 2300 263 2334 in
284 2300 424 2335 ratione
445 2300 587 2346 evenit,
611 2313 681 2335 non
700 2300 877 2335 oculorum
894 2299 1127 2345 apertionem.
1173 2298 1211 2333 id
1230 2311 1370 2346 quoque
1389 2300 1576 2335 dicendum
1595 2301 1714 2335 nobis.

224 2351 307 2382 ante
335 2347 588 2393 defectionem,
625 2359 703 2383 cum
725 2346 848 2382 liberis
871 2346 957 2381 dare
981 2358 1126 2393 operam
1156 2347 1308 2381 nondum
1333 2346 1379 2381 iis
1407 2353 1504 2382 esset
1526 2347 1712 2394 tempesti-

225 2405 330 2438 vum,
364 2406 434 2429 non
461 2394 609 2429 dederat
637 2395 705 2429 hoc
732 2394 802 2428 illis
823 2394 910 2428 deus
933 2397 974 2428 ut
996 2392 1222 2428 nudationem
1244 2394 1404 2440 corporis
1429 2399 1614 2439 caverent,
1648 2394 1714 2429 sed

225 2440 401 2485 degebant
427 2440 540 2476 veluti
569 2442 686 2476 carnis
716 2445 903 2487 expertes,
936 2441 1088 2475 nondum
1115 2445 1314 2486 opportuno
1337 2441 1538 2477 affectionis
1561 2440 1715 2475 carnalis

226 2491 399 2533 tempore.
444 2488 508 2523 sed
538 2494 723 2534 postquam
753 2487 975 2523 contumacia
997 2487 1254 2533 superveniens
1280 2488 1529 2524 mortalitatem
1552 2487 1716 2523 introdu-

227 2532 300 2577 xit,
327 2534 579 2569 convenienter
601 2535 639 2569 in
663 2539 842 2582 posterum
866 2534 919 2570 eis
936 2534 1052 2570 indita
1071 2540 1126 2570 est
1144 2540 1263 2570 mutua
1283 2536 1521 2579 verecundia3
1548 2547 1590 2570 ac
1614 2539 1715 2581 post-

228 2580 331 2614 modo
355 2580 676 2617 animadverterunt
694 2582 886 2628 figurarum
904 2581 1168 2629 diversitatem,
1190 2582 1260 2618 iam
1282 2588 1364 2618 ante
1381 2583 1560 2629 provisam
1579 2581 1618 2617 in
1635 2582 1717 2628 ipso

230 2625 396 2670 figmento
432 2629 478 2662 ob
511 2629 652 2673 generis
682 2628 904 2676 propagandi
936 2628 1197 2665 necessitatem.
1246 2628 1465 2676 subligacula
1500 2634 1616 2664 autem
1647 2627 1719 2664 sibi

228 2673 393 2708 fecerunt
415 2686 461 2708 ex
482 2674 619 2710 ficulnis
649 2676 744 2711 foliis
759 2703 769 2721 ,
806 2677 862 2712 rei
885 2675 975 2711 male
996 2681 1121 2722 gestae
1153 2677 1292 2713 modum
1316 2689 1362 2712 ex
1386 2675 1463 2711 eius
1487 2676 1626 2711 arboris
1650 2687 1718 2711 na-

230 2722 313 2754 tura
345 2720 446 2764 quasi
473 2733 538 2767 per
568 2723 733 2768 ambages
756 2723 1015 2759 indicantibus:
1047 2724 1335 2770 quemadmodum
1357 2722 1451 2758 enim
1474 2724 1610 2759 fructus
1631 2723 1720 2757 ficus

230 2764 343 2819 dulcis
369 2770 443 2811 est,
467 2767 588 2803 folium
609 2781 771 2815 asperum
795 2775 834 2805 et
856 2769 1126 2816 amarissimum,
1151 2771 1204 2806 sic
1224 2783 1326 2807 omne
1345 2774 1526 2818 peccatum
1545 2771 1723 2805 actionem

231 2811 374 2865 quidem
401 2812 534 2849 habere
559 2815 744 2851 iucundam
771 2818 988 2863 ostenditur,
1012 2823 1139 2864 postea
1160 2830 1247 2854 vero
1271 2817 1427 2852 dolorem
1453 2817 1487 2852 ei
1510 2817 1571 2864 qui
1592 2828 1723 2865 pecca-

235 2861 292 2912 γη
318 2859 438 2894 affert.
485 2860 529 2895 de
551 2861 710 2907 pelliceis
734 2875 839 2910 porro
863 2864 995 2900 tunicis
1018 2865 1217 2910 Gregorius
1244 2864 1429 2911 theologus
1452 2865 1583 2910 sentit,
1619 2864 1724 2899 deum

235 2907 289 2940 lta
307 2906 555 2943 mortalitatem
578 2908 730 2945 hominis
752 2911 967 2960 declarasse,
991 2912 1149 2950 mortalis
1172 2912 1301 2949 exuvie
1325 2923 1410 2950 eum,
1427 2911 1609 2949 amiciens.
1655 2910 1725 2945 hoc
