1742 3184
218 151 318 201 334
662 174 663 177 ¹
697 153 936 200 GEORGII
960 151 1205 201 GEDRENI

213 269 425 326 βασιλείας
455 266 477 313 ὅ
509 266 648 330 κύριος
676 268 794 327 ἡμῶν
830 269 996 326 Ἰησοῦς
1028 269 1214 328 Χριστὸς
1247 270 1478 328 ἐβαπτίσθη
1513 272 1581 316 καὶ
1611 278 1685 319 τοῦ

216 340 472 396 εὖαγγελικοῦ
489 339 745 398 κηρύγματος
764 338 988 398 ἆπήρξατο,
1018 341 1059 383 ἓν
1077 341 1123 383 δὲ
1137 345 1196 399 τῷ
1215 338 1266 396 ιη’
1288 339 1365 384 ἔτει
1383 346 1458 397 τῆς
1475 343 1685 396 βασιλείας

211 409 338 453 αὐτοῦ
371 409 614 467 ἐσταυρώθη
648 408 670 453 ὃ
701 409 851 466 κύριος.
921 409 1132 453 ἀνίσταται
1166 410 1211 452 δὲ
1231 413 1283 468 τῇ
1303 407 1358 453 κε’
1378 413 1575 470 Μαρτίου
1595 413 1684 455 ἐπι-

211 476 434 537 φωσκούσῃ
458 484 629 537 κυριακῇ
643 511 655 531 ,
690 477 780 533 ἥτις
802 479 886 522 ἐστὶ
906 481 981 533 μία
1001 482 1069 521 καὶ
1091 477 1256 536 πρώτη,
1289 477 1315 535 ἦ
1333 478 1436 536 afim}
1455 482 1522 523 καὶ
1544 479 1683 536 πάσχα

208 547 419 606 κυριακόν·
444 549 486 590 ἓν
505 547 633 605 ταύτῃ
655 548 734 606 γὰρ
754 546 776 590 ὅ
794 548 893 599 θεὸς
913 548 958 591 τὸ
981 553 1070 606 φῶς
1089 547 1382 606 ἐδημιούργησε
1405 551 1472 592 καὶ
1492 550 1537 615 ἓν
1552 549 1680 608 ταύτῃ
1694 556 1716 592 5

157 624 189 659 C
211 617 258 661 τὸ
279 618 477 672 ἀληθινὸν
497 622 586 675 φῶς
605 616 626 660 ὃ
648 617 830 675 Χριστὸς
849 618 894 660 ἔκ
911 616 1046 675 τάφου
1066 617 1273 660 ἀνέτειλεν.
1332 617 1378 669 ὃς
1399 621 1465 661 καὶ
1485 615 1685 675 ἔπεσκηά-

205 703 294 743 γισε
320 687 393 742 τὴν
421 691 493 730 τοῦ
511 687 673 742 Δανιὴλ
701 688 965 745 προφητείαν,
999 688 1124 742 μέσον
1141 685 1467 743 τῆςὲβδομάδος
1483 693 1564 731 τῶν
1581 687 1684 746 χρό-

205 773 287 799 νων
307 755 442 799 ἕλθών
462 758 524 799 ἐπὶ
548 755 593 799 τὸ
623 755 824 814 σωτήριον
842 755 993 808 πάθος.
1062 758 1163 814 φησὶ
1185 754 1264 815 γάρ
1289 754 1387 800 “nal
1415 758 1479 800 ε’πὶ
1506 757 1552 801 τὸ
1577 758 1684 816 ἱερὸν

205 826 417 882 βδέλυγμα
439 823 680 882 ἐρημώσεως
702 827 907 869 συντέλεια
927 823 1154 881 δοθήσεται
1173 826 1238 869 ἐπὶ
1257 826 1332 881 τὴν
1353 825 1603 884 ἓρήμωσιν.”
1641 827 1684 870 ἓν

206 894 285 952 γὰρ
316 894 443 951 ταύτῃ
477 899 528 951 τῇ
562 893 763 949 ἓβδομάδι
793 893 974 951 διαθήκη
1002 895 1165 939 δέδοται
1189 895 1308 951 καινὴ
1330 902 1415 947 τοῖς
1434 894 1680 949 πιστεύουσι,
1696 899 1740 934 10

207 965 276 1006 καὶ
300 961 510 1018 δυνάμεως
529 962 692 1020 ἁπάσης
713 965 863 1016 αὖτοὺς
888 962 1122 1022 ἐπλήρωσεν
1130 996 1144 1018 ,
1187 965 1347 1023 ἐπείπερ
1378 964 1584 1021 μεσούσης
1612 972 1685 1022 τῆς

207 1031 442 1087 ἑβδομάδος
461 1032 613 1089 ταύτης
641 1033 667 1089 ἦ
699 1033 802 1078 κατὰ
831 1032 957 1090 νόμον
984 1033 1099 1091 ἤρθη
1127 1035 1259 1078 θυσία
1267 1067 1280 1087 ,
1314 1038 1388 1089 τῆς
1414 1052 1457 1077 τε
1480 1035 1684 1091 ἀληθινῆς

206 1103 541 1160 προσφερομένης
566 1105 731 1155 θυσίας.
799 1110 947 1160 σημεῖα
974 1105 1018 1146 δὲ
1045 1108 1118 1159 τῆς
1150 1102 1392 1161 ἐρημώσεως
1423 1105 1683 1163 προῦπέφηνε

206 1172 333 1229 λέγων
352 1170 373 1215 ὃ
394 1170 533 1230 κύριος
565 1171 695 1215 αὅταν
718 1173 827 1228 ἴδητε
847 1174 893 1216 τὸ
913 1174 1123 1230 βδέλυγμα
1139 1177 1213 1229 τῆς
1229 1171 1472 1231 ἐρημώσεως
1487 1173 1533 1217 τὸ
1555 1173 1682 1232 ῥηθὲν

207 1241 277 1284 διὰ
296 1241 459 1296 Δανιὴλ
478 1240 714 1300 προφήτου,
758 1241 969 1299 γινώσκετε
992 1242 1053 1285 ὅτι
1074 1243 1191 1299 ἔγγὺς
1214 1240 1241 1297 ἦ
1270 1241 1474 1300 ἐρήμωσις
1505 1242 1677 1299 αὖτῆς.”
1694 1247 1738 1283 15

205 1313 273 1354 καὶ
289 1313 359 1354 ἵνα
376 1311 434 1366 μὴ
453 1312 649 1365 νομίσωσι
670 1312 709 1355 οἳ
725 1312 926 1355 Ἰουδαΐοι
950 1310 1072 1354 πάλιν
1092 1310 1389 1368 ἀπολήψεσθαι
1408 1311 1480 1356 τὸν
1496 1312 1594 1355 ναὸν
1613 1315 1680 1356 καὶ

147 1385 180 1421 D
204 1381 278 1436 τὴν
295 1374 425 1431 πῦλιν,
455 1379 593 1437 ἐπάγει
613 1379 712 1425 κκαὶ
732 1381 807 1433 ἕως
826 1382 1053 1433 συντελείας
1072 1386 1218 1439 καιροῦ
1234 1382 1441 1425 συντέλεια
1458 1380 1681 1438 δοθήσεται

201 1450 266 1492 ἐπὶ
282 1449 356 1505 τὴν
372 1448 624 1506 ἓρήμωσιν.”
696 1451 771 1502 ἕως
791 1449 894 1509 γάρ,
930 1452 1053 1509 φησί,
1087 1455 1161 1507 τῆς
1181 1455 1256 1494 τοῦ
1273 1449 1430 1505 κόσμου
1455 1453 1682 1502 συντελείας

199 1516 226 1575 ἦ
244 1523 316 1574 τῆς
333 1512 576 1577 ’ἐρημώσεως
598 1521 803 1563 συντέλεια
819 1521 951 1575 μένει,
985 1520 1219 1576 μεταβολὴν
1236 1520 1284 1563 οὗ
1308 1520 1516 1575 δεχομένη.
1558 1525 1678 1564 τοῦτο

200 1589 268 1630 καὶ
290 1588 431 1641 Λαβὶδ
451 1588 531 1646 ἔφη
563 1587 637 1632 “3³1
658 1590 761 1646 ὀργῇ
789 1590 1039 1642 συντελείας,
1077 1592 1146 1632 καὶ
1177 1589 1225 1632 οὗ
1254 1589 1312 1644 μὴ
1340 1587 1575 1647 ὖπάρξωσι·
1610 1591 1678 1632 καὶ
1689 1597 1737 1632 20

196 1655 422 1713 γνώσονται
442 1656 503 1699 ὅτι
523 1656 704 1710 δεσπόζει
725 1663 799 1701 τοῦ
811 1658 960 1711 Ἰακὼβ
979 1660 1047 1701 καὶ
1066 1663 1147 1701 τῶν
1162 1657 1349 1716 περάτων
1370 1664 1444 1714 τῆς
1463 1659 1573 1715 γῆς.”
1610 1661 1679 1702 καὶ

197 1723 287 1769 τότε
310 1729 468 1780 μᾶλλον
492 1724 739 1782 γνώσονται,
775 1725 873 1770 ὅταν
901 1728 1018 1771 ἴδωσι
1037 1728 1084 1770 τὸ
1106 1735 1271 1783 σημεῖον
1290 1732 1363 1770 τοῦ
1384 1728 1478 1770 υἱοῦ
1504 1733 1577 1771 τοῦ
1607 1728 1680 1771 εἶν-’-

198 1793 375 1853 θρώπου
395 1796 437 1837 ἐν
457 1799 514 1854 τῷ
536 1796 712 1855 οὐρανῷ.
781 1794 917 1855 ὥσπερ
938 1796 1018 1855 γὰρ
1040 1796 1110 1840 διὰ
1129 1795 1252 1849 ξύλου
1280 1798 1469 1853 εἰσῆλθεν
1496 1795 1518 1840 ὃ
1539 1795 1679 1841 θάνα-

293 1914 338 1950 10
357 1911 541 1959 ἑβδομάδι
560 1914 628 1949 add
651 1910 837 1961 Xylander

201 2019 239 2052 et
261 2015 469 2062 praedicare
493 2017 713 2062 evangelium
737 2018 869 2065 coepit.
923 2030 1014 2054 anno
1037 2018 1113 2053 eius
1141 2019 1184 2054 18
1209 2018 1284 2054 eius
1303 2019 1405 2065 regni
1429 2020 1526 2055 cruci
1549 2021 1678 2057 affixus

201 2067 269 2098 est.
317 2063 490 2107 vigesima
515 2063 637 2108 quinta
660 2064 783 2100 Martii
806 2065 865 2100 die
888 2065 934 2100 de
955 2065 1102 2100 mortuis
1130 2065 1269 2100 exstitit
1290 2066 1416 2112 vivus,
1453 2066 1680 2104 illucescente

200 2108 260 2144 die
280 2108 474 2154 dominica,
509 2120 601 2154 quae
625 2116 680 2146 est
703 2123 725 2146 a
747 2112 919 2147 sabbatho
943 2112 1121 2158 proxima,
1148 2123 1190 2146 ac
1212 2112 1327 2158 prima
1349 2112 1564 2160 septimanae
1589 2115 1680 2160 dies,

199 2155 347 2201 diesque
370 2157 549 2202 paschatis
573 2156 752 2192 dominici.
783 2170 826 2194 ea
849 2158 907 2193 die
928 2158 1104 2205 principio
1127 2158 1215 2193 deus
1238 2159 1350 2194 lucem
1373 2165 1570 2206 creaverat,
1592 2167 1679 2197 tunc

199 2207 315 2236 autem
334 2214 421 2238 vera
441 2202 500 2237 lux
522 2204 569 2238 de
592 2203 752 2250 sepulcro
776 2210 857 2241 orta
880 2211 947 2240 est.
975 2217 1017 2240 ac
1040 2205 1262 2240 confirmavit
1284 2205 1447 2242 Christus
1470 2207 1679 2243 vaticinium

197 2247 351 2294 Danieli,
373 2249 552 2284 mediante
566 2262 733 2286 annorum
750 2251 947 2297 septimana
963 2251 1173 2297 supplicium
1191 2251 1347 2297 subiens,
1370 2253 1423 2288 ita
1443 2253 1594 2290 dicentis
1613 2250 1676 2289 “in

198 2294 328 2349 templo
347 2296 417 2331 erit
435 2295 668 2332 abominabile
685 2298 863 2333 vastitatis
879 2299 1027 2343 signum,
1043 2299 1147 2344 eique
1159 2298 1318 2334 vastitati
1331 2299 1525 2346 explendae
1537 2306 1675 2348 tempus

197 2338 361 2376 dabitur’'
381 2347 450 2377 etc.
475 2343 513 2377 in
537 2343 604 2377 hac
627 2343 718 2378 enim
742 2345 938 2390 septimana
960 2356 1089 2379 novum
1113 2346 1338 2380 credentibus
1361 2351 1607 2382 testamentum
1621 2351 1679 2382 est

193 2387 323 2433 datum,
342 2388 440 2434 iique
454 2389 547 2424 omni
561 2390 730 2426 facultate
745 2391 892 2437 impleti,
916 2403 992 2426 cum
1011 2391 1187 2427 mediante
1205 2392 1265 2426 illa
1283 2392 1478 2439 septimana
1494 2392 1583 2438 legis
1593 2393 1676 2428 Mo-

193 2434 311 2468 saicae
330 2435 502 2471 sublatum
523 2442 578 2472 est
594 2437 817 2482 sacrificium,
830 2450 917 2473 vera
928 2437 1070 2473 victima
1081 2439 1148 2473 deo
1160 2444 1324 2474 mactata.
1349 2438 1427 2484 ipse
1436 2443 1550 2474 autem
1561 2439 1674 2475 domi-

193 2491 258 2514 nus
274 2480 376 2525 signa
394 2482 537 2518 futurae
557 2483 736 2518 vastitatis
755 2484 954 2530 praedixit:
974 2480 1098 2520 “cum’'
1120 2485 1236 2531 inquit
1253 2485 1399 2528 (Matth.
1418 2484 1478 2520 24.
1501 2485 1591 2522 Luc.
1608 2487 1675 2530 21)

193 2521 452 2568 “abominabile
472 2529 654 2565 vastitatis
677 2530 815 2576 signum
834 2530 1033 2576 videbitis,¹
1055 2532 1100 2566 de
1118 2543 1187 2577 quo
1211 2531 1380 2566 Danielus
1403 2536 1504 2567 vates
1527 2532 1673 2579 praedi-

193 2571 267 2616 xit,
303 2579 386 2608 tunc
418 2574 605 2620 intelligite
636 2576 816 2612 imminere
843 2577 1046 2613 vastitatem
1070 2574 1185 2612 eius.”
1232 2589 1274 2612 ac
1293 2589 1338 2612 ne
1357 2582 1528 2632 putarent
1549 2578 1674 2614 Iudaei

193 2629 233 2651 se
255 2620 420 2665 templum
444 2627 551 2667 atque
575 2624 696 2658 urbem
718 2629 1009 2670 recuperaturos,
1044 2624 1186 2660 additur
1219 2623 1258 2658 in
1292 2623 1462 2659 vaticinio
1493 2625 1673 2660 vastitatis

193 2663 269 2698 eius
289 2665 392 2700 finem
411 2673 493 2702 ante
515 2669 619 2704 finem
641 2670 773 2705 saeculi
795 2682 867 2705 non
884 2671 1052 2716 futurum,
1077 2676 1117 2706 ut
1134 2669 1373 2715 intelligerent
1390 2670 1429 2705 in
1445 2671 1518 2706 fine
1535 2672 1673 2707 demum

195 2711 313 2745 mundi
337 2712 441 2747 finem
464 2714 498 2748 ei
521 2714 683 2751 vastitati
706 2717 880 2761 futurum,
917 2717 1042 2752 nullam
1066 2717 1168 2752 aliam
1190 2716 1266 2751 eius
1291 2717 1531 2753 mutationem.
1578 2718 1672 2752 idem

195 2762 232 2790 et
246 2757 405 2792 Davidus
427 2761 654 2804 praedixerat
674 2763 729 2798 his
749 2763 870 2798 verbis
893 2763 1041 2808 (Psalm.
1059 2765 1121 2808 58)
1136 2759 1197 2797 “in
1214 2763 1269 2798 ira
1291 2763 1610 2808 consummationis,
1634 2770 1672 2798 et

194 2813 264 2836 non
284 2810 404 2847 erunt;
426 2814 712 2855 cognoscentque
735 2810 829 2856 quod
853 2810 939 2845 deus
957 2811 1087 2845 Iacobo
1103 2809 1303 2845 dominatur
1318 2815 1356 2844 et
1370 2810 1499 2846 finibus
1515 2807 1671 2845 terrae.”

194 2848 300 2894 idque
316 2855 400 2885 tunc
415 2863 456 2886 eo
474 2854 584 2899 magis
598 2855 807 2902 intelligent,
824 2868 902 2893 cum
918 2856 1091 2893 videbunt
1106 2857 1243 2904 signum
1259 2855 1323 2892 filii
1340 2856 1490 2893 hominis
1502 2856 1540 2892 in
1556 2855 1668 2892 caelo.
