1742 3184
188 177 287 227 374
667 175 908 223 GEORGII
933 172 1180 220 CEDRENI

188 294 454 354 διατρέχοντα
481 295 550 338 καὶ
579 293 655 346 τὰς
684 291 832 344 πόλεις·
850 295 924 347 τῆς
955 289 1167 340 Ἰουδαίας
1198 289 1387 347 φοβερῶς
1418 287 1664 347 περιστοιχί-

191 367 323 419 ζοντα.
392 362 471 421 πρὸ
501 365 602 407 ἐτῶν
628 363 672 406 δὲ
697 359 909 419 τεσσάρων
936 364 1010 416 τῆς
1040 357 1229 408 ἁλώσεως
1238 389 1251 417 ³,
1286 358 1329 400 ἐν
1359 361 1412 414 τῇ
1441 355 1563 414 ἑορτῇ
1592 361 1668 411 τῆς

189 434 484 490 σκηνοπηγίας,
514 431 572 476 ἔτι
587 436 659 488 τῆς
677 429 832 482 πόλεως
852 426 1154 489 εἶρηνευοόσης,
1190 424 1414 485 ἄνθρωπός
1429 444 1489 477 τις
1501 426 1669 482 Ἰησοῦς

192 502 362 559 ὀνόματι
382 502 572 561 ἐξαίφνης
593 502 635 544 ἐν
657 501 770 559 μέσῳ
799 503 874 543 τοῦ
900 503 1004 542 λαοῦ
1033 496 1255 556 παρελθὼν
1282 494 1384 551 ἐβόα
1409 493 1558 554 “φωνὴ
1587 494 1667 538 ἀπὸ

141 578 172 612 C
196 573 427 623 ἀνατολῶν,
457 570 572 629 φωνὴ
593 570 673 613 ἀπὸ
693 571 880 626 δυσμῶν,
917 567 1033 627 φωνὴ
1064 567 1143 610 ἀπὸ
1165 570 1246 611 τῶν
1265 563 1475 623 τεσσάρων
1496 565 1703 620 ἀνέμων,5

194 643 310 700 φωνὴ
329 642 393 684 ἐπὶ
406 638 681 699 Ἱεροσόλυμα
699 641 766 682 καὶ
784 636 918 681 πάντα
935 638 1006 681 τὸν
1024 635 1168 680 λαόν.”
1242 636 1310 678 καὶ
1329 638 1462 677 ταῦτα
1482 635 1546 677 ἐπὶ
1568 638 1671 676 πολ-

195 715 284 763 λαΐς
303 709 475 768 ἡμέραις
497 707 805 767 περιερχόμενος
824 708 923 764 ὅλην
944 707 1018 763 τὴν
1038 704 1156 750 πόλιν
1178 702 1401 755 ἀνενδότως
1422 701 1538 758 ἐβόα.
1608 703 1671 746 διὸ

194 781 267 824 καί
292 797 395 831 τινες
423 783 506 822 τῶν
535 780 724 834 δημοτῶν
755 776 1105 834 ἀγανακτήσαντες
1124 772 1313 831 μάστιξιν
1331 773 1457 817 αὐτὸν
1475 773 1674 831 ᾐκίζοντο.

194 847 216 893 ὃ
239 850 284 892 δὲ
300 848 402 907 πρὸς
421 846 595 904 ἑκάστην
613 852 695 891 τῶν
713 851 878 903 πληγῶν
895 846 1056 904 ἔκραζεν
1075 842 1200 888 αοὐαὶ
1218 843 1312 887 οὗαὶ
1330 843 1424 886 οὐαὶ
1441 840 1674 900 τοΐςἽερο-

195 916 438 974 σολύμοις.”
511 917 607 961 κατ’
642 917 771 973 αὐτὴν
800 917 845 959 δὲ
869 915 944 972 τὴν
974 913 1120 972 ἑορτὴν
1147 918 1251 969 βοῦς
1272 912 1449 969 ἀχθεῖσα
1469 912 1572 970 πρὸς
1589 915 1674 954 θυ-
1685 918 1730 961 10

197 988 290 1032 σιάν
326 985 570 1043 παραδόξως
605 985 734 1030 ἔτεκεν
767 985 874 1041 ἄρνα
907 986 950 1028 ἐν
982 986 1096 1043 μέσῳ
1125 988 1200 1027 τοῦ
1232 982 1369 1040 ἱεροῦ·
1402 981 1515 1037 ἥτις,
1548 979 1675 1037 οἶμαι,

196 1061 343 1115 σαφῶς
365 1057 545 1114 ἐνέφαινε
567 1056 642 1111 τὴν
662 1056 928 1112 γενησομένην
949 1056 1087 1105 αὐτοῖς
1109 1052 1240 1111 ἄρδην
1259 1053 1559 1109 πανωλεθρίαν.

338 1130 436 1168 Τῶν
458 1121 528 1169 οὗν
545 1126 754 1168 Ἰουδαίων
773 1124 848 1180 τὴν
868 1124 970 1183 πρὸς
990 1123 1086 1174 τοὺς
1099 1121 1325 1178 Ῥωμαίους
1343 1118 1555 1177 ὖποταγὴν
1571 1120 1677 1176 ἢθε-

195 1192 376 1250 τηκότων
397 1195 603 1238 ἀπέστειλε
623 1196 770 1252 Νέρων
793 1193 1100 1238 Οὐεσπασιανὸν
1121 1192 1192 1235 τὸν
1211 1191 1300 1234 υἱὸν
1321 1191 1446 1234 αὐτοῦ
1465 1192 1532 1233 καὶ
1554 1191 1679 1232 Τίτον

147 1273 179 1309 D
202 1264 272 1308 τὸν
302 1263 463 1321 ἔκγονον
493 1264 644 1316 αὐτοῦ,
680 1264 727 1307 οἳ
749 1266 818 1307 καὶ
847 1262 1087 1322 ἐπόρθησαν
1114 1259 1260 1317 αὐτήν,
1286 1259 1449 1304 πάντων
1467 1263 1550 1303 τῶν
1567 1262 1678 1317 Χρι-
1690 1264 1735 1301 15

199 1338 375 1377 στιανῶν
405 1334 464 1377 δι’
498 1331 800 1388 ἀποκαλύψεως
827 1335 948 1384 θειάς
979 1337 1060 1376 τῶν
1093 1328 1387 1389 Ἱεροσολύμων
1417 1327 1680 1382 ἐξελθόντων,

200 1401 327 1458 μόνον
358 1403 402 1446 δὲ
434 1407 517 1447 τῶν
543 1404 762 1446 Ἰουδαίων
791 1404 835 1446 ἐκ
866 1402 1001 1458 πάσης
1028 1405 1102 1457 τῆς
1125 1399 1265 1459 χώρας
1293 1402 1335 1443 ἐν
1360 1403 1412 1457 τῇ
1437 1403 1512 1442 τοῦ
1542 1398 1682 1455 πάσχα

199 1470 322 1530 ἑορτῇ
357 1470 493 1531 ὥσπερ
524 1473 567 1515 ἐν
597 1473 733 1530 εἱρκτῇ
762 1479 848 1523 τοῖς
871 1470 1177 1530 Ἱεροσολύμοις
1209 1469 1578 1526 συγκλεισθέντων,
1627 1466 1683 1519 ὥς

200 1542 310 1600 ἀμφὶ
327 1542 403 1593 τὰς
420 1543 654 1597 τριακοσίας
669 1540 876 1599 μυριάδας
891 1541 938 1584 τὸ
955 1545 1118 1596 πλῆθος
1135 1540 1423 1598 ἀριθμεῖσθαι.
1493 1540 1559 1580 καὶ
1577 1535 1683 1581 πάν-

201 1627 267 1661 τες
296 1610 368 1653 τὸν
397 1612 672 1668 ἐπηρτημένον
706 1612 844 1662 αὐτοῖς
872 1610 1046 1668 ὄλεθρον
1064 1609 1167 1667 πρὸς
1185 1612 1287 1651 θεοῦ
1309 1607 1378 1650 διὰ
1396 1606 1471 1662 τὴν
1493 1610 1550 1658 εἷς
1569 1609 1740 1666 Χρι-20

199 1679 298 1722 στὸν
323 1679 394 1722 τὸν
418 1680 518 1722 θεὸν
544 1678 660 1736 ἡμῶν
690 1684 970 1736 τολμηθεΐσαν
1000 1679 1139 1729 αὐτοῖς
1168 1678 1397 1733 θεομαχίαν
1420 1677 1488 1719 καὶ
1508 1693 1684 1735 μιαιφο-

202 1748 292 1791 νίαν
322 1749 486 1798 ἐνδίκως
513 1749 788 1800 κατεδέξαντο.
861 1747 1168 1798 Οὐεσπασιανὸς
1189 1747 1268 1805 γὰρ
1291 1749 1333 1790 ἐν
1354 1750 1406 1803 τῇ
1424 1748 1684 1804 Παλαιστίνῃ

204 1817 310 1873 μετὰ
337 1815 522 1862 θάνατον
552 1819 745 1877 Νέρωνος
773 1818 1065 1877 ἀναγορευθεὶς
1092 1816 1294 1873 βασιλεὺς,
1311 1814 1392 1860 ὑπὸ
1413 1820 1486 1859 τοῦ
1506 1820 1686 1874 στρατοῦ

207 1995 448 2032 discurrentes
486 1998 594 2042 atque
630 1995 777 2032 urbibus
814 1995 970 2032 Iudaeae
1005 1995 1217 2032 terribiliter
1254 1992 1471 2031 circumfusi.
1519 1997 1687 2040 quattuor

209 2042 318 2085 etiam
345 2047 428 2078 ante
460 2043 633 2078 excidium
658 2043 781 2088 annis,
816 2044 909 2078 festo
933 2043 1237 2078 tabernaculorum
1260 2042 1339 2087 die,
1374 2042 1463 2077 urbe
1486 2041 1600 2076 adhuc
1622 2053 1688 2087 pa-

208 2093 308 2133 cata,
331 2089 389 2124 vir
411 2089 553 2135 quidam
576 2090 676 2124 Iesus
699 2089 839 2125 nomine
860 2089 976 2124 subito
1000 2090 1038 2124 in
1061 2090 1212 2125 medium
1235 2088 1359 2136 populi
1380 2099 1590 2134 progressus
1614 2088 1688 2123 cla-

209 2134 322 2170 mavit
342 2132 439 2171 “vox
463 2138 507 2171 ab
532 2141 612 2171 ortu
636 2136 741 2181 solis,
765 2148 836 2171 vox
858 2137 901 2171 ab
927 2148 1076 2182 occasu,
1100 2148 1170 2172 vox
1196 2148 1217 2170 a
1240 2140 1406 2182 quattuor
1428 2134 1549 2169 mundi
1570 2134 1687 2170 cardi-

208 2181 335 2227 nibus,
362 2194 434 2218 vox
458 2183 630 2218 adversus
654 2183 903 2229 Hierosolyma
927 2188 963 2218 et
985 2188 1094 2218 totam
1117 2178 1293 2229 gentem.’'
1340 2182 1430 2216 haec
1451 2180 1510 2215 ille
1533 2193 1599 2226 per
1621 2181 1689 2216 ali-

210 2233 298 2274 quot
330 2228 431 2274 dies,
464 2234 573 2264 totam
602 2229 809 2265 circumiens
841 2230 981 2274 urbem,
1017 2230 1095 2265 sine
1126 2228 1389 2264 intermissione
1411 2227 1689 2263 vociferabatur.

210 2274 306 2319 quod
327 2275 468 2321 quidam
490 2277 534 2311 de
560 2276 690 2322 populo
713 2276 859 2322 indigne
881 2277 1037 2311 serentes
1061 2277 1183 2322 flagris
1207 2287 1284 2311 eum
1304 2274 1525 2319 ceciderunt,
1551 2274 1596 2308 ad
1615 2275 1690 2308 sin-

211 2320 313 2366 gulos
347 2322 438 2356 ictus
472 2322 722 2358 exclamantem
751 2319 843 2358 “vae
866 2334 934 2358 vae
956 2335 1025 2358 vae
1045 2317 1355 2367 Hierosolymae.'’
1403 2322 1525 2355 eadem
1548 2321 1691 2355 festivi-

212 2371 288 2401 tate
318 2369 384 2403 bos
418 2368 463 2403 ad
497 2368 709 2404 sacrificium
741 2369 892 2404 adducta
924 2381 1050 2415 agnum
1073 2375 1178 2416 partu
1201 2369 1313 2404 edidit
1338 2367 1376 2401 in
1399 2367 1515 2402 medio
1537 2367 1692 2413 templo3

213 2424 283 2458 quo
318 2414 459 2459 quidem
493 2415 677 2462 prodigio,
713 2416 750 2450 ni
777 2415 902 2462 fallor,
937 2417 1096 2452 funditus
1129 2416 1276 2452 exitium
1307 2414 1450 2450 Iudaeis
1475 2416 1600 2460 aperte
1623 2413 1692 2449 fuit

213 2466 544 2504 praemonstratum.

307 2506 395 2542 Cum
427 2520 512 2555 ergo
543 2507 668 2543 Iudaei
691 2519 714 2543 a
735 2507 904 2543 Romanis
927 2509 1161 2554 defecissent,
1195 2507 1292 2543 misit
1313 2507 1411 2542 Nero
1433 2505 1691 2552 Vespasianum

215 2551 323 2587 filium
348 2558 386 2588 et
407 2554 529 2589 Titum
553 2559 718 2600 nepotem
737 2566 856 2599 suum,
880 2555 941 2600 qui
959 2555 1242 2602 Hierosolymam
1262 2553 1522 2589 exscinderent.
1570 2553 1692 2588 divina

215 2602 287 2651 tun]
312 2600 552 2644 patefactione
575 2600 744 2636 admoniti
767 2601 963 2637 Christiani
987 2602 1145 2637 universi
1169 2600 1427 2646 Hierosolymis
1454 2603 1690 2644 excesserant,

216 2643 353 2688 sohque
381 2647 502 2682 Iudaei
525 2648 563 2682 in
586 2649 674 2683 urbe
698 2653 820 2693 erant,
855 2649 900 2684 ad
930 2648 1109 2695 paschatis
1139 2648 1284 2684 solenne
1315 2645 1525 2682 sacrificium
1549 2658 1593 2680 ex
1616 2651 1692 2680 tota

216 2688 348 2725 Iudaea
372 2704 414 2726 eo
438 2693 611 2740 profecti,
633 2694 754 2740 ibique
776 2699 940 2740 tanquam
959 2695 997 2729 in
1020 2707 1163 2730 carcere
1183 2693 1324 2728 inclusi.
1373 2692 1604 2727 multitudinis
1627 2703 1693 2725 nu-

218 2744 333 2770 merus
359 2738 428 2773 fuit
453 2741 495 2774 ad
520 2744 576 2775 ter
599 2740 740 2775 millena
761 2740 876 2784 milia3
915 2742 976 2787 qui
1008 2753 1128 2776 omnes
1159 2740 1278 2775 divina
1303 2739 1462 2775 vindicta
1489 2738 1693 2792 rebellionis

219 2790 304 2834 suae
338 2789 460 2819 contra
490 2787 671 2822 Christum
704 2787 880 2822 dominum
909 2792 1088 2833 nostrum,
1122 2787 1312 2832 caedisque
1343 2787 1382 2820 in
1416 2797 1495 2820 eum
1526 2788 1694 2828 statutae,

219 2832 327 2861 exitlo
352 2840 414 2863 suo
438 2843 569 2875 poenas
593 2834 780 2869 dederunt.
829 2833 957 2869 etenim
986 2834 1229 2880 Vespasianus
1260 2833 1299 2867 in
1321 2832 1522 2867 Palaestina
1548 2832 1695 2876 degens,

217 2883 239 2907 a
262 2878 375 2909 morte
397 2876 551 2913 Neronis
569 2879 762 2927 imperator
779 2881 825 2917 ab
844 2880 1003 2917 exercitu
1024 2885 1186 2927 creatus,
1211 2881 1358 2915 Romam
1379 2878 1488 2925 abiit,
1515 2877 1602 2913 Tito
1621 2876 1694 2911 filio
