<?xml version="1.0" encoding="UTF-8"?>
<!DOCTYPE html PUBLIC "-//W3C//DTD XHTML 1.0 Transitional//EN"
    "http://www.w3.org/TR/xhtml1/DTD/xhtml1-transitional.dtd">
<html xmlns="http://www.w3.org/1999/xhtml" xml:lang="en" lang="en">
 <head>
  <title>
</title>
<meta http-equiv="Content-Type" content="text/html;charset=utf-8" />
  <meta name='ocr-system' content='tesseract 3.04.00' />
  <meta name='ocr-capabilities' content='ocr_page ocr_carea ocr_par ocr_line ocrx_word'/>
</head>
<body>
  <div class='ocr_page' id='page_1' title='image "./corpusscriptorum13niebuoft_0450.png"; bbox 0 0 1742 3184; ppageno 0'>
   <div class='ocr_carea' id='block_1_1' title="bbox 188 168 1192 217">
    <p class='ocr_par' dir='ltr' id='par_1_1' title="bbox 188 168 1192 217">
     <span class='ocr_line' id='line_1_1' title="bbox 188 168 1192 217; baseline -0.003 -1"><span class='ocrx_word' id='word_1_1' title='bbox 188 168 290 217; x_wconf 78' lang='lat'><strong>426</strong></span> <span class='ocrx_word' id='word_1_2' title='bbox 521 214 523 216; x_wconf 80' lang='grc'><em>,</em></span> <span class='ocrx_word' id='word_1_3' title='bbox 668 170 910 216; x_wconf 86' lang='lat' dir='ltr'>GEORGII</span> <span class='ocrx_word' id='word_1_4' title='bbox 944 169 1192 215; x_wconf 89' lang='lat' dir='ltr'><strong>CEDRENI</strong></span> 
     </span>
    </p>
   </div>
   <div class='ocr_carea' id='block_1_2' title="bbox 48 282 1742 1875">
    <p class='ocr_par' dir='ltr' id='par_1_2' title="bbox 48 282 1742 1875">
     <span class='ocr_line' id='line_1_2' title="bbox 188 282 1674 344; baseline -0.001 -15"><span class='ocrx_word' id='word_1_5' title='bbox 188 287 254 329; x_wconf 81' lang='grc' dir='ltr'><strong>καὶ</strong></span> <span class='ocrx_word' id='word_1_6' title='bbox 279 289 359 344; x_wconf 85' lang='grc' dir='ltr'><strong>πῦρ</strong></span> <span class='ocrx_word' id='word_1_7' title='bbox 378 282 571 329; x_wconf 73' lang='grc' dir='ltr'><em>ὑποκάτω</em></span> <span class='ocrx_word' id='word_1_8' title='bbox 592 288 666 341; x_wconf 81' lang='grc' dir='ltr'><strong>τῆς</strong></span> <span class='ocrx_word' id='word_1_9' title='bbox 682 289 769 342; x_wconf 81' lang='grc' dir='ltr'><em>γῆς.</em></span> <span class='ocrx_word' id='word_1_10' title='bbox 842 285 910 327; x_wconf 81' lang='grc' dir='ltr'><strong>καὶ</strong></span> <span class='ocrx_word' id='word_1_11' title='bbox 930 283 976 328; x_wconf 81' lang='grc' dir='ltr'><em>τὸ</em></span> <span class='ocrx_word' id='word_1_12' title='bbox 997 284 1072 339; x_wconf 77' lang='grc' dir='ltr'><em>μὲν</em></span> <span class='ocrx_word' id='word_1_13' title='bbox 1093 283 1227 329; x_wconf 72' lang='grc' dir='ltr'><em>ἐπάνω</em></span> <span class='ocrx_word' id='word_1_14' title='bbox 1251 289 1325 342; x_wconf 80' lang='grc' dir='ltr'><strong>τῆς</strong></span> <span class='ocrx_word' id='word_1_15' title='bbox 1347 283 1554 344; x_wconf 81' lang='grc' dir='ltr'><em>γῆςῧδωρ</em></span> <span class='ocrx_word' id='word_1_16' title='bbox 1575 302 1674 329; x_wconf 72' lang='grc' dir='ltr'><em>συν-</em></span> 
     </span>
     <span class='ocr_line' id='line_1_3' title="bbox 190 351 1675 414; baseline -0.001 -15"><span class='ocrx_word' id='word_1_17' title='bbox 190 356 320 411; x_wconf 73' lang='grc' dir='ltr'><em>αχθὲν</em></span> <span class='ocrx_word' id='word_1_18' title='bbox 334 357 390 407; x_wconf 81' lang='grc' dir='ltr'><em>εἷς</em></span> <span class='ocrx_word' id='word_1_19' title='bbox 409 354 646 412; x_wconf 82' lang='grc' dir='ltr'><em>συναγωγὴν</em></span> <span class='ocrx_word' id='word_1_20' title='bbox 662 356 761 410; x_wconf 89' lang='grc' dir='ltr'><em>μίαν</em></span> <span class='ocrx_word' id='word_1_21' title='bbox 773 351 974 397; x_wconf 87' lang='grc' dir='ltr'><em>θάλασσα</em></span> <span class='ocrx_word' id='word_1_22' title='bbox 987 354 1318 414; x_wconf 74' lang='grc' dir='ltr'><em>προσηγορεύθη,</em></span> <span class='ocrx_word' id='word_1_23' title='bbox 1348 355 1395 399; x_wconf 82' lang='grc' dir='ltr'><em>τὸ</em></span> <span class='ocrx_word' id='word_1_24' title='bbox 1418 357 1461 399; x_wconf 82' lang='grc' dir='ltr'><strong>δὲ</strong></span> <span class='ocrx_word' id='word_1_25' title='bbox 1482 353 1675 400; x_wconf 77' lang='grc' dir='ltr'><em>ῦποκάτω</em></span> 
     </span>
     <span class='ocr_line' id='line_1_4' title="bbox 189 419 1676 483; baseline -0.001 -14"><span class='ocrx_word' id='word_1_26' title='bbox 189 430 263 482; x_wconf 76' lang='grc' dir='ltr'><strong>τῆς</strong></span> <span class='ocrx_word' id='word_1_27' title='bbox 280 431 355 482; x_wconf 82' lang='grc' dir='ltr'><em>γῆς</em></span> <span class='ocrx_word' id='word_1_28' title='bbox 373 425 596 480; x_wconf 80' lang='grc' dir='ltr'><em>ἀπομεῖναν</em></span> <span class='ocrx_word' id='word_1_29' title='bbox 620 423 803 479; x_wconf 80' lang='grc' dir='ltr'><em>ἄβυσσος</em></span> <span class='ocrx_word' id='word_1_30' title='bbox 821 421 996 480; x_wconf 78' lang='grc' dir='ltr'><em>ἐκλήθη,</em></span> <span class='ocrx_word' id='word_1_31' title='bbox 1029 426 1072 476; x_wconf 78' lang='grc' dir='ltr'><strong>ἐξ</strong></span> <span class='ocrx_word' id='word_1_32' title='bbox 1094 419 1143 468; x_wconf 75' lang='grc' dir='ltr'><em>οὗ</em></span> <span class='ocrx_word' id='word_1_33' title='bbox 1164 424 1357 483; x_wconf 81' lang='grc' dir='ltr'><em>καθάπερ</em></span> <span class='ocrx_word' id='word_1_34' title='bbox 1378 426 1554 483; x_wconf 83' lang='grc' dir='ltr'><em>σίφωνές</em></span> <span class='ocrx_word' id='word_1_35' title='bbox 1571 442 1676 476; x_wconf 86' lang='grc' dir='ltr'><em>τινες</em></span> 
     </span>
     <span class='ocr_line' id='line_1_5' title="bbox 168 491 1673 553; baseline 0.001 -16"><span class='ocrx_word' id='word_1_36' title='bbox 168 534 170 537; x_wconf 89' lang='grc'><em>.</em></span> <span class='ocrx_word' id='word_1_37' title='bbox 190 496 496 550; x_wconf 82' lang='grc' dir='ltr'><em>ἀναπέμπονται</em></span> <span class='ocrx_word' id='word_1_38' title='bbox 517 494 622 550; x_wconf 85' lang='grc' dir='ltr'><em>πρὸς</em></span> <span class='ocrx_word' id='word_1_39' title='bbox 650 493 755 549; x_wconf 79' lang='grc' dir='ltr'><em>ζωὴν</em></span> <span class='ocrx_word' id='word_1_40' title='bbox 775 491 894 549; x_wconf 73' lang='grc' dir='ltr'><em>ἡμῶν</em></span> <span class='ocrx_word' id='word_1_41' title='bbox 912 495 980 536; x_wconf 85' lang='grc' dir='ltr'><strong>καὶ</strong></span> <span class='ocrx_word' id='word_1_42' title='bbox 1009 495 1162 545; x_wconf 82' lang='grc' dir='ltr'><em>παντὸς</em></span> <span class='ocrx_word' id='word_1_43' title='bbox 1188 492 1296 553; x_wconf 75' lang='grc' dir='ltr'><em>ζῴου</em></span> <span class='ocrx_word' id='word_1_44' title='bbox 1320 495 1522 552; x_wconf 61' lang='grc' dir='ltr'><em>αἱπηγαί.</em></span> <span class='ocrx_word' id='word_1_45' title='bbox 1593 495 1673 553; x_wconf 74' lang='grc' dir='ltr'><strong>ἀφ’</strong></span> 
     </span>
     <span class='ocr_line' id='line_1_6' title="bbox 190 559 1710 622; baseline 0 -13"><span class='ocrx_word' id='word_1_46' title='bbox 190 559 240 609; x_wconf 75' lang='grc' dir='ltr'><em>οὗ</em></span> <span class='ocrx_word' id='word_1_47' title='bbox 274 566 342 607; x_wconf 86' lang='grc' dir='ltr'><strong>καὶ</strong></span> <span class='ocrx_word' id='word_1_48' title='bbox 374 564 427 608; x_wconf 78' lang='grc' dir='ltr'><em>τὰ</em></span> <span class='ocrx_word' id='word_1_49' title='bbox 459 563 602 620; x_wconf 79' lang='grc' dir='ltr'><em>θερμὰ</em></span> <span class='ocrx_word' id='word_1_50' title='bbox 631 561 864 619; x_wconf 79' lang='grc' dir='ltr'><em>ἀνάγονται.</em></span> <span class='ocrx_word' id='word_1_51' title='bbox 933 564 1001 606; x_wconf 86' lang='grc' dir='ltr'><strong>καὶ</strong></span> <span class='ocrx_word' id='word_1_52' title='bbox 1033 563 1083 606; x_wconf 83' lang='grc' dir='ltr'><em>τὰ</em></span> <span class='ocrx_word' id='word_1_53' title='bbox 1106 564 1180 619; x_wconf 76' lang='grc' dir='ltr'><em>μὲν</em></span> <span class='ocrx_word' id='word_1_54' title='bbox 1201 565 1447 622; x_wconf 78' lang='grc' dir='ltr'><em>πορρωτέρω</em></span> <span class='ocrx_word' id='word_1_55' title='bbox 1467 568 1543 607; x_wconf 85' lang='grc' dir='ltr'><strong>τοῦ</strong></span> <span class='ocrx_word' id='word_1_56' title='bbox 1564 562 1710 609; x_wconf 85' lang='grc' dir='ltr'><em>κάτω5</em></span> 
     </span>
     <span class='ocr_line' id='line_1_7' title="bbox 48 632 1680 693; baseline 0.001 -19"><span class='ocrx_word' id='word_1_57' title='bbox 48 640 78 674; x_wconf 91' lang='grc' dir='ltr'>Ρ</span> <span class='ocrx_word' id='word_1_58' title='bbox 100 638 171 676; x_wconf 74' lang='grc'><strong>243</strong></span> <span class='ocrx_word' id='word_1_59' title='bbox 194 634 325 692; x_wconf 86' lang='grc' dir='ltr'><em>πυρὸς</em></span> <span class='ocrx_word' id='word_1_60' title='bbox 368 634 572 688; x_wconf 78' lang='grc' dir='ltr'><em>ἀπέχοντα</em></span> <span class='ocrx_word' id='word_1_61' title='bbox 602 633 775 693; x_wconf 65' lang='grc' dir='ltr'><em>προνοίᾳ</em></span> <span class='ocrx_word' id='word_1_62' title='bbox 808 636 911 676; x_wconf 88' lang='grc' dir='ltr'><em>θεοῦ</em></span> <span class='ocrx_word' id='word_1_63' title='bbox 945 632 1207 676; x_wconf 84' lang='grc' dir='ltr'><em>ἀναδίδονται</em></span> <span class='ocrx_word' id='word_1_64' title='bbox 1238 633 1500 692; x_wconf 81' lang='grc' dir='ltr'><em>ψυχρότερα,</em></span> <span class='ocrx_word' id='word_1_65' title='bbox 1548 634 1600 677; x_wconf 79' lang='grc' dir='ltr'><em>τὰ</em></span> <span class='ocrx_word' id='word_1_66' title='bbox 1634 634 1680 676; x_wconf 79' lang='grc' dir='ltr'><strong>δὲ</strong></span> 
     </span>
     <span class='ocr_line' id='line_1_8' title="bbox 193 699 1680 762; baseline -0.002 -14"><span class='ocrx_word' id='word_1_67' title='bbox 193 705 367 760; x_wconf 86' lang='grc' dir='ltr'><em>πλησίον</em></span> <span class='ocrx_word' id='word_1_68' title='bbox 388 708 461 746; x_wconf 88' lang='grc' dir='ltr'><strong>τοῦ</strong></span> <span class='ocrx_word' id='word_1_69' title='bbox 482 703 612 760; x_wconf 82' lang='grc' dir='ltr'><em>πυρὸς</em></span> <span class='ocrx_word' id='word_1_70' title='bbox 642 703 798 745; x_wconf 75' lang='grc' dir='ltr'><em>ἐκεῖθεν</em></span> <span class='ocrx_word' id='word_1_71' title='bbox 818 699 1099 760; x_wconf 75' lang='grc' dir='ltr'><em>ἔκπυρούμενα</em></span> <span class='ocrx_word' id='word_1_72' title='bbox 1121 704 1260 756; x_wconf 82' lang='grc' dir='ltr'><em>ζέοντα</em></span> <span class='ocrx_word' id='word_1_73' title='bbox 1281 705 1371 748; x_wconf 83' lang='grc' dir='ltr'><em>λίαν</em></span> <span class='ocrx_word' id='word_1_74' title='bbox 1391 704 1680 762; x_wconf 67' lang='grc' dir='ltr'><em>ἀναφέρονται,</em></span> 
     </span>
     <span class='ocr_line' id='line_1_9' title="bbox 193 770 1681 830; baseline -0.001 -13"><span class='ocrx_word' id='word_1_75' title='bbox 193 774 274 818; x_wconf 82' lang='grc' dir='ltr'><strong>ὅσα</strong></span> <span class='ocrx_word' id='word_1_76' title='bbox 305 774 348 816; x_wconf 79' lang='grc' dir='ltr'><strong>δὲ</strong></span> <span class='ocrx_word' id='word_1_77' title='bbox 379 773 427 815; x_wconf 82' lang='grc' dir='ltr'><em>οὗ</em></span> <span class='ocrx_word' id='word_1_78' title='bbox 454 772 558 815; x_wconf 83' lang='grc' dir='ltr'><em>πολὺ</em></span> <span class='ocrx_word' id='word_1_79' title='bbox 590 770 859 828; x_wconf 78' lang='grc' dir='ltr'><em>πλησιάζουσι</em></span> <span class='ocrx_word' id='word_1_80' title='bbox 867 804 881 824; x_wconf 91' lang='grc'><em>,</em></span> <span class='ocrx_word' id='word_1_81' title='bbox 924 772 1080 830; x_wconf 78' lang='grc' dir='ltr'><em>χλιαρὰ</em></span> <span class='ocrx_word' id='word_1_82' title='bbox 1102 774 1379 816; x_wconf 79' lang='grc' dir='ltr'><em>ἀναδίδονται.</em></span> <span class='ocrx_word' id='word_1_83' title='bbox 1445 775 1514 818; x_wconf 82' lang='grc' dir='ltr'><strong>καὶ</strong></span> <span class='ocrx_word' id='word_1_84' title='bbox 1538 774 1583 816; x_wconf 84' lang='grc' dir='ltr'><em>τὸ</em></span> <span class='ocrx_word' id='word_1_85' title='bbox 1608 773 1681 828; x_wconf 74' lang='grc' dir='ltr'><em>μὲν</em></span> 
     </span>
     <span class='ocr_line' id='line_1_10' title="bbox 192 839 1682 900; baseline -0.001 -14"><span class='ocrx_word' id='word_1_86' title='bbox 192 841 386 886; x_wconf 63' lang='grc' dir='ltr'><em>ὑποκάτω</em></span> <span class='ocrx_word' id='word_1_87' title='bbox 407 846 482 898; x_wconf 79' lang='grc' dir='ltr'><strong>τῆς</strong></span> <span class='ocrx_word' id='word_1_88' title='bbox 501 846 577 898; x_wconf 85' lang='grc' dir='ltr'><em>γῆς</em></span> <span class='ocrx_word' id='word_1_89' title='bbox 598 846 678 900; x_wconf 86' lang='grc' dir='ltr'><strong>πῦρ</strong></span> <span class='ocrx_word' id='word_1_90' title='bbox 702 839 974 899; x_wconf 86' lang='grc' dir='ltr'><em>κολαστήριόν</em></span> <span class='ocrx_word' id='word_1_91' title='bbox 1002 843 1088 886; x_wconf 73' lang='grc' dir='ltr'><em>ἐστι</em></span> <span class='ocrx_word' id='word_1_92' title='bbox 1111 841 1317 897; x_wconf 79' lang='grc' dir='ltr'><em>δαιμόνων</em></span> <span class='ocrx_word' id='word_1_93' title='bbox 1338 843 1406 887; x_wconf 83' lang='grc' dir='ltr'><strong>καὶ</strong></span> <span class='ocrx_word' id='word_1_94' title='bbox 1427 840 1682 900; x_wconf 78' lang='grc' dir='ltr'><em>ἁμαρτωλῶν</em></span> 
     </span>
     <span class='ocr_line' id='line_1_11' title="bbox 197 902 1741 971; baseline -0.001 -15"><span class='ocrx_word' id='word_1_95' title='bbox 197 911 454 970; x_wconf 75' lang='grc' dir='ltr'><em>ἀνθρώπιον,</em></span> <span class='ocrx_word' id='word_1_96' title='bbox 489 911 534 954; x_wconf 80' lang='grc' dir='ltr'><em>τὸ</em></span> <span class='ocrx_word' id='word_1_97' title='bbox 565 912 609 954; x_wconf 78' lang='grc' dir='ltr'><strong>δὲ</strong></span> <span class='ocrx_word' id='word_1_98' title='bbox 639 902 860 954; x_wconf 84' lang='grc' dir='ltr'><em>κατωτάτω</em></span> <span class='ocrx_word' id='word_1_99' title='bbox 890 910 1029 969; x_wconf 70' lang='grc' dir='ltr'><em>ὕδωρ,</em></span> <span class='ocrx_word' id='word_1_100' title='bbox 1078 911 1337 971; x_wconf 82' lang='grc' dir='ltr'><em>ψυχρότερον</em></span> <span class='ocrx_word' id='word_1_101' title='bbox 1361 911 1406 956; x_wconf 77' lang='grc' dir='ltr'><em>ὃν</em></span> <span class='ocrx_word' id='word_1_102' title='bbox 1427 915 1495 955; x_wconf 83' lang='grc' dir='ltr'><strong>καὶ</strong></span> <span class='ocrx_word' id='word_1_103' title='bbox 1518 915 1575 963; x_wconf 75' lang='grc' dir='ltr'><em>εἷς</em></span> <span class='ocrx_word' id='word_1_104' title='bbox 1595 910 1682 966; x_wconf 79' lang='grc' dir='ltr'><strong>βώ-</strong></span> <span class='ocrx_word' id='word_1_105' title='bbox 1697 919 1741 954; x_wconf 91' lang='grc'><strong>10</strong></span> 
     </span>
     <span class='ocr_line' id='line_1_12' title="bbox 197 979 1685 1039; baseline -0.002 -13"><span class='ocrx_word' id='word_1_106' title='bbox 197 987 297 1033; x_wconf 85' lang='grc' dir='ltr'><em>λους</em></span> <span class='ocrx_word' id='word_1_107' title='bbox 320 980 575 1038; x_wconf 84' lang='grc' dir='ltr'><em>κρυστάλλου</em></span> <span class='ocrx_word' id='word_1_108' title='bbox 600 980 800 1037; x_wconf 86' lang='grc' dir='ltr'><em>πεπηγός,</em></span> <span class='ocrx_word' id='word_1_109' title='bbox 835 980 858 1024; x_wconf 82' lang='grc' dir='ltr'>ὃ</span> <span class='ocrx_word' id='word_1_110' title='bbox 879 981 947 1023; x_wconf 88' lang='grc' dir='ltr'><strong>καὶ</strong></span> <span class='ocrx_word' id='word_1_111' title='bbox 971 979 1191 1039; x_wconf 80' lang='grc' dir='ltr'><em>Τάρταρος</em></span> <span class='ocrx_word' id='word_1_112' title='bbox 1214 983 1392 1038; x_wconf 83' lang='grc' dir='ltr'><em>λέγεται,</em></span> <span class='ocrx_word' id='word_1_113' title='bbox 1429 980 1685 1037; x_wconf 85' lang='grc' dir='ltr'><em>βασανιστή-</em></span> 
     </span>
     <span class='ocr_line' id='line_1_13' title="bbox 199 1048 1687 1110; baseline -0.001 -16"><span class='ocrx_word' id='word_1_114' title='bbox 199 1051 289 1110; x_wconf 86' lang='grc' dir='ltr'><em>ριόν</em></span> <span class='ocrx_word' id='word_1_115' title='bbox 318 1052 426 1094; x_wconf 74' lang='grc' dir='ltr'><em>ἔστιν</em></span> <span class='ocrx_word' id='word_1_116' title='bbox 457 1048 654 1102; x_wconf 79' lang='grc' dir='ltr'><em>ὡσαύτως</em></span> <span class='ocrx_word' id='word_1_117' title='bbox 681 1053 750 1093; x_wconf 85' lang='grc' dir='ltr'><strong>καὶ</strong></span> <span class='ocrx_word' id='word_1_118' title='bbox 777 1055 898 1093; x_wconf 87' lang='grc' dir='ltr'><em>τοῦτο</em></span> <span class='ocrx_word' id='word_1_119' title='bbox 931 1054 1012 1094; x_wconf 83' lang='grc' dir='ltr'><strong>τῶν</strong></span> <span class='ocrx_word' id='word_1_120' title='bbox 1041 1051 1100 1107; x_wconf 81' lang='grc' dir='ltr'><strong>μὴ</strong></span> <span class='ocrx_word' id='word_1_121' title='bbox 1126 1050 1394 1109; x_wconf 78' lang='grc' dir='ltr'><em>φυλαξάντων</em></span> <span class='ocrx_word' id='word_1_122' title='bbox 1422 1052 1497 1102; x_wconf 83' lang='grc' dir='ltr'><strong>τὰς</strong></span> <span class='ocrx_word' id='word_1_123' title='bbox 1520 1051 1687 1101; x_wconf 71' lang='grc' dir='ltr'><em>ἐντολὰς</em></span> 
     </span>
     <span class='ocr_line' id='line_1_14' title="bbox 199 1118 1687 1178; baseline -0.001 -13"><span class='ocrx_word' id='word_1_124' title='bbox 199 1126 273 1165; x_wconf 82' lang='grc' dir='ltr'><strong>τοῦ</strong></span> <span class='ocrx_word' id='word_1_125' title='bbox 294 1122 452 1178; x_wconf 80' lang='grc' dir='ltr'><em>κυρίου.</em></span> <span class='ocrx_word' id='word_1_126' title='bbox 522 1118 584 1163; x_wconf 84' lang='grc' dir='ltr'><em>ὅτι</em></span> <span class='ocrx_word' id='word_1_127' title='bbox 608 1121 652 1163; x_wconf 79' lang='grc' dir='ltr'><strong>δὲ</strong></span> <span class='ocrx_word' id='word_1_128' title='bbox 674 1124 755 1178; x_wconf 90' lang='grc' dir='ltr'><strong>πῦρ</strong></span> <span class='ocrx_word' id='word_1_129' title='bbox 781 1121 889 1164; x_wconf 76' lang='grc' dir='ltr'><em>ἐστὶν</em></span> <span class='ocrx_word' id='word_1_130' title='bbox 917 1118 1108 1164; x_wconf 73' lang='grc' dir='ltr'><em>ὑποκάτω</em></span> <span class='ocrx_word' id='word_1_131' title='bbox 1133 1125 1206 1177; x_wconf 84' lang='grc' dir='ltr'><strong>τῆς</strong></span> <span class='ocrx_word' id='word_1_132' title='bbox 1227 1126 1322 1178; x_wconf 83' lang='grc' dir='ltr'><em>γῆς,</em></span> <span class='ocrx_word' id='word_1_133' title='bbox 1357 1122 1535 1165; x_wconf 82' lang='grc' dir='ltr'><em>πειθέτω</em></span> <span class='ocrx_word' id='word_1_134' title='bbox 1567 1138 1611 1165; x_wconf 82' lang='grc' dir='ltr'><em>σε</em></span> <span class='ocrx_word' id='word_1_135' title='bbox 1640 1120 1687 1163; x_wconf 87' lang='grc' dir='ltr'><em>τὸ</em></span> 
     </span>
     <span class='ocr_line' id='line_1_15' title="bbox 201 1189 1689 1251; baseline -0.002 -17"><span class='ocrx_word' id='word_1_136' title='bbox 201 1193 244 1234; x_wconf 74' lang='grc' dir='ltr'><em>ἐν</em></span> <span class='ocrx_word' id='word_1_137' title='bbox 264 1191 429 1251; x_wconf 70' lang='grc' dir='ltr'><em>Σικελία</em></span> <span class='ocrx_word' id='word_1_138' title='bbox 456 1191 524 1232; x_wconf 80' lang='grc' dir='ltr'><strong>καὶ</strong></span> <span class='ocrx_word' id='word_1_139' title='bbox 556 1189 598 1232; x_wconf 76' lang='grc' dir='ltr'><em>ἐν</em></span> <span class='ocrx_word' id='word_1_140' title='bbox 619 1191 766 1249; x_wconf 71' lang='grc' dir='ltr'><em>Λυκίᾳ</em></span> <span class='ocrx_word' id='word_1_141' title='bbox 788 1195 1010 1247; x_wconf 82' lang='grc' dir='ltr'><em>προφανῶς</em></span> <span class='ocrx_word' id='word_1_142' title='bbox 1030 1190 1326 1245; x_wconf 72' lang='grc' dir='ltr'><em>ἀναδιδόμενον</em></span> <span class='ocrx_word' id='word_1_143' title='bbox 1355 1193 1425 1234; x_wconf 88' lang='grc' dir='ltr'><strong>καὶ</strong></span> <span class='ocrx_word' id='word_1_144' title='bbox 1455 1191 1592 1246; x_wconf 82' lang='grc' dir='ltr'><em>μέντοι</em></span> <span class='ocrx_word' id='word_1_145' title='bbox 1620 1192 1689 1233; x_wconf 87' lang='grc' dir='ltr'><strong>καὶ</strong></span> 
     </span>
     <span class='ocr_line' id='line_1_16' title="bbox 202 1256 1742 1318; baseline -0.002 -14"><span class='ocrx_word' id='word_1_146' title='bbox 202 1263 246 1305; x_wconf 72' lang='grc' dir='ltr'><em>ἐν</em></span> <span class='ocrx_word' id='word_1_147' title='bbox 267 1259 408 1311; x_wconf 70' lang='grc' dir='ltr'><em>ἄλλοις</em></span> <span class='ocrx_word' id='word_1_148' title='bbox 428 1256 648 1317; x_wconf 75' lang='grc' dir='ltr'><em>διαφόροις</em></span> <span class='ocrx_word' id='word_1_149' title='bbox 667 1258 807 1310; x_wconf 86' lang='grc' dir='ltr'><em>τόποις</em></span> <span class='ocrx_word' id='word_1_150' title='bbox 829 1257 979 1313; x_wconf 79' lang='grc' dir='ltr'><em>ὁμοίως</em></span> <span class='ocrx_word' id='word_1_151' title='bbox 1000 1259 1372 1317; x_wconf 78' lang='grc' dir='ltr'><em>παραδεικνῦμενον</em></span> <span class='ocrx_word' id='word_1_152' title='bbox 1393 1265 1499 1318; x_wconf 88' lang='grc' dir='ltr'><em>πῦρ,</em></span> <span class='ocrx_word' id='word_1_153' title='bbox 1535 1262 1592 1311; x_wconf 77' lang='grc' dir='ltr'><em>εἷς</em></span> <span class='ocrx_word' id='word_1_154' title='bbox 1614 1260 1689 1314; x_wconf 84' lang='grc' dir='ltr'><strong>τὴν</strong></span> <span class='ocrx_word' id='word_1_155' title='bbox 1701 1264 1742 1301; x_wconf 82' lang='lat'><strong>1⁵</strong></span> 
     </span>
     <span class='ocr_line' id='line_1_17' title="bbox 204 1327 1692 1389; baseline -0.001 -16"><span class='ocrx_word' id='word_1_156' title='bbox 204 1330 388 1389; x_wconf 80' lang='grc' dir='ltr'><em>φοβερὰν</em></span> <span class='ocrx_word' id='word_1_157' title='bbox 417 1330 578 1386; x_wconf 84' lang='grc' dir='ltr'><em>γέενναν</em></span> <span class='ocrx_word' id='word_1_158' title='bbox 606 1327 823 1388; x_wconf 77' lang='grc' dir='ltr'><em>προδήλως</em></span> <span class='ocrx_word' id='word_1_159' title='bbox 851 1327 1007 1380; x_wconf 84' lang='grc' dir='ltr'><em>πάντας</em></span> <span class='ocrx_word' id='word_1_160' title='bbox 1030 1338 1251 1373; x_wconf 86' lang='grc' dir='ltr'><em>κατακαῖον</em></span> <span class='ocrx_word' id='word_1_161' title='bbox 1276 1329 1364 1374; x_wconf 84' lang='grc' dir='ltr'><em>ὅσοι</em></span> <span class='ocrx_word' id='word_1_162' title='bbox 1388 1329 1440 1373; x_wconf 81' lang='grc' dir='ltr'><em>τὰ</em></span> <span class='ocrx_word' id='word_1_163' title='bbox 1459 1333 1543 1374; x_wconf 78' lang='grc' dir='ltr'><strong>τοῦ</strong></span> <span class='ocrx_word' id='word_1_164' title='bbox 1562 1329 1692 1387; x_wconf 87' lang='grc' dir='ltr'><em>πυρὸς</em></span> 
     </span>
     <span class='ocr_line' id='line_1_18' title="bbox 147 1393 1692 1458; baseline -0.001 -15"><span class='ocrx_word' id='word_1_165' title='bbox 147 1412 178 1447; x_wconf 91' lang='grc' dir='ltr'><strong>Β</strong></span> <span class='ocrx_word' id='word_1_166' title='bbox 204 1400 303 1458; x_wconf 66' lang='grc' dir='ltr'><em>ἔργα</em></span> <span class='ocrx_word' id='word_1_167' title='bbox 327 1397 574 1455; x_wconf 81' lang='grc' dir='ltr'><em>πεπράχασι.</em></span> <span class='ocrx_word' id='word_1_168' title='bbox 629 1400 720 1457; x_wconf 82' lang='grc' dir='ltr'><em>περὶ</em></span> <span class='ocrx_word' id='word_1_169' title='bbox 744 1393 792 1441; x_wconf 72' lang='grc' dir='ltr'><em>οὗ</em></span> <span class='ocrx_word' id='word_1_170' title='bbox 815 1400 882 1440; x_wconf 89' lang='grc' dir='ltr'><strong>καὶ</strong></span> <span class='ocrx_word' id='word_1_171' title='bbox 904 1396 925 1440; x_wconf 82' lang='grc' dir='ltr'><em>ὃ</em></span> <span class='ocrx_word' id='word_1_172' title='bbox 948 1399 1077 1454; x_wconf 85' lang='grc' dir='ltr'><em>μέγας</em></span> <span class='ocrx_word' id='word_1_173' title='bbox 1099 1402 1294 1455; x_wconf 79' lang='grc' dir='ltr'><em>Μωϋσῆς</em></span> <span class='ocrx_word' id='word_1_174' title='bbox 1316 1401 1359 1443; x_wconf 78' lang='grc' dir='ltr'><em>ἐκ</em></span> <span class='ocrx_word' id='word_1_175' title='bbox 1376 1398 1598 1457; x_wconf 83' lang='grc' dir='ltr'><em>προσώπου</em></span> <span class='ocrx_word' id='word_1_176' title='bbox 1620 1402 1692 1442; x_wconf 87' lang='grc' dir='ltr'><strong>τοῦ</strong></span> 
     </span>
     <span class='ocr_line' id='line_1_19' title="bbox 199 1467 1693 1528; baseline -0.002 -15"><span class='ocrx_word' id='word_1_177' title='bbox 199 1475 304 1514; x_wconf 86' lang='grc' dir='ltr'><em>θεοῦ</em></span> <span class='ocrx_word' id='word_1_178' title='bbox 334 1471 459 1528; x_wconf 84' lang='grc' dir='ltr'><em>φησὶν</em></span> <span class='ocrx_word' id='word_1_179' title='bbox 489 1467 552 1511; x_wconf 82' lang='grc' dir='ltr'><em>ὅτι</em></span> <span class='ocrx_word' id='word_1_180' title='bbox 575 1472 657 1526; x_wconf 88' lang='grc' dir='ltr'><strong>πῦρ</strong></span> <span class='ocrx_word' id='word_1_181' title='bbox 691 1469 927 1511; x_wconf 74' lang='grc' dir='ltr'><em>ἐκκέκαυται</em></span> <span class='ocrx_word' id='word_1_182' title='bbox 956 1470 999 1510; x_wconf 72' lang='grc' dir='ltr'><em>ἐκ</em></span> <span class='ocrx_word' id='word_1_183' title='bbox 1029 1474 1103 1511; x_wconf 86' lang='grc' dir='ltr'><strong>τοῦ</strong></span> <span class='ocrx_word' id='word_1_184' title='bbox 1121 1473 1264 1523; x_wconf 86' lang='grc' dir='ltr'><em>θυμοῦ</em></span> <span class='ocrx_word' id='word_1_185' title='bbox 1284 1487 1368 1524; x_wconf 92' lang='grc' dir='ltr'><strong>μου</strong></span> <span class='ocrx_word' id='word_1_186' title='bbox 1376 1497 1398 1522; x_wconf 93' lang='grc'><strong>,-</strong></span> <span class='ocrx_word' id='word_1_187' title='bbox 1437 1468 1693 1523; x_wconf 74' lang='grc' dir='ltr'><em>καυθήσεται</em></span> 
     </span>
     <span class='ocr_line' id='line_1_20' title="bbox 203 1535 1693 1600; baseline -0.002 -17"><span class='ocrx_word' id='word_1_188' title='bbox 203 1541 279 1590; x_wconf 69' lang='grc' dir='ltr'><em>ἕως</em></span> <span class='ocrx_word' id='word_1_189' title='bbox 303 1539 406 1600; x_wconf 75' lang='grc' dir='ltr'><em>ᾅδου</em></span> <span class='ocrx_word' id='word_1_190' title='bbox 427 1535 666 1581; x_wconf 88' lang='grc' dir='ltr'><em>κατωτάτου</em></span> <span class='ocrx_word' id='word_1_191' title='bbox 676 1569 690 1590; x_wconf 95' lang='grc'><em>,</em></span> <span class='ocrx_word' id='word_1_192' title='bbox 735 1535 1019 1595; x_wconf 80' lang='grc' dir='ltr'><em>καταφάγεται</em></span> <span class='ocrx_word' id='word_1_193' title='bbox 1040 1541 1114 1594; x_wconf 77' lang='grc' dir='ltr'><em>γῆν</em></span> <span class='ocrx_word' id='word_1_194' title='bbox 1137 1541 1204 1580; x_wconf 83' lang='grc' dir='ltr'><strong>καὶ</strong></span> <span class='ocrx_word' id='word_1_195' title='bbox 1227 1538 1277 1581; x_wconf 82' lang='grc' dir='ltr'><em>τὰ</em></span> <span class='ocrx_word' id='word_1_196' title='bbox 1301 1537 1533 1595; x_wconf 82' lang='grc' dir='ltr'><em>γεννήματα</em></span> <span class='ocrx_word' id='word_1_197' title='bbox 1551 1539 1693 1593; x_wconf 76' lang='grc' dir='ltr'><em>αὐτῆς,</em></span> 
     </span>
     <span class='ocr_line' id='line_1_21' title="bbox 203 1607 1742 1667; baseline -0.004 -15"><span class='ocrx_word' id='word_1_198' title='bbox 203 1610 338 1667; x_wconf 80' lang='grc' dir='ltr'><em>φλέξει</em></span> <span class='ocrx_word' id='word_1_199' title='bbox 360 1609 534 1663; x_wconf 84' lang='grc' dir='ltr'><em>θεμέλια</em></span> <span class='ocrx_word' id='word_1_200' title='bbox 554 1607 696 1664; x_wconf 86' lang='grc' dir='ltr'><em>ὀρέων.</em></span> <span class='ocrx_word' id='word_1_201' title='bbox 767 1607 897 1657; x_wconf 78' lang='grc' dir='ltr'><em>οὕτως</em></span> <span class='ocrx_word' id='word_1_202' title='bbox 914 1608 959 1649; x_wconf 79' lang='grc' dir='ltr'><strong>δὲ</strong></span> <span class='ocrx_word' id='word_1_203' title='bbox 980 1609 1050 1649; x_wconf 84' lang='grc' dir='ltr'><strong>καὶ</strong></span> <span class='ocrx_word' id='word_1_204' title='bbox 1068 1608 1247 1659; x_wconf 67' lang='grc' dir='ltr'><em>’ῙΙσαΐας</em></span> <span class='ocrx_word' id='word_1_205' title='bbox 1267 1607 1494 1666; x_wconf 79' lang='grc' dir='ltr'><em>διαρρήδην</em></span> <span class='ocrx_word' id='word_1_206' title='bbox 1511 1607 1692 1665; x_wconf 77' lang='grc' dir='ltr'><em>προφαί-</em></span> <span class='ocrx_word' id='word_1_207' title='bbox 1702 1610 1742 1654; x_wconf 71' lang='grc'><strong>2(</strong></span> 
     </span>
     <span class='ocr_line' id='line_1_22' title="bbox 202 1675 1696 1738; baseline -0.002 -16"><span class='ocrx_word' id='word_1_208' title='bbox 202 1697 285 1722; x_wconf 88' lang='grc' dir='ltr'><strong>νων</strong></span> <span class='ocrx_word' id='word_1_209' title='bbox 315 1685 400 1728; x_wconf 87' lang='grc' dir='ltr'><em>τοῖς</em></span> <span class='ocrx_word' id='word_1_210' title='bbox 431 1675 692 1734; x_wconf 78' lang='grc' dir='ltr'><em>ἁμαρτωλοῖς</em></span> <span class='ocrx_word' id='word_1_211' title='bbox 719 1676 793 1731; x_wconf 84' lang='grc' dir='ltr'><strong>τὴν</strong></span> <span class='ocrx_word' id='word_1_212' title='bbox 828 1676 1118 1738; x_wconf 43' lang='grc' dir='ltr'><em>ἔσομένηῃκαὶ</em></span> <span class='ocrx_word' id='word_1_213' title='bbox 1141 1675 1443 1732; x_wconf 69' lang='grc' dir='ltr'><em>ἡτοιμασμένην</em></span> <span class='ocrx_word' id='word_1_214' title='bbox 1467 1677 1605 1730; x_wconf 74' lang='grc' dir='ltr'><em>αὐτοῖς</em></span> <span class='ocrx_word' id='word_1_215' title='bbox 1625 1677 1696 1720; x_wconf 84' lang='grc' dir='ltr'><strong>διὰ</strong></span> 
     </span>
     <span class='ocr_line' id='line_1_23' title="bbox 204 1743 1694 1804; baseline 0 -14"><span class='ocrx_word' id='word_1_216' title='bbox 204 1753 278 1791; x_wconf 87' lang='grc' dir='ltr'><strong>τοῦ</strong></span> <span class='ocrx_word' id='word_1_217' title='bbox 312 1748 513 1801; x_wconf 77' lang='grc' dir='ltr'><em>ἀσβέστου</em></span> <span class='ocrx_word' id='word_1_218' title='bbox 545 1745 676 1803; x_wconf 86' lang='grc' dir='ltr'><em>πυρὸς</em></span> <span class='ocrx_word' id='word_1_219' title='bbox 706 1744 877 1789; x_wconf 87' lang='grc' dir='ltr'><em>κόλασιν</em></span> <span class='ocrx_word' id='word_1_220' title='bbox 910 1746 1037 1804; x_wconf 73' lang='grc' dir='ltr'><em>ἐκβοᾷ</em></span> <span class='ocrx_word' id='word_1_221' title='bbox 1061 1743 1153 1797; x_wconf 67' lang='lat' dir='ltr'><strong>“vig</strong></span> <span class='ocrx_word' id='word_1_222' title='bbox 1173 1748 1390 1803; x_wconf 78' lang='grc' dir='ltr'><em>ἀναγγελεῖ</em></span> <span class='ocrx_word' id='word_1_223' title='bbox 1408 1744 1504 1801; x_wconf 72' lang='grc' dir='ltr'><em>ὑμῖν</em></span> <span class='ocrx_word' id='word_1_224' title='bbox 1528 1747 1590 1790; x_wconf 81' lang='grc' dir='ltr'><em>ὅτι</em></span> <span class='ocrx_word' id='word_1_225' title='bbox 1613 1751 1694 1804; x_wconf 81' lang='grc' dir='ltr'><strong>πῦρ</strong></span> 
     </span>
     <span class='ocr_line' id='line_1_24' title="bbox 205 1812 1696 1875; baseline -0.001 -14"><span class='ocrx_word' id='word_1_226' title='bbox 205 1819 384 1869; x_wconf 87' lang='grc' dir='ltr'><em>καίεται,</em></span> <span class='ocrx_word' id='word_1_227' title='bbox 418 1818 487 1859; x_wconf 85' lang='grc' dir='ltr'><strong>καὶ</strong></span> <span class='ocrx_word' id='word_1_228' title='bbox 514 1816 575 1866; x_wconf 85' lang='grc' dir='ltr'><strong>τίς</strong></span> <span class='ocrx_word' id='word_1_229' title='bbox 602 1815 823 1871; x_wconf 80' lang='grc' dir='ltr'><em>ἀπαγγελεῖ</em></span> <span class='ocrx_word' id='word_1_230' title='bbox 845 1812 942 1870; x_wconf 73' lang='grc' dir='ltr'><em>ὑμῖν</em></span> <span class='ocrx_word' id='word_1_231' title='bbox 974 1814 1044 1858; x_wconf 84' lang='grc' dir='ltr'><strong>τὸν</strong></span> <span class='ocrx_word' id='word_1_232' title='bbox 1067 1813 1193 1859; x_wconf 87' lang='grc' dir='ltr'><em>τόπον</em></span> <span class='ocrx_word' id='word_1_233' title='bbox 1214 1816 1287 1860; x_wconf 84' lang='grc' dir='ltr'><strong>τὸν</strong></span> <span class='ocrx_word' id='word_1_234' title='bbox 1304 1815 1468 1860; x_wconf 79' lang='grc' dir='ltr'><em>αἰώνιον</em></span> <span class='ocrx_word' id='word_1_235' title='bbox 1478 1835 1495 1872; x_wconf 75' lang='lat'><strong>‚-</strong></span> <span class='ocrx_word' id='word_1_236' title='bbox 1527 1815 1696 1875; x_wconf 82' lang='grc' dir='ltr'><em>πορεύε-</em></span> 
     </span>
    </p>
   </div>
   <div class='ocr_carea' id='block_1_3' title="bbox 210 1945 1711 2930">
    <p class='ocr_par' dir='ltr' id='par_1_3' title="bbox 210 1945 1711 2930">
     <span class='ocr_line' id='line_1_25' title="bbox 211 1945 1701 1995; baseline -0.001 -10"><span class='ocrx_word' id='word_1_237' title='bbox 211 1953 266 1985; x_wconf 90' lang='lat' dir='ltr'><strong>est</strong></span> <span class='ocrx_word' id='word_1_238' title='bbox 289 1949 433 1991; x_wconf 83' lang='lat' dir='ltr'><strong>aether3</strong></span> <span class='ocrx_word' id='word_1_239' title='bbox 467 1950 504 1982; x_wconf 84' lang='lat' dir='ltr'><strong>et</strong></span> <span class='ocrx_word' id='word_1_240' title='bbox 536 1949 592 1982; x_wconf 83' lang='lat' dir='ltr'><strong>est</strong></span> <span class='ocrx_word' id='word_1_241' title='bbox 621 1945 715 1992; x_wconf 84' lang='lat' dir='ltr'><strong>ignis</strong></span> <span class='ocrx_word' id='word_1_242' title='bbox 739 1949 847 1992; x_wconf 87' lang='lat' dir='ltr'><strong>atque</strong></span> <span class='ocrx_word' id='word_1_243' title='bbox 871 1957 965 1992; x_wconf 87' lang='lat' dir='ltr'><strong>aqua</strong></span> <span class='ocrx_word' id='word_1_244' title='bbox 987 1946 1082 1982; x_wconf 77' lang='lat' dir='ltr'><strong>infra</strong></span> <span class='ocrx_word' id='word_1_245' title='bbox 1103 1951 1249 1984; x_wconf 85' lang='lat' dir='ltr'><strong>terram.</strong></span> <span class='ocrx_word' id='word_1_246' title='bbox 1299 1951 1338 1984; x_wconf 86' lang='lat' dir='ltr'><strong>et</strong></span> <span class='ocrx_word' id='word_1_247' title='bbox 1361 1960 1454 1995; x_wconf 85' lang='lat' dir='ltr'><strong>aqua</strong></span> <span class='ocrx_word' id='word_1_248' title='bbox 1477 1948 1618 1994; x_wconf 91' lang='lat' dir='ltr'><strong>quidem</strong></span> <span class='ocrx_word' id='word_1_249' title='bbox 1639 1959 1701 1984; x_wconf 90' lang='lat' dir='ltr'><strong>su-</strong></span> 
     </span>
     <span class='ocr_line' id='line_1_26' title="bbox 210 1993 1700 2043; baseline -0.001 -12"><span class='ocrx_word' id='word_1_250' title='bbox 210 1996 333 2043; x_wconf 83' lang='lat' dir='ltr'><strong>perior</strong></span> <span class='ocrx_word' id='word_1_251' title='bbox 355 1995 393 2030; x_wconf 89' lang='lat' dir='ltr'><strong>in</strong></span> <span class='ocrx_word' id='word_1_252' title='bbox 417 2006 522 2029; x_wconf 89' lang='lat' dir='ltr'><strong>unum</strong></span> <span class='ocrx_word' id='word_1_253' title='bbox 547 1993 693 2028; x_wconf 83' lang='lat' dir='ltr'><strong>collecta</strong></span> <span class='ocrx_word' id='word_1_254' title='bbox 713 2005 810 2028; x_wconf 88' lang='lat' dir='ltr'><strong>mare</strong></span> <span class='ocrx_word' id='word_1_255' title='bbox 833 1993 983 2028; x_wconf 88' lang='lat' dir='ltr'><strong>dicitur:</strong></span> <span class='ocrx_word' id='word_1_256' title='bbox 1015 2005 1109 2040; x_wconf 90' lang='lat' dir='ltr'><strong>quae</strong></span> <span class='ocrx_word' id='word_1_257' title='bbox 1138 2000 1255 2030; x_wconf 88' lang='lat' dir='ltr'><strong>autem</strong></span> <span class='ocrx_word' id='word_1_258' title='bbox 1280 1995 1376 2031; x_wconf 83' lang='lat' dir='ltr'><strong>infra</strong></span> <span class='ocrx_word' id='word_1_259' title='bbox 1397 2002 1528 2031; x_wconf 90' lang='lat' dir='ltr'><strong>terram</strong></span> <span class='ocrx_word' id='word_1_260' title='bbox 1553 1995 1700 2040; x_wconf 81' lang='lat' dir='ltr'><strong>residet,</strong></span> 
     </span>
     <span class='ocr_line' id='line_1_27' title="bbox 211 2039 1701 2089; baseline -0.002 -11"><span class='ocrx_word' id='word_1_261' title='bbox 211 2045 363 2089; x_wconf 82' lang='lat' dir='ltr'>abyssus</span> <span class='ocrx_word' id='word_1_262' title='bbox 387 2041 605 2084; x_wconf 85' lang='lat' dir='ltr'><strong>nominatur,</strong></span> <span class='ocrx_word' id='word_1_263' title='bbox 630 2041 724 2075; x_wconf 89' lang='lat' dir='ltr'><strong>unde</strong></span> <span class='ocrx_word' id='word_1_264' title='bbox 747 2039 859 2075; x_wconf 80' lang='lat' dir='ltr'><strong>veluti</strong></span> <span class='ocrx_word' id='word_1_265' title='bbox 883 2040 996 2074; x_wconf 82' lang='lat' dir='ltr'><strong>tubuli</strong></span> <span class='ocrx_word' id='word_1_266' title='bbox 1019 2041 1159 2087; x_wconf 89' lang='lat' dir='ltr'><strong>quidam</strong></span> <span class='ocrx_word' id='word_1_267' title='bbox 1185 2043 1393 2077; x_wconf 87' lang='lat' dir='ltr'><strong>emittuntur</strong></span> <span class='ocrx_word' id='word_1_268' title='bbox 1414 2043 1552 2088; x_wconf 81' lang='lat' dir='ltr'><strong>fontes,</strong></span> <span class='ocrx_word' id='word_1_269' title='bbox 1577 2042 1701 2078; x_wconf 55' lang='lat' dir='ltr'><strong>advi-</strong></span> 
     </span>
     <span class='ocr_line' id='line_1_28' title="bbox 210 2086 1704 2133; baseline -0.001 -8"><span class='ocrx_word' id='word_1_270' title='bbox 210 2096 270 2125; x_wconf 85' lang='lat' dir='ltr'><strong>tae</strong></span> <span class='ocrx_word' id='word_1_271' title='bbox 303 2093 445 2124; x_wconf 86' lang='lat' dir='ltr'><strong>nostrae</strong></span> <span class='ocrx_word' id='word_1_272' title='bbox 478 2094 514 2123; x_wconf 90' lang='lat' dir='ltr'><strong>et</strong></span> <span class='ocrx_word' id='word_1_273' title='bbox 541 2087 741 2122; x_wconf 85' lang='lat' dir='ltr'><strong>animalium</strong></span> <span class='ocrx_word' id='word_1_274' title='bbox 774 2086 926 2122; x_wconf 88' lang='lat' dir='ltr'><strong>omnium</strong></span> <span class='ocrx_word' id='word_1_275' title='bbox 955 2099 1061 2130; x_wconf 89' lang='lat' dir='ltr'><strong>usus;</strong></span> <span class='ocrx_word' id='word_1_276' title='bbox 1103 2094 1209 2133; x_wconf 87' lang='lat' dir='ltr'><strong>atque</strong></span> <span class='ocrx_word' id='word_1_277' title='bbox 1239 2090 1395 2124; x_wconf 88' lang='lat' dir='ltr'><strong>indidem</strong></span> <span class='ocrx_word' id='word_1_278' title='bbox 1427 2089 1534 2124; x_wconf 77' lang='lat' dir='ltr'><strong>etiam</strong></span> <span class='ocrx_word' id='word_1_279' title='bbox 1566 2089 1704 2124; x_wconf 80' lang='lat' dir='ltr'>calidae</span> 
     </span>
     <span class='ocr_line' id='line_1_29' title="bbox 212 2133 1703 2181; baseline -0.001 -10"><span class='ocrx_word' id='word_1_280' title='bbox 212 2136 399 2171; x_wconf 86' lang='lat' dir='ltr'><strong>ebulliunt.</strong></span> <span class='ocrx_word' id='word_1_281' title='bbox 446 2147 525 2170; x_wconf 90' lang='lat' dir='ltr'><strong>nam</strong></span> <span class='ocrx_word' id='word_1_282' title='bbox 549 2146 654 2180; x_wconf 86' lang='lat' dir='ltr'><strong>quae,</strong></span> <span class='ocrx_word' id='word_1_283' title='bbox 678 2133 737 2169; x_wconf 87' lang='lat' dir='ltr'><strong>dei</strong></span> <span class='ocrx_word' id='word_1_284' title='bbox 761 2133 988 2179; x_wconf 86' lang='lat' dir='ltr'><strong>providentia</strong></span> <span class='ocrx_word' id='word_1_285' title='bbox 1010 2134 1063 2169; x_wconf 88' lang='lat' dir='ltr'><strong>sic</strong></span> <span class='ocrx_word' id='word_1_286' title='bbox 1086 2135 1285 2181; x_wconf 82' lang='lat' dir='ltr'>ordinante,</span> <span class='ocrx_word' id='word_1_287' title='bbox 1303 2135 1449 2181; x_wconf 73' lang='lat' dir='ltr'><strong>,longius</strong></span> <span class='ocrx_word' id='word_1_288' title='bbox 1470 2137 1515 2171; x_wconf 88' lang='lat' dir='ltr'><strong>ab</strong></span> <span class='ocrx_word' id='word_1_289' title='bbox 1539 2135 1623 2180; x_wconf 86' lang='lat' dir='ltr'><strong>igne</strong></span> <span class='ocrx_word' id='word_1_290' title='bbox 1646 2136 1703 2169; x_wconf 91' lang='lat' dir='ltr'><strong>in-</strong></span> 
     </span>
     <span class='ocr_line' id='line_1_30' title="bbox 211 2180 1702 2228; baseline -0.001 -11"><span class='ocrx_word' id='word_1_291' title='bbox 211 2183 347 2218; x_wconf 87' lang='lat' dir='ltr'><strong>feriore</strong></span> <span class='ocrx_word' id='word_1_292' title='bbox 370 2184 498 2217; x_wconf 83' lang='lat' dir='ltr'><strong>absunt</strong></span> <span class='ocrx_word' id='word_1_293' title='bbox 522 2193 648 2226; x_wconf 89' lang='lat' dir='ltr'><strong>aquae,</strong></span> <span class='ocrx_word' id='word_1_294' title='bbox 673 2192 738 2215; x_wconf 88' lang='lat' dir='ltr'><strong>eae</strong></span> <span class='ocrx_word' id='word_1_295' title='bbox 758 2180 966 2226; x_wconf 81' lang='lat' dir='ltr'><strong>frigidiores</strong></span> <span class='ocrx_word' id='word_1_296' title='bbox 989 2181 1159 2226; x_wconf 78' lang='lat' dir='ltr'><strong>eduntur,</strong></span> <span class='ocrx_word' id='word_1_297' title='bbox 1185 2194 1277 2228; x_wconf 81' lang='lat' dir='ltr'><strong>quae</strong></span> <span class='ocrx_word' id='word_1_298' title='bbox 1301 2183 1374 2228; x_wconf 85' lang='lat' dir='ltr'><strong>igni</strong></span> <span class='ocrx_word' id='word_1_299' title='bbox 1396 2183 1582 2228; x_wconf 84' lang='lat' dir='ltr'><strong>propiores</strong></span> <span class='ocrx_word' id='word_1_300' title='bbox 1606 2186 1702 2217; x_wconf 86' lang='lat' dir='ltr'><strong>sunt.</strong></span> 
     </span>
     <span class='ocr_line' id='line_1_31' title="bbox 213 2227 1704 2275; baseline -0.002 -10"><span class='ocrx_word' id='word_1_301' title='bbox 213 2232 258 2265; x_wconf 89' lang='lat' dir='ltr'><strong>ab</strong></span> <span class='ocrx_word' id='word_1_302' title='bbox 283 2242 324 2264; x_wconf 89' lang='lat' dir='ltr'><strong>eo</strong></span> <span class='ocrx_word' id='word_1_303' title='bbox 349 2229 502 2264; x_wconf 85' lang='lat' dir='ltr'><strong>calorem</strong></span> <span class='ocrx_word' id='word_1_304' title='bbox 525 2227 732 2274; x_wconf 89' lang='lat' dir='ltr'><strong>concipiunt</strong></span> <span class='ocrx_word' id='word_1_305' title='bbox 756 2231 793 2262; x_wconf 89' lang='lat' dir='ltr'><strong>et</strong></span> <span class='ocrx_word' id='word_1_306' title='bbox 816 2227 1000 2262; x_wconf 80' lang='lat' dir='ltr'><strong>admodum</strong></span> <span class='ocrx_word' id='word_1_307' title='bbox 1024 2228 1186 2263; x_wconf 78' lang='lat' dir='ltr'><strong>fervidae</strong></span> <span class='ocrx_word' id='word_1_308' title='bbox 1210 2241 1346 2264; x_wconf 86' lang='lat' dir='ltr'><strong>sursum</strong></span> <span class='ocrx_word' id='word_1_309' title='bbox 1367 2230 1579 2274; x_wconf 84' lang='lat' dir='ltr'><strong>efferuntur,</strong></span> <span class='ocrx_word' id='word_1_310' title='bbox 1611 2240 1704 2275; x_wconf 85' lang='lat' dir='ltr'><strong>quae</strong></span> 
     </span>
     <span class='ocr_line' id='line_1_32' title="bbox 214 2273 1704 2331; baseline -0.002 -19"><span class='ocrx_word' id='word_1_311' title='bbox 214 2282 334 2312; x_wconf 86' lang='lat' dir='ltr'><strong>autem</strong></span> <span class='ocrx_word' id='word_1_312' title='bbox 358 2288 429 2311; x_wconf 90' lang='lat' dir='ltr'><strong>non</strong></span> <span class='ocrx_word' id='word_1_313' title='bbox 453 2287 567 2323; x_wconf 82' lang='lat' dir='ltr'><strong>prope</strong></span> <span class='ocrx_word' id='word_1_314' title='bbox 588 2274 706 2320; x_wconf 86' lang='lat' dir='ltr'><strong>ignem</strong></span> <span class='ocrx_word' id='word_1_315' title='bbox 729 2278 833 2319; x_wconf 84' lang='lat' dir='ltr'><strong>sunt,</strong></span> <span class='ocrx_word' id='word_1_316' title='bbox 862 2273 1008 2320; x_wconf 84' lang='lat' dir='ltr'><strong>tepidae</strong></span> <span class='ocrx_word' id='word_1_317' title='bbox 1033 2281 1179 2310; x_wconf 89' lang='lat' dir='ltr'><strong>exeunt.</strong></span> <span class='ocrx_word' id='word_1_318' title='bbox 1226 2281 1334 2322; x_wconf 83' lang='lat' dir='ltr'><strong>atque</strong></span> <span class='ocrx_word' id='word_1_319' title='bbox 1357 2275 1452 2321; x_wconf 83' lang='lat' dir='ltr'><strong>ignis</strong></span> <span class='ocrx_word' id='word_1_320' title='bbox 1475 2275 1618 2331; x_wconf 71' lang='lat' dir='ltr'><strong>quidem</strong></span> <span class='ocrx_word' id='word_1_321' title='bbox 1642 2275 1704 2320; x_wconf 92' lang='lat' dir='ltr'><strong>qui</strong></span> 
     </span>
     <span class='ocr_line' id='line_1_33' title="bbox 214 2321 1704 2368; baseline -0.001 -10"><span class='ocrx_word' id='word_1_322' title='bbox 214 2324 310 2358; x_wconf 86' lang='lat' dir='ltr'><strong>infra</strong></span> <span class='ocrx_word' id='word_1_323' title='bbox 333 2327 465 2358; x_wconf 86' lang='lat' dir='ltr'><strong>terram</strong></span> <span class='ocrx_word' id='word_1_324' title='bbox 488 2327 566 2366; x_wconf 86' lang='lat' dir='ltr'><strong>est,</strong></span> <span class='ocrx_word' id='word_1_325' title='bbox 600 2322 807 2356; x_wconf 89' lang='lat' dir='ltr'><strong>daemonum</strong></span> <span class='ocrx_word' id='word_1_326' title='bbox 831 2326 867 2355; x_wconf 88' lang='lat' dir='ltr'><strong>et</strong></span> <span class='ocrx_word' id='word_1_327' title='bbox 892 2326 1117 2366; x_wconf 87' lang='lat' dir='ltr'><strong>peccatorum</strong></span> <span class='ocrx_word' id='word_1_328' title='bbox 1140 2322 1316 2358; x_wconf 86' lang='lat' dir='ltr'><strong>hominum</strong></span> <span class='ocrx_word' id='word_1_329' title='bbox 1340 2323 1515 2368; x_wconf 80' lang='lat' dir='ltr'><strong>supplicm</strong></span> <span class='ocrx_word' id='word_1_330' title='bbox 1539 2321 1704 2357; x_wconf 84' lang='lat' dir='ltr'><strong>inservit.</strong></span> 
     </span>
     <span class='ocr_line' id='line_1_34' title="bbox 217 2367 1705 2416; baseline -0.002 -11"><span class='ocrx_word' id='word_1_331' title='bbox 217 2382 311 2416; x_wconf 88' lang='lat' dir='ltr'><strong>aqua</strong></span> <span class='ocrx_word' id='word_1_332' title='bbox 332 2370 438 2404; x_wconf 84' lang='lat' dir='ltr'><strong>etiam</strong></span> <span class='ocrx_word' id='word_1_333' title='bbox 462 2369 533 2403; x_wconf 89' lang='lat' dir='ltr'><strong>imo</strong></span> <span class='ocrx_word' id='word_1_334' title='bbox 555 2368 652 2403; x_wconf 87' lang='lat' dir='ltr'><strong>infra</strong></span> <span class='ocrx_word' id='word_1_335' title='bbox 672 2373 802 2403; x_wconf 85' lang='lat' dir='ltr'><strong>terram</strong></span> <span class='ocrx_word' id='word_1_336' title='bbox 825 2367 924 2413; x_wconf 90' lang='lat' dir='ltr'><strong>loco,</strong></span> <span class='ocrx_word' id='word_1_337' title='bbox 951 2368 1002 2403; x_wconf 88' lang='lat' dir='ltr'><strong>ita</strong></span> <span class='ocrx_word' id='word_1_338' title='bbox 1024 2368 1159 2414; x_wconf 84' lang='lat' dir='ltr'><strong>frigida</strong></span> <span class='ocrx_word' id='word_1_339' title='bbox 1189 2374 1229 2404; x_wconf 85' lang='lat' dir='ltr'><strong>ut</strong></span> <span class='ocrx_word' id='word_1_340' title='bbox 1249 2370 1286 2404; x_wconf 91' lang='lat' dir='ltr'><strong>in</strong></span> <span class='ocrx_word' id='word_1_341' title='bbox 1311 2369 1434 2415; x_wconf 84' lang='lat' dir='ltr'><strong>glebas</strong></span> <span class='ocrx_word' id='word_1_342' title='bbox 1463 2369 1591 2415; x_wconf 84' lang='lat' dir='ltr'><strong>glaciei</strong></span> <span class='ocrx_word' id='word_1_343' title='bbox 1618 2380 1705 2403; x_wconf 90' lang='lat' dir='ltr'><strong>con-</strong></span> 
     </span>
     <span class='ocr_line' id='line_1_35' title="bbox 217 2414 1706 2462; baseline -0.002 -11"><span class='ocrx_word' id='word_1_344' title='bbox 217 2417 324 2462; x_wconf 86' lang='lat' dir='ltr'><strong>gelet‚</strong></span> <span class='ocrx_word' id='word_1_345' title='bbox 350 2417 411 2462; x_wconf 91' lang='lat' dir='ltr'><strong>qui</strong></span> <span class='ocrx_word' id='word_1_346' title='bbox 435 2421 474 2451; x_wconf 90' lang='lat' dir='ltr'><strong>et</strong></span> <span class='ocrx_word' id='word_1_347' title='bbox 493 2420 649 2450; x_wconf 80' lang='lat' dir='ltr'><strong>tartarus</strong></span> <span class='ocrx_word' id='word_1_348' title='bbox 672 2414 814 2458; x_wconf 87' lang='lat' dir='ltr'><strong>dicitur,</strong></span> <span class='ocrx_word' id='word_1_349' title='bbox 840 2414 921 2460; x_wconf 76' lang='lat' dir='ltr'><strong>ipsa</strong></span> <span class='ocrx_word' id='word_1_350' title='bbox 943 2415 1049 2451; x_wconf 86' lang='lat' dir='ltr'><strong>etiam</strong></span> <span class='ocrx_word' id='word_1_351' title='bbox 1068 2416 1157 2451; x_wconf 81' lang='lat' dir='ltr'><strong>facit</strong></span> <span class='ocrx_word' id='word_1_352' title='bbox 1178 2416 1224 2451; x_wconf 86' lang='lat' dir='ltr'><strong>ad</strong></span> <span class='ocrx_word' id='word_1_353' title='bbox 1245 2416 1453 2451; x_wconf 87' lang='lat' dir='ltr'><strong>cruciandos</strong></span> <span class='ocrx_word' id='word_1_354' title='bbox 1478 2427 1540 2450; x_wconf 90' lang='lat' dir='ltr'><strong>eos</strong></span> <span class='ocrx_word' id='word_1_355' title='bbox 1562 2415 1623 2461; x_wconf 87' lang='lat' dir='ltr'><strong>qui</strong></span> <span class='ocrx_word' id='word_1_356' title='bbox 1647 2414 1706 2450; x_wconf 88' lang='lat' dir='ltr'><strong>dei</strong></span> 
     </span>
     <span class='ocr_line' id='line_1_36' title="bbox 218 2460 1708 2518; baseline -0.002 -20"><span class='ocrx_word' id='word_1_357' title='bbox 218 2469 407 2518; x_wconf 80' lang='lat' dir='ltr'><strong>praecepta</strong></span> <span class='ocrx_word' id='word_1_358' title='bbox 429 2462 677 2497; x_wconf 62' lang='lat' dir='ltr'><strong>violaverunt„</strong></span> <span class='ocrx_word' id='word_1_359' title='bbox 703 2473 784 2496; x_wconf 87' lang='lat' dir='ltr'><strong>esse</strong></span> <span class='ocrx_word' id='word_1_360' title='bbox 806 2466 922 2496; x_wconf 85' lang='lat' dir='ltr'><strong>autem</strong></span> <span class='ocrx_word' id='word_1_361' title='bbox 943 2462 1060 2506; x_wconf 83' lang='lat' dir='ltr'><strong>ignem</strong></span> <span class='ocrx_word' id='word_1_362' title='bbox 1084 2464 1207 2497; x_wconf 83' lang='lat' dir='ltr'><strong>subter</strong></span> <span class='ocrx_word' id='word_1_363' title='bbox 1232 2468 1374 2508; x_wconf 87' lang='lat' dir='ltr'><strong>terram,</strong></span> <span class='ocrx_word' id='word_1_364' title='bbox 1401 2462 1619 2508; x_wconf 75' lang='lat' dir='ltr'><strong>persuadere</strong></span> <span class='ocrx_word' id='word_1_365' title='bbox 1636 2460 1708 2498; x_wconf 79' lang='lat' dir='ltr'><strong>tibi</strong></span> 
     </span>
     <span class='ocr_line' id='line_1_37' title="bbox 219 2507 1708 2556; baseline -0.003 -11"><span class='ocrx_word' id='word_1_366' title='bbox 219 2511 327 2545; x_wconf 87' lang='lat' dir='ltr'><strong>debet</strong></span> <span class='ocrx_word' id='word_1_367' title='bbox 353 2509 447 2556; x_wconf 79' lang='lat' dir='ltr'><strong>lgnis</strong></span> <span class='ocrx_word' id='word_1_368' title='bbox 475 2508 600 2555; x_wconf 44' lang='lat' dir='ltr'><strong>qui‘in</strong></span> <span class='ocrx_word' id='word_1_369' title='bbox 628 2507 755 2542; x_wconf 85' lang='lat' dir='ltr'><strong>Sicilia</strong></span> <span class='ocrx_word' id='word_1_370' title='bbox 776 2507 893 2553; x_wconf 86' lang='lat' dir='ltr'><strong>Lycia</strong></span> <span class='ocrx_word' id='word_1_371' title='bbox 927 2509 1077 2554; x_wconf 84' lang='lat' dir='ltr'><strong>aliisque</strong></span> <span class='ocrx_word' id='word_1_372' title='bbox 1101 2509 1189 2544; x_wconf 89' lang='lat' dir='ltr'><strong>locis</strong></span> <span class='ocrx_word' id='word_1_373' title='bbox 1213 2509 1400 2545; x_wconf 84' lang='lat' dir='ltr'><strong>manifesto</strong></span> <span class='ocrx_word' id='word_1_374' title='bbox 1426 2508 1602 2555; x_wconf 80' lang='lat' dir='ltr'><strong>erumpit3</strong></span> <span class='ocrx_word' id='word_1_375' title='bbox 1637 2519 1708 2553; x_wconf 92' lang='lat' dir='ltr'><strong>quo</strong></span> 
     </span>
     <span class='ocr_line' id='line_1_38' title="bbox 219 2554 1710 2602; baseline -0.002 -11"><span class='ocrx_word' id='word_1_376' title='bbox 219 2557 381 2591; x_wconf 89' lang='lat' dir='ltr'><strong>nimirum</strong></span> <span class='ocrx_word' id='word_1_377' title='bbox 404 2560 708 2602; x_wconf 73' lang='lat' dir='ltr'><strong>praemonstratur</strong></span> <span class='ocrx_word' id='word_1_378' title='bbox 730 2554 768 2589; x_wconf 91' lang='lat' dir='ltr'><strong>in</strong></span> <span class='ocrx_word' id='word_1_379' title='bbox 792 2554 969 2590; x_wconf 90' lang='lat' dir='ltr'><strong>horrenda</strong></span> <span class='ocrx_word' id='word_1_380' title='bbox 992 2557 1143 2591; x_wconf 87' lang='lat' dir='ltr'><strong>Geenna</strong></span> <span class='ocrx_word' id='word_1_381' title='bbox 1168 2568 1287 2591; x_wconf 82' lang='lat' dir='ltr'><strong>omnes</strong></span> <span class='ocrx_word' id='word_1_382' title='bbox 1311 2556 1368 2591; x_wconf 90' lang='lat' dir='ltr'><strong>uri</strong></span> <span class='ocrx_word' id='word_1_383' title='bbox 1399 2556 1462 2601; x_wconf 88' lang='lat' dir='ltr'><strong>qui</strong></span> <span class='ocrx_word' id='word_1_384' title='bbox 1492 2555 1609 2600; x_wconf 82' lang='lat' dir='ltr'><strong>ignem</strong></span> <span class='ocrx_word' id='word_1_385' title='bbox 1634 2554 1710 2590; x_wconf 84' lang='lat' dir='ltr'><strong>suis</strong></span> 
     </span>
     <span class='ocr_line' id='line_1_39' title="bbox 220 2599 1711 2647; baseline -0.002 -10"><span class='ocrx_word' id='word_1_386' title='bbox 220 2603 326 2638; x_wconf 85' lang='lat' dir='ltr'><strong>factis</strong></span> <span class='ocrx_word' id='word_1_387' title='bbox 350 2607 566 2637; x_wconf 90' lang='lat' dir='ltr'><strong>meruerunt.</strong></span> <span class='ocrx_word' id='word_1_388' title='bbox 614 2603 659 2636; x_wconf 90' lang='lat' dir='ltr'><strong>de</strong></span> <span class='ocrx_word' id='word_1_389' title='bbox 686 2601 754 2636; x_wconf 90' lang='lat' dir='ltr'><strong>hoc</strong></span> <span class='ocrx_word' id='word_1_390' title='bbox 776 2600 861 2647; x_wconf 84' lang='lat' dir='ltr'><strong>igne</strong></span> <span class='ocrx_word' id='word_1_391' title='bbox 883 2601 988 2637; x_wconf 87' lang='lat' dir='ltr'><strong>etiam</strong></span> <span class='ocrx_word' id='word_1_392' title='bbox 1020 2614 1166 2647; x_wconf 82' lang='lat' dir='ltr'><strong>magnus</strong></span> <span class='ocrx_word' id='word_1_393' title='bbox 1189 2602 1250 2637; x_wconf 89' lang='lat' dir='ltr'><strong>ille</strong></span> <span class='ocrx_word' id='word_1_394' title='bbox 1269 2603 1391 2641; x_wconf 82' lang='lat' dir='ltr'><strong>Moses</strong></span> <span class='ocrx_word' id='word_1_395' title='bbox 1413 2602 1452 2637; x_wconf 86' lang='lat' dir='ltr'><strong>in</strong></span> <span class='ocrx_word' id='word_1_396' title='bbox 1475 2613 1628 2647; x_wconf 87' lang='lat' dir='ltr'><strong>persona</strong></span> <span class='ocrx_word' id='word_1_397' title='bbox 1650 2599 1711 2635; x_wconf 81' lang='lat' dir='ltr'><strong>dei</strong></span> 
     </span>
     <span class='ocr_line' id='line_1_40' title="bbox 222 2645 1709 2694; baseline 0 -12"><span class='ocrx_word' id='word_1_398' title='bbox 222 2649 379 2694; x_wconf 86' lang='lat' dir='ltr'><strong>loquitur</strong></span> <span class='ocrx_word' id='word_1_399' title='bbox 389 2650 513 2694; x_wconf 83' lang='lat' dir='ltr'><strong>(Deut.</strong></span> <span class='ocrx_word' id='word_1_400' title='bbox 524 2649 588 2692; x_wconf 76' lang='lat'><strong>32)</strong></span> <span class='ocrx_word' id='word_1_401' title='bbox 597 2645 757 2683; x_wconf 77' lang='lat' dir='ltr'><strong>“exarsit</strong></span> <span class='ocrx_word' id='word_1_402' title='bbox 779 2647 874 2693; x_wconf 85' lang='lat' dir='ltr'><strong>ignis</strong></span> <span class='ocrx_word' id='word_1_403' title='bbox 892 2660 947 2683; x_wconf 89' lang='lat' dir='ltr'><strong>me</strong></span> <span class='ocrx_word' id='word_1_404' title='bbox 966 2651 1260 2693; x_wconf 82' lang='lat' dir='ltr'><strong>excandescente,</strong></span> <span class='ocrx_word' id='word_1_405' title='bbox 1283 2649 1383 2685; x_wconf 79' lang='lat' dir='ltr'><strong>cuius</strong></span> <span class='ocrx_word' id='word_1_406' title='bbox 1399 2648 1598 2684; x_wconf 81' lang='lat' dir='ltr'><strong>incendium</strong></span> <span class='ocrx_word' id='word_1_407' title='bbox 1624 2658 1709 2694; x_wconf 82' lang='lat' dir='ltr'><strong>per-</strong></span> 
     </span>
     <span class='ocr_line' id='line_1_41' title="bbox 224 2694 1708 2742; baseline -0.001 -13"><span class='ocrx_word' id='word_1_408' title='bbox 224 2694 339 2740; x_wconf 80' lang='lat' dir='ltr'><strong>tinget</strong></span> <span class='ocrx_word' id='word_1_409' title='bbox 350 2707 462 2742; x_wconf 86' lang='lat' dir='ltr'><strong>usque</strong></span> <span class='ocrx_word' id='word_1_410' title='bbox 472 2696 516 2730; x_wconf 86' lang='lat' dir='ltr'><strong>ad</strong></span> <span class='ocrx_word' id='word_1_411' title='bbox 524 2694 644 2729; x_wconf 89' lang='lat' dir='ltr'><strong>infima</strong></span> <span class='ocrx_word' id='word_1_412' title='bbox 655 2695 861 2740; x_wconf 85' lang='lat' dir='ltr'><strong>inferorum,</strong></span> <span class='ocrx_word' id='word_1_413' title='bbox 871 2708 1015 2731; x_wconf 87' lang='lat' dir='ltr'><strong>consum</strong></span> <span class='ocrx_word' id='word_1_414' title='bbox 1027 2701 1064 2731; x_wconf 93' lang='lat' dir='ltr'><strong>et</strong></span> <span class='ocrx_word' id='word_1_415' title='bbox 1072 2700 1202 2732; x_wconf 82' lang='lat' dir='ltr'><strong>terram</strong></span> <span class='ocrx_word' id='word_1_416' title='bbox 1213 2701 1250 2731; x_wconf 82' lang='lat' dir='ltr'><strong>et</strong></span> <span class='ocrx_word' id='word_1_417' title='bbox 1261 2696 1337 2731; x_wconf 84' lang='lat' dir='ltr'><strong>eius</strong></span> <span class='ocrx_word' id='word_1_418' title='bbox 1347 2700 1556 2742; x_wconf 82' lang='lat' dir='ltr'><strong>proventus,</strong></span> <span class='ocrx_word' id='word_1_419' title='bbox 1566 2695 1708 2728; x_wconf 88' lang='lat' dir='ltr'><strong>combu-</strong></span> 
     </span>
     <span class='ocr_line' id='line_1_42' title="bbox 225 2738 1710 2788; baseline -0.001 -13"><span class='ocrx_word' id='word_1_420' title='bbox 225 2746 282 2775; x_wconf 81' lang='lat' dir='ltr'><strong>ret</strong></span> <span class='ocrx_word' id='word_1_421' title='bbox 291 2742 519 2776; x_wconf 84' lang='lat' dir='ltr'><strong>fundamenta</strong></span> <span class='ocrx_word' id='word_1_422' title='bbox 543 2738 748 2776; x_wconf 87' lang='lat' dir='ltr'><strong>montium.”</strong></span> <span class='ocrx_word' id='word_1_423' title='bbox 772 2741 826 2776; x_wconf 84' lang='lat' dir='ltr'><strong>sic</strong></span> <span class='ocrx_word' id='word_1_424' title='bbox 849 2742 955 2777; x_wconf 88' lang='lat' dir='ltr'><strong>etiam</strong></span> <span class='ocrx_word' id='word_1_425' title='bbox 967 2742 1097 2777; x_wconf 85' lang='lat' dir='ltr'><strong>Esaias</strong></span> <span class='ocrx_word' id='word_1_426' title='bbox 1111 2742 1294 2788; x_wconf 80' lang='lat' dir='ltr'><strong>exclamat,</strong></span> <span class='ocrx_word' id='word_1_427' title='bbox 1312 2742 1558 2788; x_wconf 81' lang='lat' dir='ltr'><strong>peccatoribus</strong></span> <span class='ocrx_word' id='word_1_428' title='bbox 1575 2740 1710 2775; x_wconf 86' lang='lat' dir='ltr'><strong>diserte</strong></span> 
     </span>
     <span class='ocr_line' id='line_1_43' title="bbox 225 2786 1710 2845; baseline 0 -25"><span class='ocrx_word' id='word_1_429' title='bbox 225 2787 438 2845; x_wconf 79' lang='lat' dir='ltr'><strong>praedicens</strong></span> <span class='ocrx_word' id='word_1_430' title='bbox 459 2787 758 2833; x_wconf 83' lang='lat' dir='ltr'><strong>inexstinguibilis</strong></span> <span class='ocrx_word' id='word_1_431' title='bbox 781 2787 875 2833; x_wconf 86' lang='lat' dir='ltr'><strong>ignis</strong></span> <span class='ocrx_word' id='word_1_432' title='bbox 893 2801 1027 2834; x_wconf 84' lang='lat' dir='ltr'><strong>poenas</strong></span> <span class='ocrx_word' id='word_1_433' title='bbox 1044 2789 1251 2835; x_wconf 87' lang='lat' dir='ltr'><strong>iampridem</strong></span> <span class='ocrx_word' id='word_1_434' title='bbox 1264 2801 1325 2824; x_wconf 87' lang='lat' dir='ltr'><strong>eos</strong></span> <span class='ocrx_word' id='word_1_435' title='bbox 1338 2787 1510 2824; x_wconf 89' lang='lat' dir='ltr'><strong>manentis</strong></span> <span class='ocrx_word' id='word_1_436' title='bbox 1519 2788 1614 2833; x_wconf 88' lang='lat' dir='ltr'><strong>(cap.</strong></span> <span class='ocrx_word' id='word_1_437' title='bbox 1625 2786 1710 2830; x_wconf 87' lang='lat' dir='ltr'><strong>ult.)</strong></span> 
     </span>
     <span class='ocr_line' id='line_1_44' title="bbox 239 2830 1711 2881; baseline -0.001 -13"><span class='ocrx_word' id='word_1_438' title='bbox 239 2830 353 2879; x_wconf 72' lang='lat' dir='ltr'><strong>‘quis’&#39;</strong></span> <span class='ocrx_word' id='word_1_439' title='bbox 364 2834 479 2878; x_wconf 89' lang='lat' dir='ltr'><strong>inquit</strong></span> <span class='ocrx_word' id='word_1_440' title='bbox 487 2831 614 2870; x_wconf 78' lang='lat' dir='ltr'><strong>“vobis</strong></span> <span class='ocrx_word' id='word_1_441' title='bbox 627 2835 804 2871; x_wconf 70' lang='lat' dir='ltr'><strong>nuntiabit</strong></span> <span class='ocrx_word' id='word_1_442' title='bbox 814 2835 931 2880; x_wconf 84' lang='lat' dir='ltr'><strong>ignem</strong></span> <span class='ocrx_word' id='word_1_443' title='bbox 943 2835 1011 2871; x_wconf 85' lang='lat' dir='ltr'><strong>iam</strong></span> <span class='ocrx_word' id='word_1_444' title='bbox 1021 2836 1148 2871; x_wconf 84' lang='lat' dir='ltr'><strong>ardere</strong></span> <span class='ocrx_word' id='word_1_445' title='bbox 1160 2837 1179 2870; x_wconf 72' lang='lat'><strong><em>2</em></strong></span> <span class='ocrx_word' id='word_1_446' title='bbox 1201 2835 1280 2881; x_wconf 87' lang='lat' dir='ltr'><strong>quis</strong></span> <span class='ocrx_word' id='word_1_447' title='bbox 1292 2835 1394 2870; x_wconf 87' lang='lat' dir='ltr'><strong>vobis</strong></span> <span class='ocrx_word' id='word_1_448' title='bbox 1406 2835 1711 2874; x_wconf 36' lang='lat' dir='ltr'><strong>locum-aeternum</strong></span> 
     </span>
     <span class='ocr_line' id='line_1_45' title="bbox 229 2880 1710 2930; baseline -0.002 -13"><span class='ocrx_word' id='word_1_449' title='bbox 229 2880 515 2917; x_wconf 68' lang='lat' dir='ltr'><strong>demonstrabit?</strong></span> <span class='ocrx_word' id='word_1_450' title='bbox 556 2881 732 2923; x_wconf 78' lang='lat' dir='ltr'><strong>ambulate</strong></span> <span class='ocrx_word' id='word_1_451' title='bbox 752 2881 790 2917; x_wconf 88' lang='lat' dir='ltr'><strong>in</strong></span> <span class='ocrx_word' id='word_1_452' title='bbox 811 2881 942 2925; x_wconf 81' lang='lat' dir='ltr'><strong>lumine</strong></span> <span class='ocrx_word' id='word_1_453' title='bbox 964 2882 1060 2930; x_wconf 74' lang='lat' dir='ltr'><strong>ignis</strong></span> <span class='ocrx_word' id='word_1_454' title='bbox 1080 2882 1204 2928; x_wconf 70' lang='lat' dir='ltr'><strong>vestri,</strong></span> <span class='ocrx_word' id='word_1_455' title='bbox 1232 2887 1271 2918; x_wconf 87' lang='lat' dir='ltr'><strong>et</strong></span> <span class='ocrx_word' id='word_1_456' title='bbox 1292 2883 1432 2919; x_wconf 85' lang='lat' dir='ltr'><strong>flamma</strong></span> <span class='ocrx_word' id='word_1_457' title='bbox 1453 2892 1558 2928; x_wconf 84' lang='lat' dir='ltr'><strong>quam</strong></span> <span class='ocrx_word' id='word_1_458' title='bbox 1581 2892 1710 2916; x_wconf 88' lang='lat' dir='ltr'><strong>conce—</strong></span> 
     </span>
    </p>
   </div>
  </div>
 </body>
</html>
