1742 3184
230 194 328 244 186
704 193 942 240 GEORGII
979 193 1223 239 CEDRENI

225 308 368 370 σάφατ
386 311 454 354 καὶ
473 315 552 355 τῶν
572 310 664 367 μετ’
689 309 815 355 αὗτὸν
835 309 1046 366 ΖΙῖῐιχαίας,
1075 310 1243 364 Ἠλίας,
1274 309 1499 366 Ἐλισαΐος,
1518 308 1698 366 Ἄβόίου.

226 382 291 439 ἐπὶ
322 382 368 424 δὲ
393 382 509 437 Ἰηοῦ
536 379 707 436 Ὄζιήλ,
750 379 976 438 Ἐλεάζαρ,
1013 381 1214 438 Ἀζαρίας.
1282 381 1345 424 ἐπὶ
1366 381 1411 423 δὲ
1423 381 1606 433 Ἐζεκίου
1630 382 1699 423 καὶ

226 455 309 495 τῶν
329 451 420 506 μετ’
448 450 570 494 αὐτὸν
587 451 734 506 Ὠσηὲ,
754 448 897 504 ’Ἀμώς
904 481 918 502 ,
948 450 1148 503 Ἠσα”ί“ας,
1178 449 1339 501 Ἰωνᾶς.
1385 450 1450 493 ἐπὶ
1470 451 1515 492 δὲ
1530 450 1697 493 Ἰωσίου

227 522 295 564 καὶ
318 524 398 563 τῶν
413 520 506 576 μετ’
531 518 888 577 αὖτὸνἽερεμίας,
924 520 1150 577 Σοφονίας,
1180 518 1344 572 Ὂλδά,
1379 517 1564 577 Βαροῦχ.
1633 520 1696 561 ἐπὶ

228 590 419 633 Σεδεκίου
445 588 668 647 Ἱερεμίας,
708 587 934 644 Ἀβακοῦμ.
1009 589 1113 644 μετὰ
1147 589 1191 632 δὲ
1219 588 1294 645 τὴν
1322 590 1602 645 αι’χμαλωσιάν
1631 590 1730 632 ἒπὶό

223 658 365 715 Ἰησοῦ
382 659 566 716 Ἀγγαῖος
582 661 648 702 καὶ
668 659 894 715 Ζαχαρίας.
929 658 1090 715 Δανιὴλ
1110 661 1177 701 καὶ
1193 659 1388 716 Ἰεζεκιὴλ
1410 659 1452 702 ἐν
1472 663 1523 716 τῇ
1544 660 1696 714 αι’χμα·

227 730 357 790 λωσιά
380 730 422 771 ἓν
443 731 662 783 Βαβυλῶνι
686 726 1006 786 προεφήτευσαν.

84 810 114 846 Ρ
139 811 206 847 106
359 796 575 856 Ἰωσάφατ
590 796 669 841 ὕπὸ
683 798 897 840 Ἐλισαίου
913 798 1103 855 χρισθεὶς
1124 798 1181 849 εἷς
1195 796 1368 852 βασιλέα
1388 796 1450 840 ἐπὶ
1464 797 1700 853 Σαμαρείας

227 864 359 911 πάντα
391 871 465 910 τοῦ
489 867 647 923 Ἀχαὰβ
679 867 751 911 τὸν
786 865 895 910 οἶκον
925 865 1218 925 ἐτιμωρήσατο.
1287 866 1411 910 αὐτὸν
1435 864 1607 923 μὲνγὰρ
1626 865 1698 908 τὸν

226 936 399 992 βασιλέα
417 937 576 994 Ἰωρὰμ
599 935 896 988 κατατοξεύσας
919 937 1094 993 ἀναιρεῖ,
1141 941 1309 994 κρημνῷ
1341 937 1386 978 δὲ
1412 934 1596 989 Ἰεζάβελ
1623 934 1697 988 τὴν
1710 939 1742 974 1(

227 1004 373 1049 τούτου
394 1008 670 1064 διαχειρίζεται
686 1007 856 1064 μητέρα.
926 1008 992 1049 καὶ
1010 1004 1031 1050 ὅ
1052 1011 1125 1049 τοῦ
1138 1006 1297 1061 Ἀχαὰβ
1314 1005 1430 1056 υἱοὺς
1448 1002 1699 1062 διαχειρισά-

228 1093 349 1132 μενος
370 1074 602 1134 προύθηκεν
623 1078 756 1120 αὐτῶν
786 1078 848 1119 ἐπὶ
874 1075 949 1127 τὰς
976 1074 1182 1128 διεξόδους
1205 1076 1279 1127 τὰς
1300 1073 1494 1133 κεφαλάς.
1563 1074 1698 1117 ἔπειτα

229 1146 465 1202 συναγαγὼν
487 1144 642 1198 πάντας
657 1146 754 1197 τοὺς
771 1151 844 1189 τοῦ
865 1144 988 1207 ,Βάαλ
1009 1144 1226 1205 προφήτας
1245 1147 1312 1188 καὶ
1333 1146 1462 1203 ἱερεῖς,
1499 1145 1700 1200 δημοτελῆ

229 1216 382 1258 θυσίαν
413 1217 602 1259 ἐπιτελεῖν
629 1213 1006 1274 προσποιησάμενος
1015 1248 1028 1269 ,
1063 1213 1218 1266 πάντας
1247 1213 1324 1272 ὑφ’
1356 1212 1401 1258 ἓν
1431 1212 1699 1271 ἀποσφάττει,

228 1287 296 1327 καὶ
318 1285 364 1328 τὸ
386 1287 585 1330 εῗδωλεῖον
606 1283 879 1329 κατασκάπτει
901 1288 967 1328 καὶ
985 1289 1168 1347 καθιστζὶ
1188 1283 1397 1343 λῦτρωμα.
1466 1284 1697 1339 ἐβασίλευσε
1710 1292 1742 1328 1ξ

228 1355 272 1398 δὲ
290 1353 356 1411 ἴτη
375 1353 452 1412 κη’.

359 1424 485 1476 Ἰωάς
512 1423 809 1478 υἶόςὊχοζίου
830 1422 1034 1479 βασιλεύει
1065 1422 1157 1480 μετ’
1193 1422 1316 1466 αὐτὸν
1348 1421 1417 1478 ἔτη
1448 1420 1512 1474 ις’.
1581 1416 1700 1474 οὗτος

172 1500 202 1537 Β
225 1493 299 1550 τὴν
318 1495 361 1536 Γ
357 1493 529 1537 οθολιὰν
560 1494 726 1536 ἀνεῖλεν.
797 1495 860 1537 ἐπὶ
881 1493 1028 1538 τούτου
1058 1491 1257 1551 ἷεράτευεν
1271 1493 1445 1545 Ἰωδαὲ,
1481 1490 1605 1548 ζήσας
1629 1492 1698 1548 ἔτη

226 1561 304 1622 ρλ’.
372 1564 614 1620 σημειωτέον
653 1561 714 1606 ὅτι
752 1568 896 1606 τοῦτον
930 1559 1048 1616 οὗτος
1077 1564 1260 1622 φαίνεται
1289 1561 1414 1617 μόνος
1442 1560 1600 1617 βιώσας
1628 1561 1699 1605 τὸν

222 1631 370 1691 χρόνον
385 1633 489 1688 μετὰ
510 1636 714 1688 Μωὶἱσῆν.
1707 1642 1742 1678 2(

364 1706 440 1760 Τῷ
474 1701 607 1761 ‘eimau'
639 1701 716 1746 ἔτει
744 1706 817 1745 τοῦ
846 1699 1001 1757 κόσμου
1039 1699 1253 1760 προφήτης
1276 1701 1488 1753 Ἔλισαῖος
1517 1704 1698 1762 τελευτᾷ,

224 1773 292 1814 καὶ
311 1769 543 1816 θάπτουσιν
564 1769 701 1816 αὐτόν.
769 1770 863 1827 μετ’
895 1772 943 1815 οὗ
964 1771 1071 1815 πολὺ
1095 1772 1139 1815 δὲ
1157 1769 1378 1828 μονόζωνοι
1401 1770 1549 1826 111ωὰβ
1568 1766 1700 1828 ἦλθον

317 1948 360 1984 11
386 1945 436 1994 o‘]
457 1946 578 1991 τούςῒ
729 1948 773 1986 15
796 1948 993 1995 λυτρῶνα7

227 2106 489 2144 successoribus
503 2108 697 2154 Michaeas,
714 2108 828 2155 Elias,
851 2109 1030 2155 Elisaeus,
1052 2109 1199 2157 Abdius,
1223 2111 1287 2146 sub
1301 2109 1390 2146 Iehu
1406 2109 1563 2157 Ozielus,
1586 2110 1697 2147 Elea-

226 2166 352 2201 zarus,
377 2155 536 2191 Azarias.
581 2155 740 2192 Ezechia
761 2162 931 2202 regnante
954 2169 996 2192 ac
1020 2157 1185 2204 deinceps
1207 2158 1338 2203 Oseas,
1363 2158 1531 2202 Amosus,
1553 2157 1698 2204 Esaias,

223 2204 343 2238 Ionas.
390 2202 508 2238 Iosiae
540 2208 658 2238 aetate
688 2215 731 2238 ac
761 2209 844 2249 post
871 2203 1060 2248 Ieremias,
1097 2205 1320 2250 Sophonias,
1345 2204 1478 2251 oldas,
1501 2206 1697 2241 Baruchus.

223 2249 396 2285 Sedeeiae
420 2261 530 2296 regno
549 2250 729 2296 Ieremias,
752 2251 949 2288 Abacucus.
996 2255 1078 2298 post
1101 2251 1258 2286 exsilium
1282 2252 1346 2287 sub
1369 2252 1452 2286 Iesu
1473 2252 1637 2297 Aggaeus
1662 2257 1699 2288 et

224 2296 430 2332 Zacharias.
477 2296 646 2332 Danielus
672 2297 954 2343 Ezechielusque
984 2297 1021 2333 in
1052 2297 1130 2345 ipso
1159 2298 1284 2334 exsilio
1303 2298 1490 2345 Babylone
1512 2298 1698 2334 vaticinati

221 2349 318 2379 sunt.

318 2388 500 2435 Iosaphati
525 2390 572 2426 F.
604 2392 648 2426 ab
679 2390 825 2425 Elisaeo
857 2402 959 2426 sacra
993 2390 1159 2426 unctione
1189 2404 1299 2437 regno
1323 2391 1504 2427 Samariae
1534 2391 1699 2427 inunctus

225 2439 334 2472 totam
364 2436 500 2471 Achabi
529 2437 694 2472 familiam
725 2437 817 2472 ultus
850 2442 917 2472 est.
964 2449 1041 2472 nam
1074 2444 1111 2473 et
1134 2440 1305 2474 Ioramum
1338 2438 1414 2473 eius
1441 2438 1551 2474 filium
1579 2450 1699 2483 regem

225 2484 356 2528 sagitta
386 2483 585 2529 interfecit,
619 2490 657 2520 et
686 2484 787 2519 huius
814 2490 958 2525 matrem
981 2485 1176 2520 Iezabelam
1199 2485 1469 2531 praecipitavit,
1501 2491 1539 2520 et
1562 2484 1699 2520 Achabi

226 2530 319 2564 filios
343 2542 419 2564 cum
443 2536 625 2577 necasset,
663 2542 782 2566 eorum
815 2530 931 2578 capita
955 2530 991 2565 in
1013 2531 1120 2566 biviis
1145 2532 1323 2578 exposuit.
1369 2532 1454 2567 inde
1475 2531 1634 2566 simulato
1658 2544 1698 2566 se

225 2575 370 2610 solenne
392 2577 602 2612 sacrificium
625 2583 869 2624 peracturum,
901 2577 1086 2613 universos
1106 2579 1224 2614 Baalis
1247 2584 1349 2614 vates
1367 2584 1474 2624 atque
1496 2580 1699 2614 sacerdotes

227 2623 406 2666 conduxit,
434 2629 539 2669 atque
560 2626 604 2660 ad
627 2636 731 2660 unum
752 2636 869 2659 omnes
891 2625 1081 2670 iugulavit,
1107 2627 1295 2671 fanumque
1317 2625 1495 2661 simulacri
1514 2624 1700 2660 demolitus

226 2667 262 2702 in
280 2668 439 2704 latrinam
464 2672 652 2707 convertit.
696 2671 862 2717 regnavit
884 2683 994 2706 annos
1017 2672 1290 2718 duodetriginta.

319 2716 400 2749 Ioas
423 2716 601 2753 ochoziae
621 2718 714 2754 filius
732 2722 815 2766 post
833 2729 911 2753 eum
929 2731 1039 2754 annos
1059 2720 1225 2755 sedecim.
1271 2718 1302 2753 is
1322 2716 1522 2753 Gotholiam
1542 2715 1696 2751 necavit.

227 2760 296 2794 hoc
327 2768 496 2806 regnante
527 2764 652 2800 Iodaas
683 2765 917 2810 sacrificavit,
949 2777 1059 2801 annos
1090 2772 1192 2802 natus
1227 2766 1306 2801 130.
1354 2770 1480 2811 estque
1508 2763 1696 2799 notandum

227 2807 320 2842 hunc
343 2808 451 2842 solum
474 2810 519 2843 ad
538 2814 670 2847 tantam
694 2817 845 2847 aetatem
888 2812 1069 2848 ervenisse
1090 2819 1173 2859 post
1193 2812 1343 2848 Mosam.

320 2853 420 2889 Anno
444 2857 561 2890 mundi
584 2858 674 2894 4648
707 2864 809 2894 vates
831 2859 995 2895 nisaeus
1024 2859 1171 2895 moritur
1193 2871 1235 2894 ac
1257 2857 1440 2904 sepelitur.
1487 2856 1592 2904 paulo
1615 2856 1699 2909 post

228 2901 424 2947 praedones
447 2901 604 2940 Moabici
626 2905 664 2940 in
685 2909 815 2942 terram
837 2906 1038 2944 Israelieam
1061 2905 1327 2954 impressionem
1349 2903 1497 2951 faciunt,
1519 2915 1563 2940 ac
1585 2902 1695 2938 honu-
