1742 3184
243 151 350 203 462
729 151 972 200 GEORGII·
999 151 1249 198 CEDRENI

244 271 313 315 καὶ
333 266 387 314 τὰ
403 270 574 312 τοιαῦτα
593 265 850 327 σοφιζόμενοι
859 299 873 321 ,
907 268 976 312 καὶ
994 269 1086 327 περὶ
1105 266 1153 312 τὸ
1169 265 1430 327 παράδειγμα
1451 273 1726 328 κακουργοῦν-

242 356 333 392 τες,
381 340 438 390 εἷς
468 336 681 398 ἀφύκτους
706 340 777 382 καὶ
812 335 1116 391 ἀδιεξοδεῦτους
1152 337 1495 384 καταπεπτῶκασι
1532 340 1729 399 λαβυρίν-

241 413 362 461 θους.

375 476 551 533 Ἀμέλει
579 476 627 533 γε’
654 493 717 519 τοι
749 476 817 518 καὶ
850 474 1117 535 Θεοδώρητος
1147 474 1226 535 ἔφη
1252 477 1344 534 περὶ
1371 474 1528 521 τούτων
1552 479 1622 521 καὶ
1647 483 1730 522 τῶν

183 556 217 591 C
244 545 439 592 τοιούτων
456 547 627 590 ἀνοσίων
649 544 792 597 οὕτως.
855 543 965 590 “εῗσὶ
982 548 1119 602 μέντοι
1138 547 1186 603 γε’
1200 561 1305 598 τινες
1324 546 1371 589 οἳ
1383 548 1451 590 καὶ
1467 549 1742 606 Χριστιανῶν

241 619 317 675 μὲν
340 618 617 676 προσηγορίαν
649 614 823 670 ἔχουσιν,
860 613 1049 674 ἄντικρυς
1071 617 1119 661 δὲ
1136 623 1222 668 τοῖς
1240 621 1314 672 τῆς
1336 615 1534 672 ἀληθείας
1552 615 1731 674 δόγμασι

240 691 500 746 πολεμοῦσιν.
571 685 612 728 οἱ
639 685 713 740 μὲν
742 685 821 744 γὰρ
849 685 896 729 τὸ
921 686 1135 743 ἀγέννητον
1156 688 1213 738 εἷς
1230 687 1324 743 τρία
1344 686 1556 741 τέμνουσι,
1592 689 1662 729 καὶ
1682 687 1730 730 τὸ

240 758 316 814 μὲν
336 759 530 798 καλοῦσιν
552 755 715 812 ἀγαθὸν
736 755 783 797 τὸ
806 755 851 798 δὲ
869 756 994 798 κακὸν
1015 756 1061 799 τὸ
1082 756 1126 798 δὲ
1146 757 1328 799 δίκαιον·
1372 756 1411 798 οῖ
1434 755 1479 799 δὲ
1502 754 1577 799 δύο
1600 755 1732 815 ἀρχὰς

241 824 483 882 ἄγεννήτους
507 826 783 883 ζωγραφοῦσι,
806 828 865 884 τῷ
884 823 993 884 λόγῳ
1014 825 1212 881 ἀλλήλαις
1228 825 1410 877 ἐναντίας
1429 826 1475 868 ἐκ
1495 826 1731 883 διαμέτρου.

240 895 360 938 ἄλλοι
392 895 436 937 δὲ
464 901 549 945 τοῖς
571 896 645 950 μὲν
665 894 830 949 ἀσεβέσι
852 893 1013 946 τούτοις
1032 899 1221 950 πολεμεῖν
1241 895 1553 952 ἐπαγγέλλονται
1574 894 1730 952 δόγμα-

241 981 320 1017 σιν,
356 962 496 1021 ἕτέραν
519 965 564 1007 δὲ
586 961 826 1018 δυσσεβείας
848 964 1075 1008 ἐπινοοῦσιν
1095 962 1214 1006 ὁδόν·
1248 964 1320 1006 τὸν
1337 963 1417 1021 γὰρ
1436 968 1511 1006 τοῦ
1529 968 1634 1008 θεοῦ
1652 982 1733 1020 μο-

241 1038 382 1091 νογενῆ
401 1031 520 1090 λόγον
537 1032 829 1090 ὁμολογοῦντες
845 1034 936 1075 υἱὸν
955 1031 1011 1083 ὥς
1023 1033 1179 1088 ποιήμα
1199 1035 1251 1090 τῇ
1269 1033 1394 1076 κτίσει
1410 1037 1732 1091 συναριθμοῦσι,

242 1105 311 1147 καὶ
330 1103 401 1146 τὸν
418 1105 583 1159 κτίστην
603 1103 745 1146 ἱστῶσι
768 1101 873 1157 μετὰ
889 1107 962 1158 τῆς
979 1103 1166 1155 κτίσεως,
1201 1103 1270 1145 καὶ
1290 1102 1336 1144 τὸ
1361 1100 1476 1158 ἅγιον
1496 1107 1655 1157 πνεῦμα
1673 1107 1732 1162 τῷ

187 1182 220 1219 D
246 1175 441 1228 δυσσεβεῖ
452 1171 559 1231 λόγῳ
581 1176 654 1227 τῆς
672 1173 791 1222 θείας
811 1172 1032 1227 ἐξορίζουσι
1056 1171 1230 1229 φύσεως.
1301 1170 1419 1214 ἄλλοι
1442 1172 1486 1214 δὲ
1506 1171 1643 1223 ἄλλως
1659 1171 1734 1227 τὴν

241 1243 404 1286 εὐθεῖαν
427 1240 523 1284 ὁδὸν
545 1241 816 1291 ἀπολέσαντες
837 1242 904 1283 καὶ
922 1247 1007 1292 τοῖς
1027 1245 1108 1284 τῶν
1126 1238 1444 1298 προωδευκότων
1464 1241 1613 1296 ἴχνεσιν
1633 1241 1734 1284 ἀκο-

240 1315 451 1367 λουθῆσαι
472 1310 530 1366 μὴ
555 1311 830 1366 βουληθέντες
850 1308 993 1369 πόρρω
1019 1328 1098 1354 που
1120 1315 1192 1366 τῆς
1216 1311 1416 1366 ἀληθείας
1435 1311 1629 1367 ἐγένοντο,
1664 1313 1734 1354 καὶ

238 1381 279 1424 ὁὶ
298 1382 382 1442 μὲνῖ
400 1381 475 1436 τὴν
502 1378 604 1438 ὑπὲρ
634 1378 751 1435 ὑμῶν
778 1380 1042 1437 γεγενημένην
1066 1381 1300 1436 οἲκονομίαν
1318 1384 1525 1432 παντελῶς
1548 1379 1736 1439 ἀπηρνή-

238 1468 380 1504 σαντο,
410 1451 449 1493 οἱ
469 1451 514 1493 δὲ
537 1449 782 1507 ὁμολογοῦσι
802 1450 877 1504 μὲν
898 1452 1214 1508 ἒνανθρωπῆσαι
1235 1449 1307 1493 τὸν
1325 1449 1426 1493 θεὸν
1446 1449 1581 1507 λόγον,
1611 1453 1735 1506 σῶμα

239 1522 287 1564 δὲ
305 1519 432 1576 μόνον
454 1520 736 1578 ἀνειληφέναι,
786 1520 825 1562 οἱ
845 1520 889 1562 δὲ
911 1519 1099 1575 ἔμψυχον
1118 1520 1193 1576 μὲν
1215 1522 1387 1563 καλοῦσι
1406 1519 1479 1576 τὴν
1501 1524 1736 1579 ληφθεῖσαν

237 1589 390 1649 σάρκα,
417 1590 464 1634 οὗ
483 1589 567 1645 μὴν
589 1590 754 1646 λογικὴν
774 1590 819 1632 δὲ
840 1591 908 1632 καὶ
929 1589 1075 1647 νοερὰν
1097 1591 1139 1632 ἓν
1161 1587 1290 1646 ταύτῃ
1312 1593 1558 1646 γεγενῆσθαι
1577 1588 1733 1646 ψυχήν,

239 1660 340 1711 ἴσως
358 1659 433 1716 τὴν
462 1660 612 1702 οἰκείαν
643 1658 785 1701 ἄνοιαν
804 1658 950 1702 τούτου
975 1658 1193 1717 τεκμήριον
1217 1658 1386 1713 ἔχοντες.
1453 1657 1571 1715 ἡμεῖς
1596 1661 1641 1703 δὲ
1660 1660 1731 1702 ἆν-

239 1728 415 1788 θρώπου
448 1728 591 1784 ψυχὴν
623 1728 818 1783 οὐδεμίαν
849 1728 965 1784 ἴσμεν
988 1726 1129 1786 ἑτέραν
1150 1726 1175 1783 ἢ
1199 1728 1273 1783 τὴν
1297 1726 1461 1784 λογικὴν
1481 1730 1550 1771 καὶ
1569 1727 1735 1773 ἀθάνα-ι·

93 1807 123 1843 Ρ
147 1807 217 1845 264
240 1816 326 1842 τον.
395 1800 465 1841 καὶ
497 1797 615 1840 ἄλλοι
640 1797 715 1853 μὲν
743 1795 866 1840 πάλιν
896 1799 954 1848 εἷς
976 1795 1049 1840 δύο
1073 1797 1144 1840 τὸν
1164 1797 1234 1839 ἕνα
1255 1797 1442 1856 Χριστὸν
1462 1799 1736 1855 διατέμνουσι,

243 1931 339 1968 modi
361 1928 532 1977 captiosis
555 1932 703 1966 utuntur
721 1927 1004 1975 ratiocinatibus,
1029 1928 1294 1976 exemplumque
1314 1930 1536 1977 propositum
1554 1931 1646 1966 mala
1664 1932 1737 1968 fide

241 1982 491 2026 pervertentes
520 1976 829 2012 inextricabilibus
860 1981 897 2012 et
927 1976 1060 2012 exitum
1093 1988 1164 2012 non
1187 1976 1402 2012 habentibus
1425 1989 1507 2013 sese
1528 1977 1736 2015 insinuave-

242 2029 327 2061 runt
346 2023 576 2070 labyrinthis.
1728 2024 1731 2027 ’

336 2072 392 2107 De
414 2071 469 2106 his
494 2075 531 2106 et
556 2081 677 2105 eorum
699 2069 868 2105 similibus
895 2068 1014 2115 impiis
1040 2069 1221 2104 erroribus
1244 2069 1296 2104 ita
1318 2069 1446 2105 scribit
1469 2068 1736 2109 Theodoretus.

242 2122 327 2155 sunt
349 2118 502 2165 quidem,
527 2117 663 2163 inquit,
699 2116 855 2151 nonnulli
878 2116 984 2151 etiam
1009 2116 1150 2151 nomine
1174 2116 1390 2162 Christiani,
1416 2116 1478 2163 qui
1501 2117 1616 2164 palam
1637 2118 1737 2153 veri-

242 2170 351 2201 tatem
371 2170 592 2212 oppugnant.
641 2164 764 2198 horum
789 2163 850 2198 alii
868 2163 906 2198 id
930 2164 1027 2209 quod
1048 2163 1204 2209 genitum
1227 2175 1297 2198 non
1321 2169 1397 2208 est,
1421 2163 1460 2198 in
1483 2164 1554 2199 tria
1577 2165 1737 2210 partium·

241 2216 319 2258 tur,
355 2211 394 2246 in
424 2214 553 2247 bonum
586 2210 712 2246 malum
737 2215 774 2245 et
796 2210 940 2248 iustum.
990 2210 1051 2245 alii
1074 2211 1144 2246 duo
1168 2221 1344 2256 nunquam
1367 2214 1452 2245 nata
1472 2210 1652 2258 principia
1673 2212 1739 2247 dea·

240 2258 415 2306 pingunt,
449 2259 602 2294 invicem
625 2269 728 2304 quam
751 2257 900 2292 maxime
918 2257 1110 2292 contraria.
1159 2257 1233 2302 alii,
1259 2256 1320 2303 qui
1344 2269 1385 2292 se
1406 2257 1525 2304 impiis
1551 2257 1631 2293 istis
1656 2257 1737 2305 opi'-

241 2306 411 2341 nionibus
429 2304 613 2340 adversari
632 2305 865 2351 profitentur,
901 2303 1004 2338 aliam
1028 2303 1224 2351 impietatis
1247 2304 1344 2339 viam
1366 2303 1632 2349 ingrediuntur:
1656 2304 1737 2339 uni-

244 2352 403 2398 genitum
435 2353 528 2387 enim
563 2351 622 2386 dei
653 2353 801 2387 verbum
833 2361 910 2385 cum
941 2351 1122 2386 fateantur
1147 2362 1226 2386 esse
1248 2350 1380 2396 filium,
1415 2358 1581 2396 tanquam
1606 2352 1738 2387 factum

244 2399 418 2434 creaturis
443 2402 698 2444 annumerant,
724 2398 832 2443 inque
858 2408 976 2433 earum
1001 2398 1159 2432 ordinem
1184 2397 1400 2432 conditorem
1425 2397 1605 2443 redigunt.
1653 2410 1739 2433 san-

243 2451 338 2481 ctum
369 2457 511 2492 quoque
542 2445 707 2492 spiritum
741 2444 849 2490 impio
881 2456 1043 2479 sermone
1073 2444 1197 2479 divina
1229 2443 1464 2479 exterminant
1487 2449 1627 2479 natura.
1677 2443 1737 2480 alii

244 2492 314 2526 alio
341 2504 362 2527 a
386 2501 486 2528 recto
510 2493 641 2527 itinere
666 2491 907 2534 divertentes,
943 2492 1024 2526 dum
1055 2491 1221 2537 vestigiis
1254 2496 1537 2536 antegressorum
1570 2490 1738 2527 insistere

243 2539 463 2584 detrectant,
497 2539 603 2584 longe
637 2550 658 2573 a
687 2538 842 2574 veritate
871 2539 1141 2573 aberraverunt.
1192 2548 1311 2572 eorum
1343 2537 1502 2572 nonnulli
1533 2537 1669 2573 Christi
1699 2538 1737 2573 in·

244 2596 352 2620 carne
373 2586 672 2633 dispensationem
696 2597 762 2631 pro
786 2583 890 2619 nobis
912 2585 1041 2620 factam
1062 2596 1208 2630 prorsus
1230 2583 1442 2621 infitiantur.
1492 2584 1635 2630 quidam
1652 2596 1737 2620 ver-

246 2631 327 2665 bum
350 2632 387 2666 in
411 2645 552 2668 carnem
583 2632 726 2667 venisse
755 2633 915 2667 fatentur
944 2631 973 2665 ii
1003 2632 1164 2677 quidem,
1201 2631 1266 2666 sed
1294 2632 1339 2665 ab
1373 2641 1414 2665 eo
1446 2634 1583 2666 tantum
1607 2635 1735 2677 corpus

245 2677 359 2712 fuisse
388 2684 602 2725 assumptum
626 2680 855 2714 contendunt.
902 2682 984 2713 sunt
1020 2678 1094 2724 qui·
1118 2689 1259 2712 carnem
1294 2688 1370 2711 eam
1403 2676 1591 2713 animatam
1625 2678 1738 2713 fuisse

245 2725 461 2771 concedant,
495 2727 560 2761 sed
594 2726 742 2761 animam
777 2729 893 2760 mente
920 2726 1119 2771 praeditam
1151 2724 1263 2759 fuisse
1287 2728 1438 2770 negent,
1475 2735 1560 2760 suae
1583 2725 1738 2759 fortasse

246 2771 421 2805 amentiae
443 2778 649 2818 argumento
675 2773 831 2808 adducti.
880 2783 945 2806 nos
976 2783 1062 2807 vero
1097 2771 1224 2806 nullam
1258 2770 1360 2805 aliam
1390 2770 1541 2806 hominis
1574 2771 1737 2806 novimus

247 2816 394 2851 animam
419 2830 521 2864 quam
543 2819 683 2854 ratione
700 2820 898 2866 praeditam
922 2822 959 2853 et
980 2818 1223 2854 immortalem.
1245 2828 1368 2853 rursus
1392 2816 1453 2852 alii
1472 2818 1611 2853 unicum
1630 2817 1738 2851 Chri-

248 2867 341 2898 stum
372 2862 412 2899 in
442 2865 532 2902 duos
565 2867 764 2915 dissecant,
795 2865 1085 2914 contenduntque
1115 2865 1223 2902 alium
1258 2876 1339 2901 esse
1371 2874 1450 2901 eum
1482 2864 1545 2912 qui
1577 2864 1738 2911 perfecte
