1742 3184
205 177 306 224 326
682 175 758 222 GE
764 174 927 223 oRGn
955 175 1203 221 CEDRENI

328 288 420 335 “Ort
437 288 620 346 Ἰωακεῖμ
639 288 716 335 ξ’τει
733 288 775 334 π’
793 294 980 351 τελευτᾷ,
1023 288 1049 347 ἦ
1073 290 1118 333 δὲ
1132 289 1254 334 ’Ἀννα
1275 286 1359 333 σθ’.
1426 275 1668 340 ἦθέθῖόκθς

202 361 248 404 δὲ
264 358 336 403 ὑπ’
358 359 492 403 αὐτῶν
514 361 763 417 τριετίζουσα
782 357 955 416 εἰσήχθη
978 361 1035 411 εἷς
1055 358 1127 403 τὸν
1144 358 1244 403 ναὸν
1263 360 1427 417 κυρίου,
1463 353 1604 399 ἕνδεκα
1624 357 1669 400 δὲ

201 429 389 487 γενομένη
407 430 507 473 ἐτῶν
527 429 843 488 ἀπωρφανίσθη.
917 427 1010 473 οὐδ’
1031 427 1137 480 ὅλως
1156 430 1200 472 δὲ
1219 427 1322 486 ἐξῄει
1341 430 1415 471 τοῦ
1433 428 1548 478 ναοῦ,
1578 425 1666 469 ἀλλ’

203 501 238 542 εἷ
260 501 326 542 καὶ
343 500 483 556 χρείαν
504 496 585 554 εἶχέ
602 516 730 551 τινος,
766 499 822 550 εἲς
841 496 970 555 μόνην
991 496 1111 556 ἀπῄει
1127 498 1200 554 τὴν
1215 497 1428 551 Ἔλισαβὲτ
1449 492 1505 546 ὥς
1525 512 1667 552 συγγε-

201 570 293 611 νίδα
324 570 390 610 καὶ
412 569 581 623 πλησίον
601 572 675 611 τοῦ
701 572 801 611 ναοῦ
822 568 1025 612 οἰκοῦσαν.
1093 567 1147 612 τὰ
1164 567 1301 622 μέντοι
1315 564 1513 624 Ἑβραϊκὰ
1535 563 1703 623 γράμ-5
1737 587 1740 589 “

179 628 180 631 ¹
200 655 313 692 ματα
334 636 391 680 ἔτι
414 638 561 689 ζῶντος
581 642 655 679 τοῦ
673 637 857 692 Ἰωακεὶμ
880 636 1048 692 ἔζιιαθεν.
1116 636 1400 694 ἀφωρισμένος
1419 635 1463 678 δὲ
1481 628 1531 690 ἦν
1548 633 1671 686 τόπος

148 711 181 746 D
205 707 247 750 ἓν
268 710 327 766 τῷ
348 710 434 764 ναῷ
454 706 624 762 πλησίον
646 711 718 750 τοῦ
740 708 1038 765 θυσιαστηρίου
1062 704 1166 749 ἔνθα
1180 704 1304 761 μόναι
1319 706 1485 748 ἵσταντο
1505 704 1548 746 αἶ
1564 721 1672 762 παρ-

199 776 337 819 θὲνοι·
371 776 441 818 καὶ
470 775 514 818 αἱ
539 775 614 830 μὲν
647 774 768 819 ἄλλαι
795 776 898 831 μετὰ
928 775 1001 832 τὴν
1031 773 1226 819 ἀπόλυσιν
1249 772 1430 833 ἀπῄεσαν
1452 773 1556 832 πρὸς
1576 773 1674 824 τοὺς

202 845 332 895 ἰδίους
341 876 355 897 ,
388 842 415 900 ἦ
435 845 480 887 δὲ
497 844 703 902 παρθένος
721 846 1030 904 προσεκαρτέρει
1049 849 1107 904 τῷ
1128 848 1215 903 ναῷ
1235 842 1308 886 ὑπ’
1334 843 1502 900 ἀγγέλου
1521 859 1673 901 τρεφο-

200 913 315 970 με’νη.
383 907 434 969 ἦν
456 913 501 957 δὲ
519 917 570 971 τῇ
594 912 731 976 ἡλικία
757 916 885 970 με’ση,
918 913 1157 972 σιτόχρους,
1198 910 1453 970 ξανθόθριξ,
1489 911 1673 967 ξανθόμ-
1683 920 1728 956 10

199 999 351 1038 ματος,
387 981 675 1042 εὖόφθαλμος,
709 983 984 1042 μεγαλόφρυς,
1017 981 1222 1043 μεσόρριν,
1256 980 1489 1040 μακρόχειρ,
1515 999 1674 1039 μακρο-

202 1050 424 1105 δάκτυλος,
467 1050 610 1108 ἱμάτια
646 1051 865 1111 αὖτόχροια
891 1053 1104 1110 ἀγαπῶσα.
1170 1050 1289 1109 ἡνίκα
1317 1051 1362 1094 δὲ
1389 1051 1545 1108 γε’γονεν
1566 1048 1674 1094 ’ἐτῶν

202 1119 383 1173 δώδεκα,
436 1121 478 1164 ἓν
514 1123 762 1181 μεσονυκτίῳ
798 1123 1098 1180 προσευχομένη
1135 1120 1282 1176 ἤκουσε
1313 1125 1452 1179 φωνῆς
1481 1117 1675 1176 λεγούσης

201 1190 305 1248 αὐτῇ
336 1188 492 1234 θεόθεν
522 1189 645 1248 “vigy
669 1190 737 1234 τὸν
756 1192 846 1235 υἱόν
865 1191 991 1246 μου.”
1063 1190 1196 1234 οὗδενὶ
1219 1191 1263 1233 δὲ
1283 1194 1403 1233 τοῦτο
1425 1188 1673 1246 ἀπήγγειλεν,

58 1265 86 1298 Ρ
112 1265 180 1302 186
203 1259 278 1311 ἕως
297 1257 319 1302 ὅ
341 1259 527 1318 Χριστὸς
547 1262 603 1311 εἲς
621 1261 820 1318 οὐρανοὺς
837 1260 1068 1319 ἀνελήφθη.
1135 1260 1348 1316 γενομένης
1367 1260 1412 1302 δὲ
1431 1258 1557 1315 αὐτῆς
1573 1259 1673 1302 ἐτῶν
1686 1266 1729 1303 15

203 1326 286 1380 ιδ’,·,
300 1330 368 1372 καὶ
391 1327 618 1372 δοκούντων
638 1335 719 1373 τῶν
731 1331 939 1374 Ἰουδαίων
960 1330 1022 1373 ὅτι
1043 1330 1180 1385 με’λλει
1201 1329 1391 1386 γενέσθαι
1411 1327 1515 1386 αὐτῇ
1531 1326 1557 1382 ἡ
1575 1344 1674 1371 συν-

200 1395 327 1452 ήθεια
355 1401 430 1453 τῆς
455 1401 683 1454 γυναικείας
711 1399 947 1452 ἀσθενείας,
994 1399 1134 1442 λοιπὸν
1157 1398 1205 1442 οὗ
1229 1403 1491 1454 συνεχωρεῖτο
1514 1395 1614 1440 εἶναι
1631 1398 1674 1441 ἓν

200 1471 258 1524 τῷ
281 1460 383 1526 ναῷ.
450 1466 624 1524 ἔστησαν
655 1469 699 1511 δὲ
731 1470 770 1512 οἱ
799 1470 916 1528 ἱερεῖς
945 1470 1001 1520 εἷς
1027 1467 1256 1527 προσευχὰς
1287 1469 1379 1524 περὶ
1412 1466 1560 1522 αὐτῆς·
1605 1468 1673 1509 καὶ

201 1537 416 1594 Ζαχαρίας
433 1534 454 1579 ὅ
477 1536 685 1595 ἀρχιερεὺς
704 1535 725 1580 ὃ
748 1543 822 1582 τοῦ
841 1543 1067 1593 βαπτιστοῦ
1089 1537 1224 1595 πατὴρ
1245 1535 1367 1590 ἔλαβε
1387 1533 1546 1578 δώδεκα
1569 1534 1673 1593 ῥάβ-

202 1606 300 1655 δους
330 1603 528 1662 γερόντων
558 1611 758 1662 συγγενῶν
794 1609 941 1663 αὐτῆς,
989 1608 1055 1649 καὶ
1076 1605 1224 1662 ἔθηκεν
1245 1605 1286 1647 ἓν
1309 1609 1369 1664 τῷ
1390 1606 1730 1665 θυσιαστηρίῳ20

201 1673 328 1729 λε’γων
348 1671 517 1725 αδεῖξον
525 1706 539 1726 ,
573 1674 707 1731 κύριε,
737 1677 843 1727 τίνος
862 1675 974 1719 ἔσται
991 1674 1017 1731 ἦ
1035 1673 1289 1733 παρθένος.”
1339 1676 1408 1717 καὶ
1428 1672 1675 1730 ἐβλάστησεν

200 1739 228 1795 ’ἦ
252 1746 327 1785 τοῦ
344 1741 496 1800 Ἰωσὴφ
518 1748 591 1786 τοῦ
613 1744 796 1796 τέκτονος
814 1744 989 1803 ῥάβδος,
1033 1746 1101 1787 καὶ
1123 1742 1356 1802 ἡρμόσαντο
1380 1741 1513 1801 τούτῳ
1533 1741 1674 1799 αὐτήν,

204 1809 289 1854 ὄντι
308 1811 408 1855 ἐτῶν
426 1809 483 1855 π’.
530 1814 598 1855 καὶ
618 1811 841 1871 κατήγαγεν
860 1814 986 1870 αὐτὴν
1005 1815 1061 1865 εἷς
1080 1813 1151 1857 τὸν
1175 1811 1282 1857 οἷκον
1301 1811 1429 1856 αὐτοῦ
1434 1844 1448 1865 ,
1473 1814 1543 1854 καὶ
1562 1814 1673 1870 διῆγε

293 1942 491 1978 Ioachimus
516 1943 762 1990 octogenarius
792 1944 964 1989 decessit,
1005 1946 1107 1980 Anna
1137 1957 1248 1981 annos
1284 1949 1369 1980 nata
1400 1942 1674 1988 undeoctoginta

202 1986 310 2022 vitam
334 1988 440 2024 finiit.
488 1990 533 2025 ab
556 1989 603 2025 iis
626 1990 663 2025 in
686 1991 851 2037 templum
886 1991 1037 2026 deducta
1064 1991 1123 2027 dei
1146 1991 1301 2037 genitrix
1324 2001 1416 2026 anno
1437 1989 1564 2025 aetatis
1587 2001 1674 2025 suae

201 2034 320 2079 tertio,
345 2035 506 2071 undecim
530 2048 640 2072 annos
659 2043 742 2073 nata
759 2042 926 2084 parentes
950 2037 1080 2073 amisit.
1126 2050 1242 2084 neque
1262 2049 1348 2073 vero
1371 2047 1522 2091 unquam
1543 2036 1673 2083 templo

202 2081 410 2128 excedebat,
432 2083 496 2118 sed
513 2082 545 2118 si
564 2095 634 2129 qua
651 2095 692 2119 re
710 2096 799 2139 opus
822 2084 980 2129 haberet,
1005 2085 1051 2120 ad
1068 2084 1178 2120 solam
1196 2084 1414 2119 Elisabetam
1431 2084 1519 2126 lbat,
1541 2094 1672 2127 cogna-

202 2131 273 2180 tam
299 2133 337 2162 et
357 2128 488 2176 templo
512 2129 676 2166 vicinam.
723 2131 844 2165 literas
869 2131 1042 2166 Ebraicas
1073 2131 1265 2179 superstite
1287 2130 1474 2166 etiamnum
1494 2129 1672 2164 Ioachimo

201 2173 340 2208 didicit.
388 2182 466 2211 erat
490 2175 528 2211 in
553 2176 682 2223 templo
712 2183 868 2213 secretus
891 2176 988 2213 locus
1012 2189 1096 2213 arae
1118 2177 1278 2222 vicinus,
1311 2176 1373 2212 ubi
1396 2176 1492 2211 solae
1514 2174 1677 2220 virgines

201 2224 299 2254 stare
319 2220 495 2258 solebant.
542 2235 584 2259 ac
606 2223 765 2269 reliquae
785 2235 872 2258 sane
900 2224 1027 2270 populo
1051 2223 1194 2260 dimisso
1219 2224 1357 2259 domum
1380 2234 1478 2258 suam
1496 2221 1673 2267 redibant,

200 2264 319 2301 Maria
350 2273 465 2303 autem
495 2269 533 2304 in
564 2269 692 2316 templo
724 2271 951 2317 permanebat
972 2277 1079 2316 atque
1099 2272 1144 2306 ab
1168 2271 1294 2316 angelo
1317 2269 1550 2304 nutriebatur.
1597 2273 1675 2304 erat

202 2315 338 2348 statura
359 2315 548 2361 mediocri,
582 2317 766 2362 subfusca,
799 2316 898 2351 fulvo
922 2317 1042 2361 crine,
1079 2317 1189 2352 oculis
1217 2316 1324 2351 fulvis
1356 2327 1398 2350 ac
1428 2314 1673 2360 mediocribus,

201 2368 327 2403 magno
347 2362 556 2408 supercilio,
583 2375 668 2397 naso
690 2363 875 2408 mediocri,
900 2364 1060 2399 manibus
1083 2375 1125 2399 ac
1147 2363 1270 2409 digitis
1293 2362 1432 2407 longis,
1455 2368 1575 2395 vestes
1599 2372 1673 2396 am—

201 2403 411 2449 plexabatur
433 2408 526 2443 nullo
551 2409 668 2444 colore
687 2410 830 2446 tinctas.
876 2422 967 2444 anno
992 2410 1118 2445 aetatis
1141 2422 1227 2445 suae
1254 2410 1310 2454 12,
1334 2408 1448 2443 media
1468 2412 1572 2442 nocte
1595 2418 1673 2441 cum

201 2458 420 2499 precaretur,
445 2455 615 2491 divinitus
639 2456 767 2492 editam
795 2457 839 2492 ad
863 2468 902 2491 se
924 2468 1047 2492 vocem
1071 2457 1209 2492 audivit
1229 2453 1372 2501 “paries
1397 2453 1507 2488 filium
1525 2450 1675 2488 meum.”

201 2507 317 2543 neque
350 2499 418 2535 hoc
450 2513 494 2536 ex
527 2514 571 2537 ea
601 2502 784 2550 quisquam
810 2502 957 2538 rescivit
979 2509 1061 2538 ante
1088 2502 1225 2538 Christi
1247 2501 1285 2536 in
1311 2501 1427 2536 caelos
1452 2500 1672 2535 adscensum.

201 2553 279 2577 cum
300 2556 426 2582 annum
451 2547 495 2583 14
517 2549 715 2594 attigisset,
750 2550 873 2584 Iudaei
900 2562 975 2584 eam
997 2550 1128 2585 usitata
1152 2548 1332 2584 mulierum
1355 2546 1596 2582 imbecillitate
1619 2545 1671 2580 la-

200 2588 401 2627 boraturum
428 2594 498 2628 rati
529 2594 566 2630 in
597 2595 726 2642 templo
760 2608 835 2631 eam
868 2595 995 2632 deinde
1029 2596 1159 2631 morari
1190 2607 1259 2629 non
1290 2598 1374 2629 sunt
1404 2592 1516 2639 passi.
1563 2603 1671 2639 porro

201 2637 403 2673 sacerdotes
435 2640 511 2676 eius
535 2653 643 2678 causa
665 2643 766 2677 deum
787 2642 924 2688 precati
945 2648 1039 2678 sunt.
1086 2643 1138 2677 ibi
1160 2640 1352 2676 Zacharias
1374 2639 1537 2686 pontifex
1560 2639 1671 2673 maxi-

203 2691 290 2735 mJlS,
314 2684 491 2729 baptistae
514 2693 629 2734 pater,
656 2689 837 2724 duodecim
860 2701 981 2724 senum
1004 2694 1231 2734 cognatorum
1254 2686 1391 2721 Mariae
1414 2685 1545 2720 ferulas
1568 2696 1670 2718 acce-

201 2731 256 2771 pit
278 2729 385 2773 inque
407 2743 468 2766 ara
491 2735 629 2780 posuit,
663 2735 785 2771 dicens
812 2731 1004 2781 “ostende,
1036 2735 1196 2780 domine,
1229 2733 1287 2767 cui
1308 2732 1410 2778 virgo
1435 2732 1522 2766 haec
1543 2731 1672 2765 debeat

201 2772 395 2828 “walari-’⁹
440 2778 563 2815 floruit
583 2787 699 2816 autem
722 2782 826 2828 virga
844 2782 989 2828 Iosephi
1009 2782 1123 2827 fabri,
1147 2786 1255 2826 atque
1277 2779 1359 2813 huic
1383 2777 1608 2824 octogenario
1633 2777 1671 2810 in

200 2821 454 2857 matrimonium
476 2827 607 2862 tradita
630 2834 704 2872 est,
739 2828 842 2874 isque
874 2840 950 2864 eam
982 2828 1120 2863 domum
1150 2837 1266 2863 secum
1288 2824 1447 2860 abduxit.
1494 2823 1612 2859 Maria
1633 2821 1671 2857 in

201 2866 317 2902 mariti
351 2868 452 2904 domo
483 2871 642 2909 ieiunans
673 2887 714 2910 ac
747 2886 938 2922 progressu
970 2874 1007 2910 in
1032 2874 1210 2922 publicum
1231 2871 1412 2908 abstinens
1434 2881 1511 2906 cum
1535 2869 1671 2905 duabus
