1742 3184
214 167 314 217 444
697 170 937 215 GEORGII
965 170 1211 214 CEDRENI

212 284 364 341 βόητος
387 281 598 341 γενόμενος
631 281 686 334 ὡς
719 284 954 341 διαπρέπων·
974 282 1078 343 ἔργῳ
1100 286 1168 327 καὶ
1189 283 1322 344 λόγῳ,
1361 287 1538 338 πολλοὺς
1550 284 1699 343 Ἕλλη-

214 373 289 406 νας
314 355 390 410 τὴν
419 354 711 409 εἶδωλομανίαν
738 351 1040 408 βδελύττεσθαι
1073 356 1216 406 πείσας
1243 357 1477 413 μαρτυρίου
1499 357 1699 414 στέφανον

212 423 505 479 ἀναδήσασθαι
535 421 825 480 παρεσκεύασε.
850 474 853 477 p
906 427 1060 479 πολλῆς
1082 419 1154 467 οὖν
1178 422 1319 483 φήμης
1341 427 1431 483 περὶ
1455 425 1582 485 αὐτοῦ
1604 443 1698 483 τρε-

205 492 362 550 χούσης
393 495 460 536 καὶ
490 496 650 555 πολλῶν
678 491 892 549 μακρόθεν
920 493 1024 551 πρὸς
1045 493 1169 536 αὐτὸν
1189 494 1466 552 συρρυέντων,
1506 495 1553 538 οὗ
1573 495 1698 550 μόνον

203 564 403 619 ’Έλληνας
436 560 692 621 φιλοσόφους
720 563 788 604 καὶ
824 561 1050 619 αἶρετικοὺς
1088 564 1324 620 ἐλλογίμους
1359 563 1461 622 πρὸς
1494 565 1731 619 εὖσὲβειανό

210 635 402 684 εἵλκυσεν,
438 631 642 675 ἀλλὰκαὶ
675 630 773 682 τοὺς
799 629 920 686 ὄντας
940 633 1218 690 Χριστιανοὺς
1247 636 1405 688 μᾶλλον
1438 632 1700 688 στοιχειώσας

210 703 517 758 ἐπεβεβαίωσεν.
588 700 634 743 ὃν
665 698 686 743 ὅ
718 703 961 760 προλεχθεὶς
985 701 1232 759 Ἀμβρόσιος
1252 701 1457 754 ἱκετεύσας
1478 703 1610 746 πολλὰ
1630 705 1699 746 καὶ

211 768 574 830 παραβιασάμενος
595 771 637 813 ἓν
656 771 901 831 Καισαρείᾳ,
936 773 1004 814 καὶ
1024 771 1316 831 ταχυγράφους
1332 773 1406 827 μὲν
1432 772 1543 831 αὐτῷ
1562 791 1700 831 παρα-

211 840 365 897 στήσας
400 838 501 883 ἑπτὰ
535 840 699 891 πλείους
733 841 778 883 δὲ
809 840 1139 899 καλλιγράφους,
1191 840 1435 900 ἑρμηνεῦσαι
1471 842 1547 893 τὰς
1581 844 1701 893 θείας

156 925 186 959 Β
213 911 379 968 γραφὰς
410 909 535 953 αὐτὸν
568 911 774 964 πεποίηκε.
856 912 923 953 καὶ
953 909 973 953 ὃ
1003 912 1078 966 μὲν
1110 910 1184 967 τὴν
1214 912 1388 955 δέουσαν
1414 913 1556 969 χρείαν
1589 912 1700 971 αὐτῷ
1714 919 1742 954 11

210 986 415 1038 παρεῖχεν,
450 977 472 1022 ὅ
493 979 538 1021 δὲ
557 980 621 1022 ἐπὶ
640 982 791 1035 σχολῆς
810 978 1021 1036 γενόμενος
1037 978 1286 1038 ὖπηγόρευσε
1306 988 1390 1032 τοῖς
1408 980 1700 1039 ταχυγράφοις,

212 1053 281 1093 καὶ
313 1049 350 1092 οἳ
380 1046 674 1107 βιβλιογράφοι
695 1049 770 1092 σὺν
793 1051 972 1106 γυναιξὶν
996 1049 1187 1108 ἔγραφον,
1221 1054 1514 1108 καλλιγραφεῖν
1531 1053 1702 1106 ἐξησκη-

212 1121 340 1175 μένοι.
407 1116 544 1161 πᾶσάν
573 1135 616 1161 τε
640 1119 760 1161 θειάν
780 1119 943 1177 γραφὴν
963 1117 1213 1176 ἧρμήνευσεν
1235 1121 1298 1162 ε’πὶ
1318 1119 1386 1174 ἔτη
1409 1119 1475 1175 ιη’.
1546 1121 1702 1176 λέγεται

215 1190 259 1232 δὲ
282 1188 345 1231 ὅτι
368 1187 640 1243 ἑξακισχιλίας
661 1189 832 1242 βίβλους
853 1189 1056 1240 συνέταξε.
1093 1193 1288 1232 τοσοῦτον
1308 1188 1386 1247 γὰρ
1410 1190 1529 1245 ζῆλον
1553 1193 1609 1240 εἷς
1629 1186 1714 1244 τὴν

212 1257 401 1315 ἐξήγησιν
431 1262 512 1300 τῶν
542 1258 669 1300 θείων
696 1256 827 1313 λόγων
856 1255 876 1299 ὅ
906 1256 1153 1315 Ἀμβρόσιος
1186 1259 1450 1311 ἐπεδείκνυτο,
1498 1258 1601 1302 ὥστε
1626 1260 1700 1315 τὴν
1716 1267 1742 1301 1ἐ

211 1328 367 1382 πολλὴν
393 1326 521 1370 αὐτοῦ
549 1326 731 1382 σπουδὴν
759 1326 968 1384 Ὠριγε’νης
986 1332 1208 1385 μαρτυρῶν
1229 1326 1379 1386 γράφει
1402 1326 1504 1386 πρός
1524 1347 1614 1372 τινα
1635 1329 1702 1371 λε’-

212 1386 294 1454 γων
317 1394 377 1440 “5
411 1395 518 1453 ἶερός
546 1397 614 1438 καὶ
644 1400 733 1454 θεῷ
774 1398 946 1452 γνησίως
990 1397 1249 1451 ἀνακείμενος
1283 1397 1531 1456 Ἀμβρόσιος
1569 1397 1703 1440 πολλοὶ

210 1464 502 1525 προσαγορεύει
521 1483 581 1520 σε,
606 1464 717 1516 ὅστις
734 1467 906 1520 νομίζων
922 1483 972 1521 με
995 1466 1214 1523 φιλόπονον
1236 1464 1336 1510 εἶναι
1354 1469 1422 1509 καὶ
1443 1466 1550 1509 πάνυ
1572 1469 1704 1522 διψᾶν

158 1549 188 1583 C
213 1543 284 1580 τοῦ
305 1538 422 1579 θείου
448 1534 572 1591 λόγου
593 1534 733 1591 ’ἤλεγξε
755 1541 805 1592 τῇ
825 1536 908 1595 ἰδία
929 1538 1145 1596 φιλοπονίᾳ
1164 1540 1222 1593 τῷ
1238 1536 1341 1593 πρὸς
1361 1536 1413 1579 τὰ
1437 1535 1532 1593 ἅγια
1554 1535 1702 1592 μαθή-

207 1624 321 1662 ματα
346 1606 479 1663 ἔρωτι.
525 1604 625 1647 ὅθεν
646 1606 710 1647 ἐπὶ
730 1603 926 1648 τοσοῦτόν
947 1623 997 1659 με
1023 1604 1307 1664 παρελήλυθεν
1333 1605 1435 1649 ὥστε
1458 1606 1742 1649 κινδυνεύεινέ(

211 1677 402 1719 ἀπαυδᾶν
425 1673 529 1731 πρὸς
557 1674 632 1724 τὰς
659 1674 787 1717 αὐτοῦ
817 1672 1047 1732 προτάσεις.
1118 1674 1210 1718 οὔτε
1238 1675 1316 1732 γὰρ
1353 1677 1566 1731 δειπνῆσαι
1594 1676 1702 1719 ἔστιν

209 1744 307 1801 ἡμῖν
341 1742 655 1798 ἀντιβάλλουσιν
666 1775 679 1795 ,
727 1742 818 1785 οὔτε
855 1742 1118 1799 δειπνήσασιν
1150 1743 1282 1795 ἔξεστι
1325 1751 1595 1802 περιπατῆσαι
1633 1747 1702 1788 καὶ

212 1818 489 1858 διαναπαῦσαι
519 1814 571 1855 τὰ
594 1810 791 1867 σώματα,
836 1812 942 1854 ἀλλὰ
965 1815 1032 1855 καὶ
1053 1814 1094 1856 ἐν
1114 1820 1200 1864 τοῖς
1222 1820 1378 1871 καιροῖς
1397 1815 1561 1866 ἐκείνοις
1582 1818 1703 1874 φιλο-

213 1946 310 1980 vitae
343 1945 597 1990 doctrinaeque
631 1943 795 1979 eximium
827 1955 953 1978 nomen
974 1948 1206 1989 consecutus,
1242 1945 1362 1980 effecit
1383 1948 1424 1980 ut
1447 1946 1545 1981 multi
1572 1945 1704 1982 Graeci

212 1993 379 2028 falsorum
410 1993 555 2026 deorum
585 1990 714 2026 cultum
736 1991 979 2026 abominantes
1003 2003 1166 2026 coronam
1190 1992 1271 2026 fuso
1295 1992 1333 2027 in
1356 1992 1519 2027 veritatis
1542 1993 1705 2028 testimo-

215 2040 309 2075 nium
334 2039 504 2084 sanguine
528 2043 760 2072 mererentur.
807 2037 930 2082 itaque
962 2038 1099 2083 ingenti
1133 2038 1209 2074 eius
1243 2038 1484 2084 praestantiae
1514 2040 1610 2074 fama
1633 2040 1705 2075 late

215 2087 419 2131 divulgata,
444 2084 631 2129 multisque
655 2085 699 2118 ad
724 2095 802 2118 eum
822 2096 866 2118 ex
890 2085 1035 2118 remotis
1059 2084 1146 2119 locis
1171 2086 1451 2129 confluentibus,
1477 2098 1548 2120 non
1571 2092 1705 2121 tantum

217 2135 378 2167 Grae‹os
403 2131 630 2186 philosophos
657 2136 694 2165 et
718 2131 917 2165 haereticos
946 2131 1157 2176 praecipuos
1185 2133 1230 2166 ad
1254 2144 1374 2167 veram
1398 2132 1606 2177 religionem
1629 2138 1705 2168 tra-

217 2180 339 2223 duxit,
374 2179 438 2213 sed
473 2184 510 2213 et
541 2179 639 2223 ipsos
665 2177 889 2212 Christianos
914 2177 1026 2222 magis
1050 2178 1164 2213 solida
1189 2179 1352 2213 doctrina
1377 2180 1612 2214 confirmavit.
1661 2181 1706 2214 ab

215 2227 285 2261 hoc
308 2225 527 2269 Ambrosius,
554 2236 655 2269 quem
681 2223 844 2267 diximus,
870 2224 1070 2259 Caesareae
1094 2225 1210 2259 multis
1236 2226 1401 2270 precibus
1421 2237 1464 2260 ac
1481 2231 1616 2260 tantum
1636 2237 1707 2260 non

214 2273 254 2307 vi
278 2273 449 2315 obtinuit,
482 2271 649 2306 adhibitis
674 2271 708 2306 ei
733 2275 869 2316 septem
894 2270 1068 2306 celeribus
1093 2272 1349 2326 scriptoribus,
1385 2283 1427 2306 ac
1460 2271 1619 2317 pluribus
1643 2273 1706 2317 qui

216 2320 396 2365 eleganter
424 2318 645 2363 scriberent,
688 2322 728 2353 ut
759 2328 895 2351 sacram
929 2317 1150 2363 Scripturam
1186 2318 1496 2364 interpretaretur.
1555 2319 1705 2364 Origeni

214 2366 418 2400 Ambrosius
454 2365 656 2399 necessaria
688 2364 804 2398 omnia
832 2365 1098 2409 suppeditavit,
1138 2365 1241 2411 isque
1273 2377 1340 2410 per
1372 2365 1481 2400 otium
1505 2365 1706 2401 versionem

216 2413 391 2447 celeribus
414 2411 651 2457 scriptoribus
676 2409 842 2445 dictavit.
866 2409 1004 2445 librarii
1034 2417 1150 2446 autem
1175 2417 1211 2446 et
1234 2412 1412 2456 mulieres,
1437 2411 1525 2447 scite
1549 2412 1708 2446 scribere

218 2459 384 2504 scientes,
413 2458 450 2492 in
474 2459 578 2504 plura.
603 2458 731 2492 exinde
756 2456 969 2502 exemplaria
992 2459 1294 2493 transcribebant.
1343 2459 1496 2493 absolvit
1521 2470 1596 2493 eam
1620 2470 1705 2493 ver-

218 2506 350 2540 sionem
376 2505 477 2539 annis
504 2506 560 2539 18.
609 2505 722 2539 fertur
752 2515 859 2549 porro
891 2503 1059 2539 librorum
1087 2517 1150 2540 sex
1174 2504 1270 2539 milia
1294 2505 1548 2550 conscripsisse
1574 2505 1706 2550 Orige-

220 2565 297 2587 nes.
345 2558 479 2586 tantum
504 2558 621 2586 autem
651 2551 720 2586 fuit
743 2562 785 2585 ac
807 2556 877 2584 tam
903 2552 1031 2586 ardens
1053 2551 1233 2586 Ambrosii
1256 2551 1359 2585 huius
1384 2551 1537 2586 studium
1563 2563 1707 2586 enarra-

220 2598 327 2633 tionis
351 2609 527 2632 sacrarum
553 2597 758 2654 literarum,
784 2602 824 2631 ut
843 2596 1019 2642 Origenes
1044 2598 1078 2632 ei
1101 2598 1249 2643 quadam
1273 2597 1311 2631 in
1335 2597 1485 2644 epistola
1509 2598 1708 2633 huiusmodi

222 2646 316 2678 terat
347 2644 601 2679 testimonium:
636 2624 803 2679 “sanctus
837 2644 975 2688 deoque
1008 2644 1147 2678 sincere
1171 2644 1312 2678 deditus
1336 2644 1542 2679 Ambrosius
1566 2645 1706 2679 multam

223 2691 289 2724 tibi
313 2691 352 2724 S.
378 2692 425 2725 D.
453 2691 484 2725 is
510 2702 585 2724 cum
608 2703 662 2725 me
688 2689 866 2725 existimet
885 2689 1041 2725 laborum
1062 2691 1270 2726 tolerantem
1295 2702 1374 2725 esse
1399 2696 1436 2725 et
1460 2703 1583 2726 sacrae
1606 2691 1707 2725 Scri-

223 2742 347 2781 pturae
378 2738 645 2781 cognoscendae
673 2737 834 2781 avidum,
869 2748 932 2771 suo
966 2737 1123 2772 laborum
1157 2737 1274 2773 studio
1307 2742 1344 2771 et
1368 2749 1485 2772 amore
1507 2749 1628 2772 sacras
1649 2748 1708 2771 res

223 2782 383 2817 discendi
406 2783 443 2817 id
460 2784 680 2836 exploravit.
729 2789 827 2818 tanto
862 2789 978 2818 autem
1008 2796 1063 2818 me
1094 2789 1176 2829 post
1202 2795 1241 2818 se
1270 2782 1415 2829 reliquit
1436 2783 1644 2825 intervallo,
1670 2788 1709 2817 ut

224 2828 415 2874 periculum
441 2829 487 2863 sit
510 2842 555 2864 ne
578 2831 622 2865 de
656 2829 834 2864 solvendis
866 2835 1041 2875 quotquot
1073 2831 1106 2864 is
1135 2830 1220 2864 mihi
1247 2831 1415 2884 proponit
1441 2809 1710 2884 quaestionibus

226 2876 416 2920 desperare
439 2887 560 2920 cogar.
595 2888 711 2924 neque
733 2888 884 2912 coenare
906 2888 970 2911 nos
997 2876 1247 2924 exemplarium
1269 2875 1364 2912 inter
1387 2889 1427 2913 se
1449 2875 1590 2912 collatio
1611 2876 1709 2921 sinit,
