1742 3184
174 189 274 240 614
530 231 537 235 Α
653 187 893 234 GEORGII
927 184 1175 230 CEDRENI

314 310 387 366 Τῷ
410 302 460 358 ις’
480 306 548 350 καὶ
568 302 617 359 ιζ
638 299 716 348 ἔτει
736 300 788 346 τὰ
808 305 882 345 τοῦ
905 301 948 343 Γ
943 301 1114 359 ιζερίχου
1133 298 1314 355 πολέμου
1339 297 1439 343 ἄλλο
1461 297 1518 342 ἔπ’
1545 296 1657 358 ἄλλῳ

174 376 398 433 συνέβαινε.

314 450 389 504 Τῷ
418 441 467 497 ιζ’
494 442 623 486 Λέων
655 437 677 482 ὅ
707 437 901 494 βασιλεὺς
929 436 1098 481 Λέοντα
1127 436 1199 481 τὸν
1228 435 1422 494 Ζήνωνος
1461 435 1551 479 υἱὸν
1587 437 1657 478 καὶ

171 514 401 573 Ἀριάδνης
424 518 497 569 τῆς
523 513 630 562 ἶὸίας
647 506 877 567 θυγατρός,
913 505 1061 551 ἑαυτοῦ
1080 509 1124 551 δὲ
1144 507 1320 564 ἔγγονον,
1356 506 1514 560 στέψας
1531 510 1658 560 βασι-

174 586 247 629 λέα
272 583 530 641 ἀνηγόρευσε.
599 577 690 623 τότε
718 581 785 621 καὶ
818 576 843 633 ἡ
874 578 1005 633 ἐσθὴς
1031 581 1105 633 τῆς
1130 575 1354 634 ὗπεραγίας
1380 573 1582 618 θεοτόκου
1615 576 1691 625 ἒξό

167 652 463 712 Ἰεροσολύμων
489 651 626 706 ἤχθη,
674 647 889 705 εὗρεθεΐσα
922 645 1037 704 παρά
1075 665 1151 690 τινι
1193 644 1469 702 εὖλαβεστάτῃ
1499 645 1658 701 γυναικὶ
1688 686 1690 688 ,

169 722 349 782 Ἑβραίῳ
373 722 582 779 παρθένῳ.
652 720 719 761 καὶ
746 717 798 760 τὰ
827 718 1006 771 λείψανα
1037 721 1112 772 τῆς
1143 715 1261 773 ἁγίας
1282 716 1553 764 Ἀναστασίας
1575 714 1655 757 ἀπὸ

173 793 452 848 Νικομηὸείας
473 789 748 843 ἀνεκομίσθη,
784 788 852 829 καὶ
871 787 995 841 ἐτέθη
1019 787 1061 829 ἓν
1081 790 1140 844 τῷ
1161 791 1247 844 ναῷ
1267 786 1407 841 αὐτῆς.
1462 784 1504 826 ἓν
1524 782 1657 841 τούτῳ

122 872 154 906 C
176 867 234 920 τῷ
254 866 383 920 καιρῷ
406 858 614 914 Ῥωμύλος
631 876 692 909 τις
712 858 876 912 ἐπίκλην
899 854 1213 912 Αὖγουστάλιος
1235 852 1500 912 αὐτοκράτωρ
1522 858 1596 908 τῆς
1617 854 1659 895 ἕν

169 932 321 991 Ἰταλία
337 931 549 986 βασιλείας
574 929 847 979 καθίσταται,
881 926 987 981 μετὰ
1003 927 1119 980 χίλια
1140 923 1390 982 ὀγδοήκοντα
1413 923 1481 978 ἔτη
1497 920 1658 977 Ῥωμύ-
1672 928 1718 965 10

174 1005 247 1044 λου
269 1001 473 1056 βασιλέως
494 1003 568 1042 τοῦ
589 996 663 1052 τὴν
677 994 840 1051 Ῥώμην
858 996 1084 1046 κτίσαντος.
1154 995 1399 1051 σημειωτέον
1428 994 1471 1035 δὲ
1500 990 1556 1043 ὥς
1578 992 1657 1035 ἀπὸ

166 1069 378 1126 Ῥωμύλου
404 1067 430 1124 ἡ
450 1073 521 1124 τῆς
540 1066 713 1124 ἑσπέρας
741 1064 966 1120 ἀκμάσασα
991 1066 1183 1120 βασιλεία
1203 1062 1326 1107 πάλιν
1346 1061 1426 1107 ὑπὸ
1448 1060 1659 1117 Ῥωμύλου

173 1140 237 1183 ἐπὶ
255 1137 476 1189 τοσούτους
491 1136 697 1180 ἐπαύσατο
715 1134 904 1192 χρόνους.

308 1207 691 1265 Ἀναγορευθὲντος
710 1207 844 1248 τοίνυν
865 1207 940 1248 τοῦ
958 1206 1109 1260 μικροῦ
1129 1202 1338 1254 Λέοντος,
1375 1199 1542 1243 ἱππικοῦ
1562 1200 1662 1256 ἆγο-

174 1278 301 1334 μένου
322 1277 410 1338 ὥρα
431 1275 464 1328 ς’
486 1281 558 1332 τῆς
576 1274 731 1332 ἡμέρας
749 1273 894 1325 σκότος
913 1272 1031 1329 βαθὺ
1054 1270 1236 1328 ἐκάλυψε
1257 1272 1330 1327 τὴν
1348 1269 1479 1323 πόλιν,
1501 1268 1661 1327 ἀθρόον
1673 1277 1717 1314 15

176 1348 220 1390 δὲ
243 1349 284 1391 ἓν
304 1348 399 1391 εἶ’ὁέι
419 1351 584 1404 νιφετοῦ
604 1345 718 1399 ὕσθη
738 1342 869 1396 κόνις,
906 1343 1282 1399 πεπυρακτωμὲνων
1303 1345 1385 1384 τῶν
1404 1345 1539 1398 νεφῶν
1557 1357 1663 1396 προ-

176 1417 400 1476 φανέντων,
437 1414 493 1467 ὡς
513 1417 688 1470 νομίζειν
706 1412 863 1464 πάντας
886 1411 948 1455 ὅτι
967 1417 1048 1468 πῦρ
1071 1413 1226 1469 βρέχει·
1265 1412 1332 1453 καὶ
1349 1411 1413 1453 ἐπὶ
1434 1409 1663 1464 παλαιστὴν

177 1488 302 1542 ἐτέθη
333 1485 358 1542 ἡ
388 1485 509 1536 κόνις.
576 1489 650 1528 τοῦ
682 1484 726 1526 δὲ
754 1483 957 1538 βασιλέως
977 1482 1163 1531 Λέοντος
1187 1479 1465 1539 ρευματισμόν
1488 1479 1665 1537 γαστρὸς

123 1564 155 1600 Ι)
179 1555 431 1607 ὑποστάντος
456 1555 524 1598 καὶ
554 1556 699 1604 δεινοῖς
719 1553 898 1610 κε’ντροις
919 1551 970 1595 τὰ
993 1551 1109 1594 ἔνδον
1135 1550 1418 1605 ἐλαυνομένου,
1453 1548 1591 1605 ἤλεγξε
1615 1549 1662 1592 τὸ

177 1625 317 1677 πάθος
348 1626 422 1681 τὴν
462 1624 648 1681 ἰατρικὴν
690 1624 832 1678 τέχνην
871 1623 913 1664 ἓν
955 1619 1155 1671 κινδύνοις
1201 1619 1410 1677 ἄπρακτον
1450 1617 1721 1676 &adplenum

178 1696 455 1749 καθεζομένου
477 1693 555 1750 γὰρ
581 1693 709 1735 αὐτοῦ
731 1694 794 1735 ἐπὶ
816 1696 889 1746 τῆς
907 1692 1054 1746 ἀμίδος
1061 1723 1074 1743 ,
1110 1689 1186 1732 κᾶν
1203 1707 1245 1732 τε
1268 1689 1441 1731 ὄπισθεν
1465 1689 1593 1731 αὐτοῦ
1614 1683 1664 1744 ἦν

176 1764 224 1806 τὸ
248 1766 292 1807 ἐκ
311 1769 385 1807 τοῦ
405 1763 535 1820 πυρὸς
562 1766 652 1820 φῶς
669 1760 746 1803 κᾶν
766 1779 808 1804 τε
830 1761 1078 1816 ἔμπροσθεν,
1116 1759 1184 1801 διὰ
1206 1763 1279 1813 τῆς
1301 1757 1479 1814 γαστρὸς
1498 1760 1566 1800 καὶ
1590 1763 1664 1801 τοῦ

175 1832 306 1876 νώτου
330 1835 528 1892 ἐφαίνετο.
598 1833 666 1873 καὶ
688 1831 752 1872 ἐπὶ
775 1834 972 1873 τοσοῦτον
989 1829 1284 1884 κατισχνωθεὶς
1306 1826 1558 1883 ἐτελεύτησε,
1595 1829 1664 1871 καὶ

269 1953 316 1988 23
339 1949 493 1997 ἐφέρετο
515 1951 544 1986 P

270 2056 382 2091 Annis
413 2055 591 2091 sexdecim
626 2059 664 2091 et
697 2053 947 2102 septemdecim
978 2052 1107 2089 bellum
1145 2056 1270 2089 contra
1301 2052 1531 2089 Gizerichum
1563 2054 1666 2090 varia

177 2103 322 2138 fortuna
345 2108 480 2148 gestum
507 2103 588 2136 fuit.

269 2149 372 2184 Anno
400 2151 442 2185 17
463 2161 527 2184 rex
551 2147 708 2183 Zenonis
734 2152 771 2182 et
794 2159 878 2182 suae
901 2146 996 2182 filiae
1020 2146 1199 2181 Ariadnae
1219 2145 1326 2181 filium
1349 2145 1504 2181 Leonem
1528 2148 1664 2183 Caesa-

176 2207 252 2231 rem
280 2196 448 2231 declarat.
497 2202 580 2231 tunc
604 2195 709 2230 etiam
735 2194 846 2230 vestis
871 2194 1039 2239 deiparae
1066 2192 1214 2238 virginis
1235 2193 1495 2238 Hierosolymis
1519 2195 1587 2229 fuit
1611 2195 1663 2229 al-

176 2242 269 2288 lata,
307 2243 454 2278 inventa
489 2244 582 2288 apud
608 2242 781 2287 quandam
806 2240 1108 2285 religiosissimam
1135 2239 1325 2274 Ebraicam
1348 2241 1526 2275 mulierem
1551 2242 1665 2287 virgi-

178 2301 270 2324 nem.
320 2295 356 2324 et
378 2290 550 2336 reliquiae
574 2290 613 2323 S.
639 2288 850 2322 Anastasiae
874 2287 1083 2322 Nicomedia
1108 2286 1234 2321 allatae
1261 2287 1369 2332 inque
1394 2287 1469 2322 eius
1493 2289 1576 2322 fano
1605 2300 1664 2322 re-

178 2336 319 2382 positae
343 2342 438 2371 sunt.
485 2348 527 2371 eo
551 2341 710 2381 tempore
734 2333 900 2369 Romulus
926 2333 1068 2379 quidam
1090 2333 1304 2378 Augustulus
1327 2334 1519 2380 imperator
1536 2334 1666 2370 Italiae

179 2384 241 2427 fit,
267 2383 367 2417 annis
394 2385 483 2417 1040
507 2389 589 2428 post
612 2382 785 2416 conditam
810 2393 832 2415 a
855 2380 1003 2415 Romulo
1028 2381 1186 2415 Romam.
1234 2379 1356 2425 itaque
1381 2382 1575 2416 occidentis
1598 2382 1663 2416 im-

180 2429 337 2474 perium,
374 2430 467 2474 quod
493 2442 513 2463 a
536 2428 683 2464 Romulo
710 2428 858 2474 primum
882 2426 1021 2461 initium
1047 2427 1190 2472 habuit,
1223 2431 1320 2461 tanto
1345 2433 1428 2472 post
1445 2434 1603 2474 tempore
1625 2429 1664 2463 in

179 2475 248 2510 alio
269 2475 416 2510 Romulo
436 2475 556 2511 desiit.
853 2487 863 2495 ⁸

274 2523 361 2556 Cum
384 2522 458 2556 Leo
483 2522 600 2557 iunior
625 2526 719 2556 esset
744 2521 880 2555 Caesar
901 2524 1042 2554 creatus
1067 2523 1104 2554 et
1128 2522 1292 2564 equesere
1315 2520 1553 2564 spectaculum
1579 2521 1666 2555 ede-

180 2572 291 2612 retur,
318 2569 404 2602 hora
427 2569 500 2604 diei
524 2574 624 2602 sexta
649 2568 848 2614 profundae
870 2568 1040 2601 tenebrae
1065 2567 1186 2601 urbem
1209 2572 1387 2610 texerunt,
1417 2573 1454 2601 et
1476 2569 1542 2602 sub
1569 2568 1664 2603 nivis

182 2614 303 2658 specie
328 2616 446 2650 cincre
468 2616 636 2649 immenso
660 2614 759 2660 pluit,
787 2613 938 2648 nubibus
963 2613 1065 2658 quasi
1084 2613 1168 2658 igne
1187 2613 1379 2647 canderent
1397 2615 1663 2659 apparentibus,

181 2658 233 2693 ita
256 2665 296 2694 ut
318 2673 418 2695 nemo
442 2674 510 2696 non
538 2668 678 2708 putaret
700 2661 783 2706 igue
805 2660 942 2705 pluere.
992 2659 1080 2693 cinis
1106 2660 1150 2694 ad
1176 2658 1280 2704 palmi
1300 2659 1518 2694 altitudinem
1538 2661 1662 2696 iacuit.

182 2715 288 2749 porro
312 2718 388 2741 cum
414 2709 488 2743 Leo
514 2707 706 2754 imperator
730 2707 904 2752 profluvio
928 2706 1064 2740 ventris
1087 2706 1283 2749 laboraret,
1316 2713 1422 2750 atque
1446 2708 1541 2742 intus
1565 2714 1664 2741 atro-

182 2751 281 2785 cibus
307 2760 599 2800 compungeretur
621 2753 848 2797 cruciatibus,
873 2754 1012 2787 morbus
1035 2753 1105 2787 iste
1128 2753 1384 2787 demonstravit
1401 2754 1487 2788 artis
1507 2754 1664 2788 medicae

181 2796 308 2831 nullam
334 2811 411 2833 esse
434 2801 471 2835 in
498 2801 664 2846 periculis
690 2800 951 2835 efficacitatem.
1000 2800 1140 2843 quoties
1165 2798 1255 2833 enim
1280 2798 1316 2832 in
1341 2800 1501 2835 matulam
1521 2801 1663 2834 deside-

181 2843 253 2886 bat,
279 2844 356 2878 sive
381 2852 462 2880 ante
485 2848 562 2881 sive
589 2853 668 2893 post
694 2858 770 2881 eum
793 2846 888 2892 ignis
913 2850 1020 2889 esset,
1044 2846 1076 2880 is
1100 2857 1165 2890 per
1186 2850 1345 2880 ventrem
1369 2847 1446 2882 eius
1467 2853 1504 2882 et
1521 2848 1662 2882 dorsum

181 2889 391 2935 pellucebat.
448 2893 608 2939 adeoque
642 2899 798 2928 extreme
832 2898 1038 2928 attenuatus
1070 2891 1217 2928 vivendi
1247 2892 1353 2927 finem
1384 2894 1485 2929 fecit.
1531 2903 1662 2939 corpus
