1742 3184
212 172 311 222 748
697 175 938 221 GEORGII
965 174 1213 220 CEDRENI

213 291 288 334 θεν
309 294 446 347 κλῆμα
466 292 534 333 καὶ
558 288 713 349 βότρυν
736 290 950 349 σταφυλῆς
970 289 1042 334 ἵνα
1074 285 1180 349 ἦραν
1208 290 1332 334 αὗτὸν
1361 290 1427 334 ἐπ’
1463 288 1695 351 ἀναφορεῧ·

213 375 302 405 σιν·
338 362 380 404 ἓν
404 359 511 419 ξύλῳ
530 360 609 419 γὰρ
629 359 963 419 ἐσχηματισμένῳ
985 362 1166 418 πλαγίως
1182 361 1309 416 μέσον
1328 364 1590 419 κρεμασθείς,
1629 357 1698 406 καὶ

214 431 282 474 ἐπ’
307 429 431 485 ὤμων
451 428 525 473 δύο
547 431 708 487 ἀνδρῶν
727 429 1046 485 βασταζόμενος,
1081 435 1204 473 πᾶσιν
1225 429 1372 487 ἐδήλου
1393 435 1467 487 τῆς
1484 429 1600 488 ἁγίας
1622 437 1697 488 γῆς

160 513 191 549 c
218 502 367 556 ἐκείνης
391 500 464 555 τὴν
483 500 718 557 εὐκαρπίαν.
788 499 846 542 δι’
880 494 929 556 ἧς
954 500 1220 559 Ἀλέξανδρος
1252 498 1274 542 ὃ
1305 501 1433 557 μέγας
1454 500 1698 559 διαπορευό-

213 587 336 626 μενος
344 603 359 623 ,
404 572 472 612 καὶ
495 569 597 620 ξύλα
620 567 888 627 καρποφόρα,
925 571 967 612 ἓν
990 567 1052 621 οἷς
1075 572 1144 613 καὶ
1169 568 1350 627 πήγανον
1370 570 1629 626 θεασάμενος
1650 571 1696 614 τὸ
1710 578 1732 614 5

213 639 326 696 ὕψος
359 641 428 682 καὶ
458 637 612 689 πλάτος
643 637 871 696 ἐφάμιλλον
904 644 1055 695 συκῆς,
1101 638 1316 695 ἐθαύμασε
1341 638 1507 698 σφόδρα
1528 645 1603 696 τῆς
1624 645 1701 697 γῆς

215 711 365 765 ἐκείνης
385 709 459 764 τὴν
479 708 700 765 εὐκαρπίαν
722 711 766 752 τε
786 711 854 752 καὶ
877 707 1064 765 πιότητα.
1135 709 1239 753 ἀλλὰ
1260 709 1345 766 μὴν
1371 712 1439 752 καὶ
1463 710 1703 764 ὀποβάλσα-

214 797 296 836 μον
313 784 485 836 γεωργεῖ
501 782 703 831 πλεῖστον,
739 781 806 821 καὶ
839 779 956 836 ἕτερα
984 779 1119 822 πολλὰ
1152 778 1404 838 δυσπόριστα
1435 781 1502 823 καὶ
1535 778 1702 837 ἀνθρώ-

215 866 307 900 ποις
328 849 545 905 ἕπε’ραστα.
615 848 837 892 κάντεῦθεν
858 850 1005 902 τοίνυν,
1039 847 1096 900 ὡς
1115 850 1317 907 ἐξαίρετον
1336 851 1402 892 καὶ
1424 851 1703 908 διαφέρουσαν

216 918 471 975 ἄσυγκρίτως
501 916 638 974 πάσης
664 923 739 974 τῆς
768 923 864 975 γῆς,
913 917 1078 969 εἰκότως
1111 919 1259 962 ἔδωκεν
1295 919 1423 973 αὐτὴν
1458 918 1479 962 ὃ
1512 919 1614 970 θεὸς
1645 923 1742 978 τῷ11

215 988 463 1046 ἠγαπημένῳ
485 990 552 1030 καὶ
571 986 806 1048 προτοτόκῳ
825 988 903 1047 υἱῷ
925 988 1052 1032 αὐτοῦ
1077 990 1132 1040 εἷς
1152 990 1425 1047 κληρονομίαν
1443 1007 1484 1032 τε
1510 991 1577 1031 καὶ
1600 988 1706 1032 ἀπό-

216 1062 376 1101 λαυσιν.
438 1055 657 1114 ((εῗσήγαγε
691 1059 770 1116 γὰρ
808 1056 991 1109 αὖτούς”
1039 1059 1163 1116 φησίν
1199 1056 1288 1110 “dg
1322 1058 1418 1117 ὅρος
1452 1056 1706 1115 ἁγιάσματος

220 1128 347 1171 αὐτοῦ
358 1160 372 1180 ,
408 1126 505 1185 ὄρος
525 1132 642 1170 τοῦτο
664 1127 687 1170 ὃ
707 1129 891 1171 ἕκτίσατο
911 1126 936 1184 ἦ
958 1128 1069 1179 δεξιὰ
1093 1128 1267 1171 αὐτοῦ.”
1338 1133 1555 1187 τοιγαροῦν
1585 1130 1627 1172 ἐν
1655 1133 1707 1185 τῇ

165 1208 197 1244 D
221 1195 317 1257 ἁγία
338 1196 465 1254 ταύτῃ
487 1199 556 1239 καὶ
576 1199 761 1257 μακαρίᾳ
780 1203 834 1255 γῇ
857 1200 923 1240 καὶ
946 1198 1089 1255 ἀγαθῇ
1111 1203 1184 1253 τῆς
1209 1199 1449 1255 ἐπαγγελίας
1466 1202 1708 1256 πολυμερῶς

219 1269 288 1310 καὶ
305 1265 572 1324 πολυτρόπως
589 1266 718 1310 πάλαι
740 1266 761 1310 ὃ
786 1268 884 1318 θεὸς
905 1266 1025 1323 λόγος
1043 1274 1128 1318 τοῖς
1149 1267 1381 1326 προφήταις
1399 1266 1582 1326 ὁραθείς,
1605 1272 1705 1311 θεο-
1720 1275 1739 1310 1

180 1355 185 1363 *
219 1341 384 1394 πρε-πῶς
425 1354 469 1379 τε
510 1337 585 1388 τὰς
630 1339 858 1396 θεοφανιάς
887 1335 1162 1392 ποιησάμενος
1169 1370 1183 1390 ,
1240 1337 1371 1395 ἔλεγεν
1399 1335 1510 1394 ιζέγώ
1547 1335 1709 1395 δράσεις

220 1406 434 1463 ἐπλήθυνα
465 1408 532 1449 καὶ
565 1408 608 1450 ἓν
636 1409 754 1465 χερσὶ
786 1411 1010 1466 προφητῶν
1039 1405 1274 1463 ἓμυήθην.”
1347 1407 1414 1450 ἐπ’
1448 1405 1631 1462 ἐσχάτων
1664 1407 1710 1450 δὲ

220 1475 485 1535 σαρκοφόρος
504 1475 634 1535 ὤφθη
654 1479 722 1519 καὶ
748 1483 834 1528 τοῖς
861 1475 1101 1535 ἀνθρώποις
1119 1475 1453 1535 συνανεστράφη,
1489 1475 1711 1533 πληρώσας

219 1549 289 1590 καὶ
307 1546 353 1590 τό
378 1545 546 1604 “μήτηρ
571 1544 695 1599 Σιών,
732 1548 819 1604 ἐρεῖ
835 1545 1080 1605 ἄνθρωπος,
1116 1549 1185 1590 καὶ
1211 1546 1432 1604 ἄνθρωπος
1452 1546 1648 1603 ἐγεννήθη
1669 1548 1711 1589 ἔν

221 1617 348 1674 αὐτῇ,
396 1618 464 1659 καὶ
496 1616 619 1667 αὐτὸς
648 1618 919 1671 ἐθεμελίωσεν
949 1617 1078 1672 αὐτὴν
1102 1614 1123 1659 ὅ
1147 1615 1370 1672 ὕψιστος.”
1440 1617 1483 1659 ἓν
1511 1611 1538 1674 ᾗ
1566 1618 1632 1658 καὶ
1664 1617 1742 1660 τὸΞ

220 1685 423 1743 σωτήριον
443 1684 674 1741 ὑπομείνας
692 1685 834 1737 πάθος
861 1687 936 1742 τὴν
963 1684 1218 1742 παγκόσμιον
1246 1685 1463 1744 εἰργάσατο
1494 1687 1712 1743 σωτηρίαν.

222 1755 347 1807 αὐτὸς
379 1755 458 1815 γὰρ
491 1754 514 1798 ὃ
542 1755 683 1815 κύριος
714 1758 888 1815 καρδίαν
915 1760 988 1812 τῆς
1016 1760 1091 1812 γῆς
1123 1753 1286 1800 ἐκάλεσε
1315 1755 1390 1812 τὴν
1417 1753 1712 1814 Ἰερουσαλήμ·

224 1958 443 2004 exploratum
470 1961 592 1993 narrat
617 1970 679 1994 eos
702 1970 815 2005 usque
839 1957 885 1994 ad
910 1958 1034 1994 vallem
1056 1970 1205 1994 uvarum
1232 1959 1462 2006 pervenisse,
1489 1958 1612 2006 ibique
1635 1960 1714 2006 pal-

223 2005 342 2040 mitem
371 2017 447 2040 cum
479 2005 584 2040 unica
614 2016 684 2040 uva
716 2010 891 2041 resectum
924 2006 1020 2041 vecti
1051 2005 1254 2052 impositum
1287 2013 1469 2054 portasse:
1503 2007 1587 2053 quip
1616 2019 1636 2042 e
1667 2008 1714 2042 de

222 2051 319 2097 ligno
344 2052 496 2098 figurato
520 2052 656 2086 medius
680 2063 871 2099 suspensus
895 2052 955 2087 ille
978 2064 1151 2099 racemus,
1181 2065 1222 2088 ac
1240 2052 1387 2088 duorum
1412 2053 1567 2089 virorum
1617 2065 1716 2088 ume-

224 2099 276 2133 ris
300 2106 479 2144 gestatus,
509 2100 707 2133 ubertatem
730 2111 854 2134 sacrae
875 2099 980 2134 istius
1003 2105 1122 2134 terrae
1146 2100 1306 2134 omnibus
1332 2100 1601 2136 demonstravit.
1649 2112 1716 2146 per

224 2145 317 2180 hanc
340 2146 411 2180 iter
434 2145 570 2180 faciens
588 2145 808 2191 Alexander,
842 2148 1061 2191 arboresque
1094 2146 1220 2181 videns
1242 2146 1455 2191 frugiferas,
1491 2152 1598 2192 atque
1621 2146 1717 2182 inter

224 2192 296 2226 alia
319 2198 433 2227 rutam
458 2192 646 2227 altitudine
670 2204 711 2227 ac
735 2192 966 2239 amplitudine
984 2192 1068 2227 ficui
1087 2193 1265 2238 aemulam,
1289 2194 1517 2229 vehementer
1535 2193 1601 2227 soli
1622 2193 1717 2228 illius

225 2238 449 2274 fertilitatem
483 2245 590 2285 atque
623 2239 874 2285 pinguedinem
909 2244 964 2274 est
993 2239 1198 2275 admiratus.
1247 2246 1434 2286 praeterea
1466 2239 1635 2287 plurimus
1665 2240 1717 2275 ibi

225 2285 446 2331 opobalsami
470 2291 525 2320 est
549 2298 593 2320 ex
617 2286 755 2322 cultura
778 2292 993 2332 proventus,
1027 2286 1246 2332 aliorumque
1269 2286 1451 2322 multorum
1475 2299 1567 2333 quae
1590 2292 1717 2332 paratu

225 2332 401 2375 difficilia,
428 2332 624 2367 hominibus
649 2339 732 2367 sunt
755 2334 949 2368 carissima.
998 2333 1089 2368 hanc
1111 2332 1233 2380 itaque
1254 2339 1395 2378 terram,
1432 2338 1472 2369 ut
1495 2333 1655 2368 eximiam
1681 2339 1718 2368 et

226 2378 284 2413 cui
318 2379 473 2413 conferri
506 2379 598 2414 nulla
632 2379 704 2414 alia
734 2386 932 2424 mereatur,
969 2380 1224 2414 convenienter
1249 2381 1335 2415 deus
1371 2380 1500 2416 dilecto
1523 2392 1587 2415 suo
1612 2386 1719 2425 atque

225 2426 461 2472 primogenito
488 2426 563 2460 filio
590 2426 798 2462 hereditatis
826 2426 905 2461 loco
930 2426 1177 2473 possidendam
1202 2427 1457 2472 fruendumque
1480 2426 1591 2461 dedit.
1636 2424 1719 2461 “in-

226 2473 385 2507 troduxit
408 2473 500 2508 enim
525 2470 608 2507 eos²³
633 2473 750 2519 inquit
774 2473 962 2519 Scriptura
985 2473 1134 2518 (Psalm.
1161 2475 1224 2518 77)
1246 2470 1313 2508 “in
1338 2485 1416 2509 eum
1438 2479 1590 2508 montem
1615 2485 1718 2519 quern

227 2519 353 2554 dextra
376 2520 487 2565 ipsius
512 2517 756 2558 condiderat.”
813 2520 935 2566 itaque
959 2531 1044 2565 ergo
1067 2520 1106 2554 in
1129 2526 1252 2556 sancta
1277 2521 1343 2555 hac
1368 2526 1405 2555 et
1426 2521 1532 2555 beata
1557 2522 1719 2565 bonaque

227 2569 325 2600 terra
358 2566 602 2612 promissionis
636 2566 863 2602 multifariam
899 2579 941 2601 ac
964 2566 1075 2601 variis
1099 2566 1210 2601 modis
1235 2567 1314 2602 olim
1340 2567 1428 2602 deus
1450 2568 1596 2601 verbum
1621 2566 1718 2601 vati-

227 2614 293 2646 bus
317 2625 398 2647 sese
421 2613 611 2648 videndum
635 2613 807 2658 exhibuit,
831 2625 988 2659 suaeque
1007 2613 1184 2648 essentiae
1203 2613 1458 2648 convenienter
1477 2613 1719 2659 apparitiones

227 2658 287 2693 dei
311 2665 489 2705 operatus,
515 2660 568 2695 ita
591 2660 682 2695 dixit
706 2661 843 2705 (Oseae
867 2661 926 2701 12)
950 2656 1043 2705 “ego
1067 2660 1311 2706 apparitiones
1334 2659 1578 2705 multiplicavi,
1604 2665 1641 2694 et
1663 2659 1719 2693 in-

228 2709 286 2738 ter
320 2717 441 2741 manus
470 2713 590 2742 vatum
620 2706 782 2742 initiatus
814 2704 928 2743 sum.'’
975 2707 1069 2742 idem
1101 2707 1147 2742 ad
1180 2712 1371 2742 extremum
1396 2717 1536 2740 carnem
1561 2711 1720 2751 gestans,

228 2750 324 2785 inter
347 2752 505 2787 homines
529 2753 715 2800 perspicue
738 2758 793 2788 est
813 2758 989 2798 versatus,
1014 2753 1053 2789 id
1078 2765 1220 2799 quoque
1244 2753 1419 2789 oraculum
1442 2751 1591 2798 implens
1616 2752 1720 2795 (Esa-

234 2796 294 2841 14)
317 2794 454 2833 “mater
477 2800 588 2844 Sion,
613 2800 709 2835 dicet
731 2801 848 2844 homo,
876 2806 911 2835 et
933 2800 1036 2835 homo
1059 2799 1097 2834 in
1121 2812 1163 2834 ea
1186 2805 1288 2836 natus
1313 2805 1380 2834 est.
1428 2798 1506 2844 ipse
1530 2799 1721 2834 altissimus

234 2843 461 2879 fundamenta
485 2846 560 2881 eius
584 2844 753 2882 locavit.''
799 2847 920 2882 eadem
955 2846 992 2882 in
1024 2847 1171 2892 regione
1202 2847 1356 2881 salutare
1381 2845 1472 2880 obiit
1498 2845 1720 2891 supplicium,

235 2901 349 2937 eoque
371 2891 441 2927 toti
465 2894 591 2928 mundo
616 2893 761 2929 salutem
785 2894 943 2940 paravit.
989 2894 1068 2939 ipse
1090 2893 1179 2928 adeo
1203 2893 1363 2928 dominus
1384 2892 1636 2937 Hierosolyma
1658 2903 1720 2926 cot
