1742 3184
171 161 271 209 628
469 187 471 190 ⁴
650 157 894 207 GEORGII
926 157 1174 204 CEDRENI

118 283 148 320 B
174 275 307 321 δόνιον
347 274 391 320 δὲ
427 276 719 335 προχειρῖζεται
752 274 971 318 ἐπίσκοπον
1003 270 1485 325 Κωνσταντινουπόλεως.
1551 271 1574 316 ὅ
1609 273 1654 317 δὲ

170 351 306 398 κακῶς
324 349 509 397 πεισθεὶς
527 351 585 404 τῷ
601 344 868 402 Ἀναστασίῳ
887 341 1102 401 ὑπέγραψε
1122 349 1182 402 τῷ
1201 342 1377 402 ἑνωτικῷ
1400 341 1607 399 Ζήνωνος.

310 420 385 474 Τῷ
405 415 443 470 η’
467 415 544 458 ἔτει
563 411 826 464 ΖΙῚακεὸόνιος
847 410 987 469 γνώμῃ
1017 417 1091 456 τοῦ
1107 413 1311 468 βασιλέως
1334 411 1482 456 ἕνῶσαι
1501 411 1552 454 τὰ
1575 429 1655 467 μο-

170 484 371 542 ναστήρια
398 489 472 540 τῆς
497 485 712 538 βασιλίδος
734 482 938 535 ἔσπευδεν,
973 482 1281 536 ἀποσχισθέντα
1306 481 1374 525 διὰ
1396 482 1443 525 τὸ
1468 480 1656 524 {mombar

172 554 379 610 Ζήνωνος.
448 555 516 595 καὶ
547 554 645 604 τοὺς
676 554 955 607 ἐνδημοῦντας
984 551 1227 602 ἐπισκόπους
1258 551 1498 607 συναγαγὼν
1530 550 1583 593 τὰ
1614 551 1690 592 ε’ν5

172 621 414 678 Χαλκηδόνι
445 625 580 672 καλῶς
606 621 937 678 δογματισθὲντα
959 619 1175 677 ἐγγράφως
1200 621 1434 682 ἐβεβαίωσε.
1506 618 1659 662 &evog-

174 709 288 749 ριχος
319 692 363 734 δὲ
393 688 413 733 ὅ
443 690 617 748 ”Λφρος
651 690 838 733 διάκονον
866 689 968 744 ἔχων
997 688 1242 746 ὄρθόὸοξον,
1270 687 1376 732 πάνυ
1394 687 1660 744 ἀγαπώμενον

173 760 248 804 ’ὑπ’
276 761 425 811 αὐτοῦ,
462 761 740 815 μεταθέμενον
771 760 815 802 δὲ
846 761 902 810 εἷς
932 758 1194 817 ἄρειανισμὸν
1211 757 1479 814 χαριζόμενον
1506 758 1661 799 &wde-

176 832 275 888 ρι’χῳ
312 829 598 885 ἀρειανίζοντι,
643 830 813 883 ἀπέτεμε
839 830 968 885 ξίφει,
1012 826 1135 872 εἰπών
1156 826 1224 871 κεἶ
1242 833 1301 888 τῷ
1325 831 1412 887 θεῷ
1431 826 1505 883 τὴν
1526 828 1661 870 πίστιν

126 908 157 943 C
181 900 254 942 οὐκ
274 897 504 957 ἐφύλαξας,
541 900 631 955 ἐμοὶ
647 903 735 950 πῶς
752 896 1004 955 φυλάξεις;”
1674 901 1719 937 10

317 971 392 1026 Τῷ
424 965 448 1008 ι’
480 969 549 1010 καὶ
584 967 639 1011 ια’
668 968 745 1011 ἔτει
765 968 901 1024 γε’γονε
923 965 1046 1009 πάλιν
1062 968 1316 1023 Σαρακηνῶν
1337 964 1536 1021 {magnaper}
1559 961 1600 1005 ἵν
1620 980 1663 1007 τε

179 1037 349 1094 Φοινίκῃ
373 1038 442 1079 καὶ
464 1038 619 1099 Συρία,
654 1039 723 1080 καὶ
745 1037 783 1079 οἱ
800 1034 1035 1094 Βούλγαροι
1053 1040 1111 1095 τῷ
1127 1036 1337 1095 Ἰλλυρικῷ
1357 1036 1426 1078 καὶ
1444 1039 1493 1091 τῇ
1519 1031 1664 1093 Θρᾴκῃ

179 1107 449 1163 ἐπιτρέχουσι.

322 1179 398 1233 Τῷ
425 1172 479 1229 ιβ’
521 1172 598 1218 ἴτει
632 1172 846 1217 σπένδεται
875 1173 979 1233 πρὸς
1013 1175 1209 1232 Ἀρέθαν
1247 1169 1554 1222 Ἀναστάσιος,
1596 1170 1668 1212 καὶ

180 1244 324 1287 λοιπὸν
354 1249 468 1286 πᾶσα
501 1242 528 1299 ἡ
558 1245 818 1299 Παλαιστίνη
851 1246 920 1287 καὶ
955 1245 1174 1301 Ἀρραβία
1208 1243 1276 1284 καὶ
1311 1243 1480 1296 Φοινίκη
1514 1243 1668 1294 πολλῆς
1681 1248 1725 1284 15

181 1313 362 1371 γαλήνης
394 1315 462 1356 καὶ
494 1311 655 1371 εἰρήνης
685 1311 909 1368 ἅπήλαυον.
980 1314 1022 1356 ἓν
1050 1313 1351 1371 Νεοκαισαρείᾳ
1378 1312 1423 1353 δὲ
1453 1310 1670 1365 μέλλοντος

182 1384 371 1440 γίνεσθαι
402 1386 573 1437 σεισμοῦ
608 1381 861 1438 στρατιώτης
902 1380 1055 1425 ὁδεύων
1089 1381 1166 1425 dds.
1202 1379 1275 1423 δύο
1314 1378 1568 1438 στρατιώτας
1601 1378 1666 1420 ἐπ’

185 1451 311 1495 αὐτὸν
337 1450 472 1503 ἰόντας
480 1484 493 1504 ,
530 1453 599 1494 καὶ
630 1450 802 1494 ὄπισθεν
833 1451 957 1494 ἄλλον
981 1451 1189 1510 κράξαντα
1210 1448 1453 1508 “qnvzdgave
1471 1448 1542 1492 τὸν
1563 1445 1672 1490 οἷκον

187 1522 230 1565 ἓν
261 1516 293 1579 ᾧ
324 1519 349 1576 ἡ
381 1520 495 1576 θήκη
524 1523 566 1563 Γ
562 1523 753 1578 ρηγορίου
785 1520 913 1564 ἔστί.”
996 1522 1212 1578 γενομένου
1249 1520 1293 1562 tls*
1325 1523 1398 1562 τοῦ
1430 1521 1598 1572 σεισμοῦ
1625 1517 1671 1559 τὸ

187 1594 375 1639 πλεῖστον
397 1591 524 1649 μέρος
550 1594 623 1647 τῆς
649 1589 806 1642 πόλεως
831 1587 999 1646 ἐπτώθη
1012 1622 1027 1644 ,
1073 1591 1181 1647 πλὴν
1213 1593 1288 1632 τοῦ
1317 1592 1419 1633 ναοῦ
1449 1593 1522 1631 τοῦ
1555 1585 1733 1643 ἆγιόυ20

189 1661 232 1701 Γ
229 1661 435 1718 ρηγορίου.

136 1738 169 1775 D
333 1732 407 1786 Τῷ
443 1723 762 1784 τρισκαιδεκάτῳ
794 1724 871 1770 ἴτει
903 1725 1111 1783 Καβοῖδης
1137 1725 1159 1770 ὅ
1177 1729 1357 1786 Περσῶν
1384 1724 1579 1780 βασιλεὺς
1609 1724 1691 1772 «ἔκ-η

193 1795 447 1856 στρατεύσας
465 1795 634 1851 ”Αμιδα
656 1795 731 1851 τὴν
750 1793 868 1867 πόλιν
890 1799 1053 1854 πορθεῖ.

195 1977 283 2021 patu
307 1973 480 2009 deiectum
503 1971 692 2018 relegavit,
719 1970 1213 2018 episcopatuiMacedbnium
1236 1970 1426 2017 praefecit.
1455 1969 1515 2005 hic
1537 1970 1575 2005 in
1599 1981 1698 2015 gra-.

195 2022 281 2056 tiam
303 2019 527 2067 imperatoris
552 2019 765 2054 Henoticum
790 2018 947 2053 Zenonis
971 2018 1233 2064 subscriptione
1257 2030 1321 2053 sua
1345 2017 1572 2064 approbavit.

290 2066 392 2102 Anno
418 2068 439 2103 8
463 2065 692 2101 Macedonius
716 2066 762 2100 de
785 2065 964 2100 sententia
986 2065 1167 2101 Anastasii
1191 2065 1292 2100 unire
1317 2070 1461 2099 conatus
1489 2068 1543 2099 est
1563 2075 1686 2097 mona-

197 2113 308 2149 steria
332 2113 453 2158 regiae
477 2113 593 2156 urbis,
629 2111 767 2146 divulsa
800 2112 843 2146 ab
877 2112 1007 2147 unione
1038 2117 1187 2158 propter
1210 2111 1422 2146 Henoticum
1447 2110 1626 2152 Zenonis;
1649 2115 1688 2151 et

199 2161 330 2195 coactis
355 2160 417 2206 qui
440 2160 477 2194 in
500 2160 588 2194 urbe
614 2164 688 2194 tum
711 2158 1033 2204 peregrinabantur
1058 2158 1250 2205 episcopis,
1277 2155 1576 2192 Chalcedonensis
1599 2167 1686 2190 con-

198 2206 274 2241 cilii
300 2207 444 2241 decreta
465 2205 598 2252 scripto
624 2210 702 2240 rata
724 2217 764 2240 se
788 2205 919 2239 habere
943 2204 1176 2240 confirmavit.
1206 2204 1453 2239 Theodoricus
1477 2214 1582 2249 porro
1601 2203 1688 2237 Afer

199 2265 278 2288 cum
302 2253 497 2288 ministrum
530 2252 678 2287 haberet
712 2251 782 2286 sibi
813 2263 998 2296 percarum
1028 2259 1064 2287 et
1085 2256 1204 2286 rectae
1226 2250 1410 2296 religionis
1435 2250 1687 2295 professorem,

200 2311 276 2334 cum
302 2299 333 2334 is
363 2300 400 2334 in
425 2299 557 2334 domini
580 2299 730 2344 gratiam
755 2309 776 2332 a
799 2298 870 2332 fide
895 2298 940 2332 ad
963 2298 1197 2333 Arianismum
1221 2309 1260 2332 se
1284 2296 1546 2340 transtulisset,
1583 2301 1689 2341 caput

200 2344 335 2380 homini
360 2346 574 2392 amputavit,
611 2345 707 2391 quod
730 2344 867 2380 diceret
888 2356 966 2380 eum
988 2345 1050 2391 qui
1073 2345 1138 2380 deo
1162 2345 1267 2379 fidem
1290 2355 1362 2378 non
1385 2348 1583 2387 servasset,
1617 2353 1688 2377 non

200 2392 310 2427 facile
334 2393 403 2426 sibi
429 2392 568 2427 fidelem
591 2393 685 2426 sore.

296 2439 408 2476 Annis
435 2441 540 2484 1opet
565 2440 607 2474 11
630 2449 768 2473 rursum
789 2437 961 2472 Saraceni
983 2437 1021 2471 in
1050 2436 1277 2472 Phoenicium
1307 2439 1345 2471 et
1370 2436 1513 2482 Syriam
1544 2439 1581 2470 et
1602 2434 1691 2470 Bul-

204 2485 283 2531 gari
308 2486 345 2520 in
368 2484 547 2531 Illyricum
572 2489 609 2519 et
632 2484 822 2519 Thraciam
846 2484 1065 2519 incursiones
1089 2484 1264 2525 fecerunt.

299 2532 401 2566 Anno
429 2533 472 2566 12
499 2531 706 2566 Anastasius
733 2542 810 2566 cum
835 2530 970 2565 Aratha
996 2542 1116 2576 pacem
1141 2528 1340 2576 componit;
1367 2531 1475 2575 atque
1502 2526 1629 2563 exinde
1652 2526 1691 2562 in

206 2582 284 2613 tota
306 2578 510 2613 Palaestina
535 2577 668 2612 Arabia
691 2583 730 2612 et
752 2577 946 2613 Phoenicia
969 2578 1040 2612 alta
1064 2589 1133 2623 pax
1157 2589 1198 2611 ac
1221 2576 1459 2620 tranquillitas
1482 2575 1563 2610 fuit.
1613 2585 1690 2608 cum

205 2624 478 2661 Neocaesareae
502 2624 700 2659 immineret
736 2630 854 2659 terrae
890 2628 1002 2659 motus
1017 2650 1026 2668 ,
1064 2623 1162 2658 miles
1188 2623 1325 2668 quidam
1350 2623 1420 2657 iter
1443 2621 1578 2656 faciens
1603 2621 1691 2655 duos

208 2676 332 2705 contra
354 2683 392 2705 se
413 2671 467 2705 ire
491 2670 619 2705 milites
641 2670 745 2713 vidit,
770 2669 944 2715 aliumque
967 2682 990 2705 a
1013 2675 1114 2715 tergo
1140 2670 1343 2704 clamantem
1365 2665 1565 2703 “abstinete
1589 2668 1690 2701 domo

207 2715 246 2750 in
265 2728 335 2762 qua
363 2722 418 2752 est
442 2729 525 2752 arca
546 2714 751 2762 Gregorii-’²
799 2729 841 2751 eo
865 2722 984 2751 terrae
1008 2724 1103 2751 motu
1127 2728 1204 2751 cum
1227 2715 1340 2750 maior
1362 2715 1462 2751 urbis
1485 2726 1569 2762 pars
1596 2719 1692 2749 esset

207 2768 398 2808 prostrata,
422 2765 528 2798 aedes
552 2764 593 2799 S.
619 2762 790 2809 Gregorii
812 2763 996 2798 incolumis
1021 2763 1161 2798 mansit.

210 2808 402 2903 oppulgnu?
437 2811 480 2847 13
510 2810 674 2848 Cabades
705 2811 894 2846 Persarum
927 2821 992 2845 rex
1023 2810 1124 2846 facta
1155 2808 1381 2859 expeditione
1404 2802 1538 2845 'Amida
1569 2807 1691 2842 urbem

333 2867 377 2892 na
396 2879 407 2891 .
