1742 3184
377 186 780 232 HISTORIARUM
811 185 1211 231 GOMPENDIUM.
1449 186 1473 232 1
1483 185 1508 232 1
1515 186 1546 232 5

57 303 117 348 δι’
147 304 246 361 ὅλης
274 302 432 363 ἡμέρας
466 304 536 346 καὶ
565 301 710 353 νυκτὸς
743 298 908 358 γυμνός.
981 302 1051 344 καὶ
1082 301 1188 356 μετὰ
1220 304 1352 344 ταῦτα
1384 302 1546 352 τελείως

56 375 280 433 ἀφίσταται
299 374 444 429 Δαβὶδ
467 373 546 416 ἀπὸ
568 370 729 424 Σαούλ,
765 370 1017 428 κτησάμενος
1033 378 1153 428 χεῖρα
1174 371 1447 427 τετρακοσίων
1466 371 1540 414 ἇν-
1560 377 1592 413 Ρ
1615 380 1663 417 65

57 447 169 502 δρῶν
189 447 458 499 πολεμιστῶν.
528 443 596 485 καὶ
628 441 733 497 μετὰ
766 447 885 485 τοῦτο
910 440 1083 497 θνήσκει
1105 439 1326 497 Σαμουήλ,
1362 443 1431 484 καὶ
1454 439 1544 484 θά-

55 532 198 557 πτεται
220 514 262 556 ἓν
279 519 337 573 τῷ
355 514 452 572 οἴκῳ
471 511 598 555 αὐτοῦ
618 512 661 555 ἓν
674 511 934 569 Ἀρμαθαΐμ.
1005 510 1146 554 Σαοὺλ
1168 511 1214 554 δὲ
1234 509 1292 554 ἔτι
1314 509 1473 553 διώκων
1490 505 1543 567 ἦν

21 584 127 630 ὁτὸν
146 583 300 638 Δαβίὸ.
359 583 537 638 Ἀβεσσᾶ
573 582 617 625 δὲ
648 583 717 624 καὶ
744 580 869 636 ’Ῑωᾶβ
899 584 1109 636 κατῆλθον
1140 581 1183 624 ἓν
1213 584 1266 639 τῇ
1298 584 1542 639 παρεμβολῇ

54 654 196 696 Σαοὺλ
225 651 368 704 νυκτὸς
388 652 492 707 μετὰ
510 651 677 706 Δαβίδ,
721 653 788 693 καὶ
818 650 968 706 ἔλαβον
995 650 1042 694 τὸ
1073 648 1175 708 δόρυ
1205 652 1273 695 καὶ
1304 650 1376 694 τὸν
1407 650 1543 709 φακὸν

54 728 127 766 τοῦ
145 721 310 774 ὕδατος.
381 720 673 779 ἀποδιδράσκει
695 722 740 763 δὲ
757 721 901 775 Δαβὶδ
926 719 1030 777 πρὸς
1049 720 1218 777 Ἀγχοῦς
1241 720 1417 775 βασιλέα
1437 722 1477 761 Γ
1475 722 1542 772 ε’θ,

54 794 122 836 καὶ
150 795 316 836 δίδωσιν
341 791 455 850 αὐτῷ
475 790 594 834 πόλιν
616 789 790 846 Σικελάκ
801 823 815 843 ,
851 792 917 834 καὶ
937 797 1130 847 παροικεῖ
1140 790 1225 833 ἐκεῖ
1236 795 1372 846 μῆνας
1391 790 1543 833 τέσσα-

55 875 155 920 ρας·
186 861 292 906 ὅπου
317 861 470 917 στήλην
502 859 524 904 ὅ
557 861 811 919 πατραλοίας
836 859 1079 915 Ἀβεσαλὼμ
1109 860 1177 903 ἐπ’
1210 859 1381 915 ὀνόματι
1414 860 1544 902 αὐτοῦ·

0 941 45 978 10
55 931 221 988 ἔστησε,
263 929 561 990 παρανομήσας
581 931 658 974 κᾶν
678 929 824 989 τούτῳ.
894 932 937 974 ἐν
964 923 1002 988 ᾧ
1031 927 1145 988 τόπῳ
1176 931 1245 972 καὶ
1277 928 1545 981 λιθόλευστοι,-

52 1003 211 1059 γὲγονεν
235 1032 374 1045 .....
392 1001 576 1056 Ἰεβοσθὲ
598 999 620 1043 ὃ
643 1003 904 1052 Χαναναῖος,
940 998 987 1050 ὃς
1004 999 1067 1041 ἐπὶ
1090 1000 1336 1050 ἓννακοσιόις
1354 1017 1543 1057 τραυμα-
1562 1050 1568 1063 1

52 1074 158 1123 τίαις
176 1074 327 1115 ἐσπᾶτο
350 1071 561 1130 ῥομφαίαν
582 1069 769 1122 εἰσάπαξ.
839 1065 958 1121 οὗτος
980 1069 1054 1112 οὐκ
1083 1064 1134 1125 ἦν
1162 1074 1246 1112 τῶν
1267 1073 1405 1126 τριῶν,
1437 1069 1535 1111 ἀλλ’
1562 1078 1593 1115 Β

52 1139 155 1199 ὑπὲρ
177 1141 274 1192 τοὺς
294 1148 401 1199 τρεῖς
419 1139 606 1192 δυνατός.
674 1139 758 1183 εἶτα
777 1140 968 1191 Ἀὸίνων,
1016 1141 1084 1182 καὶ
1116 1132 1236 1190 οὗτος
1259 1140 1410 1182 ἐσπᾶτο
1437 1138 1543 1197 ῥομ-

53 1213 183 1269 φαίαν
212 1213 276 1254 ἐπὶ
307 1211 560 1261 ὀκτακοσίοις
586 1212 871 1268 τραυματίαις.
937 1207 1158 1266 Ἐλεάζαρ,
1194 1211 1262 1251 καὶ
1291 1210 1426 1263 τρίτος
1451 1211 1539 1252 Σα-

0 1286 42 1325 15
52 1281 177 1336 μεάς·
222 1275 335 1324 οὗτοι
356 1280 394 1322 οἱ
416 1287 522 1337 τρεῖς
541 1281 757 1337 διέρρηξαν
776 1280 821 1323 τὸ
848 1278 1037 1334 σύστημα
1063 1283 1145 1322 τῶν
1166 1277 1413 1337 ἀλλοφύλων
1421 1311 1435 1331 ,
1471 1280 1542 1321 καὶ

51 1350 223 1407 ἤνεγκαν
245 1351 289 1392 ἔκ
312 1350 508 1405 Βηθλεέμ
538 1356 642 1392 πιεῖν
672 1354 731 1407 τῷ
753 1351 893 1403 Λαβὶὸ
930 1347 1141 1404 αἰτήσαντι
1169 1348 1298 1406 ὕδωρ.
1362 1349 1543 1403 Ἀβεσσᾶ

52 1421 98 1463 δὲ
121 1418 142 1462 ὅ
165 1419 347 1477 ἀδελφὸς
366 1419 492 1474 ’Ῑωὰβ
510 1421 578 1461 καὶ
604 1419 784 1475 Ἀσσαὴλ
809 1417 1039 1463 ἐσπάσαντο
1068 1419 1143 1474 τὴν
1174 1417 1384 1476 ῥομφαίαν
1406 1419 1542 1461 αὐτῶν

51 1489 117 1532 ε’πὶ
140 1494 199 1549 τῷ
221 1491 470 1549 τραυματίᾳ.
541 1483 640 1545 ἦρχε
663 1490 706 1531 δὲ
726 1494 807 1531 τῶν
825 1494 950 1546 τριῶν
971 1488 1046 1543 οὐχ
1065 1485 1121 1538 ὥς
1142 1485 1244 1545 ὑπὲρ
1266 1488 1417 1538 αὖτοὺς
1439 1487 1466 1543 ἢ
1487 1485 1544 1539 ὥς

54 1559 169 1603 αὐτοὶ
200 1557 372 1615 ἰσχύων,
410 1558 505 1601 ἀλλ’
541 1556 597 1609 ὥς
627 1558 822 1615 συγγενὴς
849 1562 924 1602 τοῦ
947 1558 1172 1611 βασιλέως·
1221 1555 1348 1614 ἡγὰρ
1370 1555 1544 1611 δύναμις

0 1630 184 1678 Ξοαῦτοῧ
208 1629 312 1687 πρὸς
338 1628 435 1679 τοὺς
463 1635 571 1686 τρεῖς
593 1627 667 1671 οὐκ
688 1623 830 1684 ἦλθεν.
903 1627 1010 1671 ἀλλὰ
1028 1628 1097 1670 καὶ
1120 1627 1281 1677 Βανέας
1300 1626 1389 1677 υἱὸς
1403 1626 1542 1681 Ἰωάβ,

54 1699 236 1757 ἀδελφοῦ
264 1702 337 1742 τοῦ
365 1699 533 1752 Δαβίδ,
571 1698 745 1750 δυνατὸς
775 1698 831 1742 ὢν
861 1695 1142 1755 παρεβάλλετο
1176 1703 1262 1747 τοῖς
1289 1698 1442 1754 τρισίν,
1488 1696 1536 1739 οὗ
1560 1710 1592 1746 c

52 1769 190 1824 μέντοι
212 1769 345 1826 γε’γονε
369 1773 442 1824 τῆς
463 1765 602 1824 ἰσχύος
623 1768 772 1812 αὐτῶν.
840 1763 947 1824 ἦσαν
968 1768 1014 1810 δὲ
1035 1767 1255 1822 ὀνομαστοὶ
1282 1767 1351 1809 καὶ
1372 1768 1540 1810 δυνατοὶ

147 1901 170 1936 6
195 1895 282 1948 ἤτοι
304 1898 374 1936 τὸν
397 1898 529 1946 ξέστην
550 1912 670 1947 margo
695 1900 726 1935 P

52 2027 194 2063 quoque
220 2027 297 2051 cum
319 2014 467 2062 reliquis
490 2016 681 2052 vaticinari
705 2012 1114 2062 coepit3'detractisque
1142 2013 1211 2050 sibi
1237 2013 1399 2050 vestibus
1424 2014 1539 2049 nudus

52 2064 146 2099 diem
181 2075 224 2098 ac
255 2068 393 2098 noctem
421 2063 545 2098 iacuit.
593 2069 674 2110 post
705 2063 792 2098 haec
821 2062 981 2098 Davidus
1016 2073 1037 2096 a
1060 2060 1167 2096 Saule
1201 2072 1345 2107 prorsus
1375 2061 1539 2105 recessit,

53 2115 179 2156 parata
201 2109 539 2155 quadringentorum
561 2110 715 2144 virorum
733 2109 978 2145 bellicosorum
1002 2119 1118 2143 manu.
1166 2107 1256 2143 haec
1274 2113 1464 2143 consecuta
1486 2113 1542 2142 est

53 2168 146 2191 mors
167 2156 344 2200 Samueli,
383 2156 486 2203 isque
512 2157 605 2192 domi
628 2168 714 2191 suae
735 2157 931 2192 Ramathae
955 2156 1115 2190 humatus
1138 2160 1205 2189 est.
1254 2166 1330 2189 cum
1355 2167 1376 2189 a
1398 2154 1539 2188 Davido

78 2204 300 2248 ersequendo
325 2203 455 2237 Saulus
487 2215 557 2238 non
592 2203 804 2247 desisteret,
842 2204 1021 2238 Abessaus
1055 2206 1091 2235 et
1123 2201 1253 2235 Ioabus
1289 2213 1366 2236 cum
1397 2200 1538 2235 Davido

52 2262 91 2285 1n
110 2255 227 2284 castra
246 2249 340 2284 illius
366 2255 472 2285 noctu
495 2256 755 2296 pervenerunt,
790 2251 996 2295 hastamque
1017 2248 1112 2293 regis
1137 2252 1174 2282 et
1199 2247 1399 2282 lenticulam
1426 2258 1547 2292 aquae

54 2308 173 2332 secum
197 2296 431 2331 abstulerunt.
457 2298 618 2343 profugit
637 2297 766 2333 deinde
790 2297 835 2332 ad
858 2308 977 2342 regem
996 2295 1135 2330 Gethae
1157 2293 1346 2328 Anchisum
1364 2293 1539 2337 Davidus,

52 2343 157 2390 isque
183 2343 217 2377 ei
240 2343 362 2377 urbem
385 2343 562 2389 Siclagam
586 2344 770 2390 concedit,
794 2344 831 2379 in
855 2355 926 2390 qua
944 2342 1102 2377 Davidus
1124 2352 1188 2387 per
1211 2346 1378 2386 quattuor
1400 2350 1539 2389 menses

52 2389 247 2436 inquilinus
271 2389 352 2434 fuit,
377 2389 439 2424 ubi
458 2396 607 2426 statuam
631 2402 773 2437 quoque
797 2390 867 2425 sibi
892 2389 1070 2436 parricida
1094 2386 1300 2422 Absalomus
1323 2385 1459 2431 erexit,
1483 2391 1541 2421 et-

51 2436 123 2471 iam
147 2437 214 2471 hoc
238 2435 312 2471 suis
336 2437 469 2472 addens
494 2438 707 2474 sceleribus:
736 2438 930 2482 eodemque
953 2436 990 2471 in
1008 2435 1086 2469 loco
1104 2434 1280 2480 lapidibus
1302 2434 1450 2468 obrutus
1471 2436 1540 2467 est.

51 2483 123 2518 fuit
143 2484 329 2518 Iebosthes
354 2483 609 2530 chananaeus,
644 2485 706 2532 qui
737 2483 926 2530 evaginato
960 2482 1076 2528 gladio
1111 2492 1180 2515 una
1203 2491 1322 2527 pugna
1345 2480 1415 2514 900
1442 2479 1541 2514 viros

52 2529 268 2566 vulneravit.
317 2530 348 2565 is
373 2542 444 2565 non
467 2531 538 2566 fuit
558 2542 647 2566 unus
669 2533 714 2566 de
737 2532 872 2575 tribus,
911 2531 971 2565 sed
992 2539 1101 2575 supra
1125 2533 1198 2562 tres
1223 2532 1363 2573 potens.
1412 2526 1542 2561 deinde

52 2576 215 2622 Adinon,
248 2577 310 2623 qui
333 2578 458 2612 stricto
482 2577 600 2623 gladio
625 2580 692 2613 800
713 2577 937 2622 vulneravit,
963 2575 1135 2619 Eleazar,
1157 2573 1356 2619 tertiusque
1380 2572 1540 2607 Sameas.

52 2623 98 2658 hi·
124 2630 199 2659 tres
230 2624 371 2669 globum
406 2625 557 2659 hostium
591 2626 819 2660 barbarorum
850 2627 1112 2704 lperruperunt,
1151 2625 1188 2655 ct
1224 2619 1362 2666 petenti
1398 2619 1539 2654 Davido

53 2681 179 2716 aquam
215 2682 260 2706 ex
290 2670 519 2706 Bethlehema
552 2671 740 2706 bibendam
773 2677 848 2706 attu
864 2674 977 2705 erunt.
1025 2669 1205 2702 Abessaus
1235 2667 1348 2701 frater
1370 2666 1471 2701 Ioabi
1504 2673 1541 2701 et

53 2716 212 2751 Asaelis:
244 2717 276 2752 is
310 2729 395 2752 ense
419 2719 551 2753 nudato
573 2724 751 2753 trecentos
775 2717 963 2752 sauciavit.
1011 2714 1189 2760 praelatus
1213 2719 1328 2748 autem
1353 2713 1423 2748 fuit
1445 2713 1540 2748 inter

54 2768 149 2809 tres,
187 2776 258 2799 non
281 2764 376 2810 quod
399 2767 528 2800 robore
555 2777 616 2800 eos
643 2770 835 2811 aequaret,
865 2763 991 2798 nedum
1015 2761 1190 2805 anteiret,
1220 2760 1285 2795 sed
1307 2764 1346 2794 ut
1368 2765 1539 2805 cognatus

55 2809 174 2855 regis:
207 2822 288 2845 nam
311 2812 472 2857 potentia
495 2817 567 2847 tres
598 2811 686 2847 istos
709 2823 779 2846 non
802 2810 934 2856 attigit.
983 2807 1069 2854 quin
1092 2807 1197 2843 etiam
1215 2807 1367 2842 Banaias
1393 2807 1540 2841 Ioiadae

54 2855 103 2891 F.
123 2857 244 2892 fratris
266 2858 419 2904 Davidi,
445 2869 643 2905 quanquam
666 2860 712 2894 ob
735 2858 902 2893 virtutem
923 2855 1037 2891 tribus
1061 2854 1140 2889 istis
1158 2859 1441 2900 compararetur,
1468 2864 1539 2887 non

54 2907 172 2939 tamen
203 2915 324 2940 eorum
345 2905 513 2941 virtutem
538 2905 717 2953 aequavit.
765 2906 910 2940 fuerunt
940 2913 1048 2950 porro
1079 2901 1182 2937 etiam
1215 2901 1275 2937 alii
1304 2902 1350 2937 37
1382 2899 1540 2935 celebres
