1742 3184
393 149 790 239 mSTORIARbM
821 191 1216 239 coMPENDmM.
1447 198 1546 246 281

74 310 328 370 ὁογματζει,
370 311 440 355 καὶ
465 310 721 368 μεταβαίνειν
746 308 822 361 τὰς
846 307 990 365 ψυχὰς
1017 309 1075 360 εἷς
1107 307 1213 351 ἄλλα
1245 306 1419 366 σώματα
1449 313 1547 357 κατ’

74 383 193 434 ἀξίαν
222 379 420 438 ἑκάστης,
453 383 523 424 καὶ
549 378 656 424 κατά
682 397 796 431 τινας
820 377 1036 437 περιόδους
1064 375 1294 437 ὡρισμένας
1319 380 1551 437 ἀναπέμπε-

74 456 182 495 σθαι
205 449 330 494 πάλιν
357 452 414 502 εἷς
439 453 584 494 τοῦτον
604 450 674 494 τὸν
692 448 869 504 κόσμον,
904 455 1046 506 πεῖραν
1068 450 1344 506 παρεξομένας
1359 455 1434 506 τῆς
1454 451 1552 495 ἑαυ-

73 526 157 564 τῶν
188 519 474 577 προαιρέσεως.
542 522 611 562 καὶ
643 518 706 562 ὅτι
732 518 838 573 μετὰ
866 515 973 568 Διός
1000 534 1114 569 τινας
1142 516 1242 561 εἶναι
1274 524 1356 563 τῶν
1389 526 1554 576 ψυχῶν,

40 592 143 634 5καὶ
173 588 303 641 ἄλλας
331 588 435 644 μετὰ
467 592 551 632 τῶν
579 588 717 631 ἄλλων
742 592 868 630 θεῶν.
938 587 1182 645 εἱμαρμένην
1211 589 1260 632 δέ
1287 605 1412 647 φησιν
1438 589 1552 643 εἶναι,

75 659 124 702 οὗ
142 658 282 714 μέντοι
301 656 436 701 πάντα
455 656 563 701 καθ’
586 657 833 714 εἱμαρμένην
851 656 1052 712 γίνεσθαι.
1121 655 1143 699 ὅ
1169 658 1246 712 μὲν
1272 652 1346 701 οὖν
1369 658 1552 703 Πλάτων
1571 661 1604 697 C

73 727 313 784 συναγαγὼν
329 727 383 771 τὰ
403 728 496 785 τριά
513 726 617 784 μέρη
637 730 711 781 τῆς
729 725 836 768 κατὰ
855 723 989 768 πάντα
1009 728 1279 784 φιλοσοφίας,
1314 733 1553 786 φυσιολογι-

72 797 150 853 κὴν
168 796 322 853 ἠθικὴν
341 798 410 841 καὶ
430 795 618 853 λογικήν,
657 794 787 846 οὕτως
805 793 1060 851 ἐδογμάτισε.
1126 794 1310 840 Πλάτων
1330 798 1375 840 δὲ
1396 799 1551 842 ἐπωνο-

71 865 221 922 μάσθη
250 867 321 910 διὰ
350 866 397 909 τὸ
425 866 582 916 πλατὺς
609 862 707 908 εἶναι
730 865 776 908 τὸ
799 865 978 920 στέρνον.
1047 863 1164 908 ἄλλοι
1186 866 1232 909 δὲ
1254 864 1310 918 ὥς
1332 868 1489 911 πλατῦν
1509 870 1553 912 ἐν

17 944 64 981 10
74 934 209 993 λόγοις
226 934 436 978 Πλάτωνα
453 938 673 991 κληθῆναι.
742 928 861 984 οὗτος
878 934 974 988 ἓβίω
993 932 1060 989 ἔτη
1079 933 1167 989 πβ’.

209 1005 394 1056 Δέκατος
407 1004 697 1063 Ἀριστοτέλης.
745 997 865 1054 οὗτος
884 1003 1090 1060 ἀκροατὴς
1107 1002 1319 1060 γενόμενος
1337 1009 1412 1048 τοῦΙ
1428 1005 1553 1050 Πλά-

70 1091 199 1125 τωνος
225 1076 283 1126 εἷς
307 1076 450 1130 τέχνην
476 1074 551 1130 τὴν
580 1074 830 1132 φιλοσοφίαν
856 1072 979 1128 ἤγαγε
1005 1075 1073 1114 καὶ
1102 1072 1365 1132 λογικώτερος
1385 1076 1551 1132 ἐγένετο,

70 1143 125 1187 τὰ
147 1144 223 1199 μέν
250 1150 429 1199 στοιχεῖα
457 1148 540 1187 τῶν
564 1141 727 1185 πάντων
748 1140 1024 1195 ὑποθέμενος,
1054 1139 1140 1184 οἷον
1161 1144 1235 1198 τὴν
1255 1144 1398 1188 οὐσίαν
1416 1147 1547 1189 καὶτὸ

69 1211 354 1269 συμβεβηκός,
387 1213 466 1269 τὴν
484 1213 559 1268 μὲν
578 1213 720 1255 οὐσίαν
739 1212 839 1266 μιάν
862 1217 949 1261 τοῖς
973 1216 1096 1254 πᾶσιν
1116 1210 1402 1269 ὖποκειμένην,
1433 1214 1486 1257 τὰ
1506 1216 1552 1258 δὲ

15 1288 60 1326 1⁵
71 1282 362 1338 συμβεβηκότα
392 1283 525 1334 ἐννέα,
564 1283 631 1324 καὶ
655 1281 731 1335 τὴν
753 1281 828 1335 μὲν
851 1280 993 1323 οὐσίαν
1013 1279 1207 1337 τοιαύτην
1225 1280 1326 1325 εἶναι
1345 1280 1432 1326 οἷον
1449 1284 1550 1328 θεὸν
1570 1289 1604 1325 D

69 1354 138 1395 καὶ
167 1352 391 1408 ἄνθρωπον
411 1353 480 1395 καὶ
503 1353 627 1409 ζῷον,
662 1351 754 1406 περὶ
782 1349 811 1391 ἃ
838 1351 905 1392 καὶ
931 1350 983 1392 τὰ
1006 1349 1296 1406 συμβεβηκότα
1319 1356 1550 1409 θεωρεῖται,

69 1420 116 1464 τὸ
135 1422 211 1476 μὲν
231 1421 348 1464 ποιὸν
369 1419 455 1464 οἷον
473 1420 615 1463 λευκὸν
632 1420 784 1474 μέλαν,
819 1418 865 1461 τὸ
891 1419 935 1461 δὲ
955 1419 1085 1461 ποσὸν
1106 1418 1193 1463 οἷον
1212 1422 1360 1476 δίπηχυ
1376 1424 1553 1479 τρίπηχυ

68 1492 138 1533 καὶ
156 1488 372 1533 διπλάσιον
388 1492 456 1532 καὶ
474 1489 601 1544 ἣμισυ
622 1490 688 1532 καὶ
709 1489 860 1542 μεῖζον,
889 1487 936 1530 τὸ
954 1489 997 1530 δὲ
1016 1487 1119 1544 πρός
1136 1506 1175 1532 τι
1192 1487 1279 1533 οἷον
1297 1491 1432 1548 πατὴρ
1449 1491 1553 1544 υἱός,

67 1559 116 1602 τὸ
146 1561 191 1603 δέ
217 1564 299 1602 ποῦ
329 1557 417 1602 οἷον
440 1558 640 1614 Ἀθήνησι
667 1555 905 1613 Μεγάροις,
939 1557 982 1600 ἐν
1013 1559 1143 1617 οἰκίᾳ,
1179 1559 1221 1601 ἐν
1250 1559 1403 1620 ἀγορᾷ,
1436 1562 1483 1603 τὸ
1507 1563 1553 1604 δὲ

9 1630 168 1672 mucre*
201 1626 289 1672 οἷον
311 1629 418 1684 χθὲς
446 1629 637 1685 πέρυσιν,
679 1627 743 1669 ἐπὶ
778 1631 852 1681 τῆς
887 1625 1060 1681 δεκάτης
1084 1626 1388 1682 Ὀλυμπιάδος,
1432 1629 1480 1673 τό
1508 1631 1554 1673 δὲ

67 1705 196 1742 ποιεῖν
225 1696 313 1741 οἷον
339 1697 515 1756 γράφειν
545 1697 701 1751 τέμνειν
729 1696 855 1738 καίειν
891 1697 959 1738 καὶ
995 1694 1101 1747 ὅλως
1127 1697 1299 1754 ἐνεργεῖν
1327 1716 1389 1750 τι,
1431 1699 1479 1742 τὸ
1509 1700 1554 1742 δὲ

67 1766 238 1825 πάσχειν
272 1765 359 1811 οἷον
388 1768 611 1823 τέμνεσθαι
638 1766 831 1809 καίεσθαι
862 1763 1090 1808 τύπτεσθαι
1097 1797 1112 1818 ,
1155 1766 1203 1809 τὸ
1243 1767 1287 1809 δὲ
1326 1766 1428 1822 ἔχειν
1466 1766 1554 1812 οἷον

66 1842 294 1894 κεκτῆσθαι
323 1835 532 1882 ὡπλίσθαι
541 1869 556 1890 ,
601 1834 648 1879 τὸ
684 1835 730 1878 δὲ
763 1838 929 1878 κεῖσθαι
960 1831 1049 1878 οἷον
1078 1833 1315 1879 κατάκειται
1344 1835 1553 1881 ἀνάκειται

63 2028 142 2052 rum
164 2015 300 2053 animas
323 2014 412 2052 alias
433 2014 473 2051 iu
495 2012 566 2051 alia
584 2024 735 2069 corpora
750 2012 974 2059 immigrare,
996 2017 1104 2060 prout
1117 2024 1279 2060 quaeque
1294 2015 1441 2060 meruit,
1466 2027 1549 2052 eas-

65 2075 137 2108 que
159 2063 262 2098 statis
285 2063 494 2109 quibusdam
521 2067 676 2108 peractis
708 2060 914 2095 circuitibus
945 2061 983 2095 in
1014 2061 1108 2095 hunc
1137 2061 1299 2096 mundum
1332 2062 1471 2108 redire,
1509 2067 1550 2097 ut

65 2109 136 2144 sibi
170 2121 257 2144 suae
290 2108 484 2144 voluntatis
515 2107 694 2161 specimen
725 2107 929 2143 exhibeant.
994 2119 1074 2142 esse
1105 2108 1270 2153 quasdam
1303 2108 1438 2143 animas
1470 2119 1548 2143 cum

64 2156 175 2200 Iove,
207 2157 377 2201 quasdam
401 2166 479 2190 cum
501 2153 580 2189 aliis
603 2154 687 2189 diis.
733 2154 842 2189 fatum
868 2165 1008 2199 quoque
1032 2165 1132 2198 esse,
1161 2155 1226 2189 sed
1243 2166 1314 2189 non
1335 2154 1451 2189 omnia
1471 2155 1548 2190 fato

63 2202 160 2237 fieri.
208 2214 251 2237 ac
272 2201 376 2237 Plato
400 2201 541 2247 quidem
563 2206 638 2235 tres
661 2200 772 2235 totius
793 2200 1040 2246 philosophiae
1062 2206 1181 2246 partes
1205 2199 1428 2246 complexus,
1459 2211 1550 2246 qua-

64 2260 143 2284 rum
167 2249 282 2295 prima
303 2249 349 2283 de
371 2259 490 2282 rerum
523 2253 671 2291 natura,
700 2248 855 2282 secunda
877 2247 923 2282 de
945 2247 1120 2291 moribus,
1155 2248 1263 2282 tertia
1285 2247 1330 2281 de
1351 2246 1551 2282 disserendi

66 2301 122 2330 est
142 2295 307 2339 ratione,
341 2292 540 2328 huiusmodi
565 2293 751 2339 opiniones
772 2293 900 2328 tenuit.
947 2305 1073 2328 nomen
1092 2293 1255 2329 Platonis
1276 2293 1401 2328 habuit
1424 2305 1446 2327 a
1467 2293 1553 2328 lati—

65 2341 190 2376 tudine
212 2340 371 2387 pectoris
392 2341 476 2383 (est
498 2339 589 2374 euim
614 2339 738 2375 Platos
760 2340 913 2374 Graecis
932 2339 1107 2384 latitudo)
1130 2340 1209 2386 vel,
1234 2345 1274 2374 ut
1292 2339 1373 2374 aliis
1395 2339 1551 2385 videtur,

65 2389 111 2424 ab
133 2387 308 2423 orationis
330 2387 531 2422 latitudine.
578 2385 671 2421 vixit
691 2398 802 2421 annos
824 2386 1006 2430 octoginta
1032 2387 1133 2421 duos.

156 2434 324 2469 Decimus
354 2432 578 2468 Aristoteles.
625 2433 656 2467 is
686 2444 764 2468 cum
796 2433 992 2467 audivisset
1014 2432 1218 2477 Platonem,
1253 2435 1365 2467 artem
1388 2431 1550 2478 philoso-

64 2480 199 2526 phandi
231 2479 430 2516 constituit.
492 2478 692 2514 disserendi
720 2479 895 2514 rationem
929 2479 1148 2513 subtiliorem
1178 2478 1338 2524 redegit,
1372 2479 1554 2525 principia

65 2527 218 2562 omnium
245 2539 363 2562 rerum
389 2531 551 2561 statuens
581 2525 811 2560 substantiam
836 2531 874 2560 et
894 2525 1112 2570 accidentia,
1147 2537 1294 2571 quorum
1316 2525 1377 2559 illa
1399 2526 1552 2560 omnium

67 2579 163 2608 esset
188 2573 405 2616 subiectum,
440 2572 529 2606 haec
557 2571 597 2605 in
622 2584 748 2607 novem
781 2572 912 2607 classes
941 2572 1256 2617 distinguerentur.
1303 2572 1550 2617 substantiam,

66 2626 108 2655 ut
126 2620 231 2655 verbi
249 2631 357 2656 causa
380 2620 487 2663 deus,
520 2618 643 2663 homo,
671 2618 820 2662 animal,
853 2619 891 2652 in
914 2619 1040 2663 quibus
1059 2618 1220 2653 nimirum
1241 2617 1440 2653 accidentia
1462 2630 1550 2654 con·-

63 2667 289 2711 siderantur‚
311 2665 462 2711 qualitas
476 2691 486 2708 ,
510 2670 550 2698 ιιι
572 2664 710 2709 album,
732 2665 891 2710 nigrum3
915 2665 1114 2709 quantitas,
1138 2670 1178 2699 ut
1200 2664 1411 2710 bicubitum,
1433 2665 1548 2700 triou-

64 2713 195 2756 bitale‚
229 2712 392 2759 duplum,
428 2710 628 2755 dimidium,
661 2711 795 2754 maius3
838 2711 986 2756 relatio,
1019 2718 1060 2746 ut
1084 2716 1207 2758 pater,
1239 2710 1355 2754 filius3
1395 2711 1478 2757 ubi,
1509 2717 1550 2746 ut

64 2759 240 2804 Athenis,
270 2759 463 2804 Megarae,
495 2756 612 2801 domi,
643 2756 683 2792 in
704 2758 807 2801 foro3
847 2759 1008 2804 quando,
1039 2763 1082 2793 ut
1103 2757 1200 2802 heri,
1233 2758 1420 2804 superiore
1441 2769 1548 2802 anno,

65 2806 203 2841 decima
236 2805 471 2851 Olympiade;
508 2802 623 2847 actio,
658 2808 699 2838 ιιι
728 2806 905 2849 scribere,
938 2814 1079 2847 secare,
1111 2815 1236 2849 urere,
1271 2810 1379 2850 atque
1408 2805 1548 2840 omniuo

63 2864 173 2897 agere
196 2851 349 2897 aliquid3
381 2850 520 2906 passio,
546 2854 586 2885 ut
605 2849 741 2895 secari,
763 2852 839 2897 uri,
860 2850 986 2893 feriri3
1018 2849 1178 2895 habitus,
1199 2856 1240 2886 ut
1260 2849 1462 2899 possidere,
1486 2863 1547 2886 ar-

64 2905 195 2935 matum
222 2910 326 2942 esse;
364 2903 476 2944 utus,
507 2901 549 2933 ut
577 2896 807 2944 decumbere,
841 2897 1070 2944 accumbere,
1100 2898 1251 2944 sedere,
1284 2897 1462 2946 accipere.
1507 2897 1546 2934 in
