1742 3184
161 105 173 109 -
198 152 264 202 48
568 139 598 147 ”
687 144 933 202 GEORGII
960 142 1208 194 GEDRENI

200 259 268 316 καὶ
291 269 438 314 ἐλαιῶν
456 263 647 322 ἓκῦκλου,
682 268 751 311 καὶ
771 267 834 310 ἐπὶ
858 265 986 310 αὖτοῦ
1006 253 1181 325 πρώτως
1200 260 1436 320 ὠνόμασται
1458 258 1628 320 ι’ίγγελος
1644 261 1686 306 ἓν

200 346 253 401 τῇ
288 343 382 402 θείᾳ
411 345 567 398 γραφῇ.
636 339 703 382 καὶ
730 339 834 397 παρ’
874 335 1258 394 αὐτοῧΛῖγύπτιοι
1289 335 1364 390 τὴν
1391 338 1473 377 τῶν
1503 333 1690 392 ἀστέρων

197 413 317 456 θέσιν
339 412 405 454 καὶ
426 412 595 466 ποίησιν
607 411 677 452 ’καὶ
692 408 772 464 ’τὴν
794 407 1077 465 ἀριθμητικὴν
1092 405 1317 461 ἐπιστήμην
1337 404 1513 460 ἔμαθον.

326 479 420 525 ’Ότι
441 484 501 538 τῷ
529 478 590 523 κδ’
620 478 697 522 ἔτει
712 483 794 534 ’τῆς
820 476 979 534 ἡλικίας
998 477 1132 521 ἀὐτοῦ
1157 474 1178 519 ὃ
1197 474 1389 532 Ἀβραὰμ
1408 474 1596 531 ἐπιγνοὺς
1615 473 1687 517 τὸν

196 556 278 597 τῶν
307 551 414 595 ὅλων
449 551 551 594 θεὸν
579 547 830 607 προσεκύνει.
903 547 1070 604 ἄγγελος
1102 547 1146 590 δὲ
1173 547 1315 605 κυρίου
1347 546 1530 597 ἐδίδαξεν
1562 544 1722 588 αὖτὸνὸ

194 624 270 681 τὴν
287 620 492 680 Ἑβραΐδά
516 624 720 677 γλῶσσαν,
758 618 903 669 καθώς
922 617 1047 669 αὐτὸς
1066 615 1087 660 ὅ
1112 616 1281 674 ἄγγελος
1299 619 1359 674 τῷ
1377 618 1548 674 Μωϋσῇ
1569 613 1691 666 εἶπεν,

76 702 107 739 Ρ
128 701 176 738 27
201 692 256 745 ὡς
281 694 345 736 ἐπὶ
364 696 416 750 τῇ
437 694 564 748 λεπτῇ
582 696 708 733 κεῖται
730 690 771 731 Γ
769 689 905 732 ενὲσει.
951 690 1020 731 καὶ
1041 686 1062 730 ὃ
1080 687 1214 746 Ἀρὰμ
1238 687 1282 729 δὲ
1304 685 1500 743 ἀγόμενος
1518 691 1692 742 γυναῖκα

197 764 379 821 ἐγέννησε
402 761 472 804 τὸν
490 758 621 814 Λώτ,
647 760 861 819 θυγατέρα
882 759 926 802 δὲ
946 753 1138 814 Μελχάν.
1186 753 1340 814 ταύτην
1361 754 1558 814 ὃΝαχιὺρ
1582 759 1692 812 λαμ-

196 833 313 892 βάνει
335 838 521 889 γυναῖκα.
1073 855 1075 857 .

329 902 440 958 ’Ήὸη
463 902 508 944 δὲ
532 898 750 956 ἑξηκοστὸν
772 897 861 951 ἔτος
885 897 996 956 ἄγων
1018 895 1264 957 ὃἈβραάμ,
1300 894 1356 948 ὥς
1376 895 1451 939 οὐκ
1470 892 1601 939 ἐδόκει
1621 894 1693 938 τὸν
1706 902 1742 938 lc

199 973 357 1031 πατέρα
385 973 542 1015 πείθειν
569 972 636 1013 καὶ
657 970 753 1021 τοὺς
776 968 927 1021 ἄλλους
945 970 1118 1020 οἰκείους
1131 973 1210 1024 τῆς
1228 969 1320 1026 περὶ
1341 966 1394 1010 τὰ
1417 966 1566 1010 εἴδωλα
1587 965 1695 1008 ἄπο-

201 1045 377 1101 σχέσθαι
403 1042 746 1095 δεισιδαιμονίας,
796 1038 993 1083 λανθάνει
1012 1039 1158 1090 νυκτὸς
1172 1043 1258 1082 ’τῶν
1281 1036 1461 1081 εἰδώλων
1482 1035 1696 1093 ἐμπρήσας

202 1115 275 1158 τὸν
297 1111 419 1157 οἶκον.
489 1111 624 1154 αὐτῶν
651 1111 695 1153 δὲ
727 1111 1057 1166 ἓξαναλουμὲνων
1090 1111 1129 1153 οἱ
1158 1109 1330 1166 ἀδελφοὶ
1353 1106 1574 1164 νοήσαντες
1593 1107 1697 1149 ἀνα-

203 1187 388 1241 πηδῶσι,
430 1179 674 1238 βουλόμενοι
705 1182 747 1223 ἐκ
778 1180 907 1236 μέσου
940 1185 1014 1224 τοῦ
1046 1178 1177 1238 πυρὸς
1204 1179 1418 1231 ἐξελέσθαι
1448 1177 1502 1222 τὰ
1532 1177 1695 1220 εἴδωλα.

205 1251 515 1313 φιλοτιμότερον
549 1252 593 1294 δὲ
625 1250 646 1295 ὃ
667 1250 801 1308 Ἀρὰμ
826 1255 886 1311 τῷ
912 1249 1124 1308 πράγματι
1155 1247 1494 1308 προσφερόμενος
1519 1249 1561 1291 ἓν
1581 1248 1696 1305 μέσῳ
1710 1253 1742 1289 1Ξ

202 1325 492 1383 διαφθείρεται
523 1326 597 1364 τοῢ
629 1319 772 1378 πυρός.
860 1323 929 1364 καὶ
963 1319 1116 1375 θάψας
1153 1319 1279 1362 αὐτὸν
1314 1317 1336 1362 ὃ
1367 1315 1700 1375 ἀγαλματοποιὸς

147 1403 178 1440 Β
202 1395 338 1452 πατὴρ
369 1396 412 1436 ἓν
433 1392 514 1449 ’Ὼρ
543 1395 597 1450 τῇ
625 1389 741 1434 πόλει
764 1393 993 1434 Χαλδαίων
1013 1391 1304 1446 μετανίσταται
1334 1390 1402 1431 καὶ
1438 1391 1495 1439 εἷς
1518 1386 1700 1446 Χάρραν

199 1469 274 1522 τῆς
295 1463 627 1517 Μεσοποταμίας
647 1461 821 1519 ἔρχεται.
889 1462 995 1504 ἔνθα
1026 1459 1046 1503 ὃ
1073 1459 1284 1518 ’Λβραὰμ
1305 1459 1528 1502 ’δεκαπέντε
1551 1459 1620 1514 ἔτη
1640 1461 1699 1516 τῷ

200 1536 325 1593 πατρὶ
350 1531 596 1588 συνοικήσας
617 1530 749 1574 ἔννοεῖ
764 1530 861 1573 ποτὲ
883 1531 1029 1582 νυκτὸς
1048 1531 1091 1574 ἔκ
1114 1535 1189 1586 τῆς
1212 1534 1294 1573 τῶν
1323 1524 1487 1588 ἄστρων
1503 1528 1701 1584 κινήσεως

201 1610 278 1649 τοῦ
304 1602 485 1653 ἐπιόντος
515 1605 662 1659 καιροῦ
692 1601 1042 1657 κατασκέψασθαι
1078 1601 1152 1656 τὴν
1183 1598 1407 1656 ποιότητα·
1454 1594 1505 1655 ἦν
1537 1599 1617 1658 γὰρ
1651 1597 1742 1643 οῧ21

202 1675 378 1732 μετρίως
400 1672 478 1715 ὑπὸ
509 1676 583 1715 τοῦ
600 1671 756 1729 πατρὸς
777 1669 941 1714 ἅπασαν
962 1671 1036 1727 τὴν
1055 1670 1249 1726 τοιαύτην
1269 1671 1512 1726 ἒξασκηθεὶς
1534 1667 1702 1725 ἐπιστή-

202 1763 299 1801 μην.
325 1745 393 1787 καὶ
417 1743 467 1798 ὀὴ
489 1741 592 1798 μετὰ
613 1741 687 1798 τὴν
710 1740 883 1784 ἑκάστου
907 1746 989 1784 τιῦν
1013 1741 1266 1797 ζητουμένων
1287 1738 1519 1797 διάγνωσιν,
1540 1741 1703 1795 συνίησι

203 1814 395 1873 περιττὴν
430 1811 596 1856 ἅπασαν
625 1810 726 1856 εἶναι
757 1812 831 1867 τὴν
860 1810 1054 1868 τοιαύτην
1083 1812 1337 1870 περιεργίαν·
1363 1808 1593 1855 ’δύνασθαι
1622 1809 1703 1868 γὰρ

513 1882 526 1896 .

207 2005 286 2030 rum
310 1996 346 2028 et
370 1991 525 2027 olearum
544 1990 674 2035 cinxit3
708 2003 751 2027 ac
786 1991 852 2027 sub
886 2003 929 2026 eo
959 1990 1110 2037 primum
1142 1990 1181 2026 in
1214 2002 1317 2026 sacra
1347 1989 1526 2037 scriptura
1559 1987 1707 2034 angelus

209 2041 434 2082 nominatur3
466 2045 502 2074 et
526 2041 571 2074 ab
595 2039 674 2085 ipso
701 2038 872 2085 Aegyptii
894 2039 1049 2085 positum
1075 2038 1254 2074 stellarum
1279 2043 1316 2074 et
1335 2038 1560 2074 effectionem
1583 2048 1709 2071 nume-

207 2099 397 2133 rorumque
423 2086 607 2122 scientiam
631 2086 845 2121 didicerunt.
1147 2107 1149 2109 ·

304 2135 440 2169 Annum
473 2133 602 2169 aetatis
634 2134 841 2179 vigesimum
877 2137 1039 2178 quartum
1071 2144 1180 2178 agens
1205 2133 1422 2168 Abrahamus
1446 2130 1605 2177 agnitum
1626 2129 1709 2164 uni-

209 2181 309 2216 versi
334 2181 495 2228 opificem
522 2181 699 2216 adoravit.
747 2179 891 2225 angelus
925 2185 1042 2214 autem
1075 2180 1134 2215 dei
1166 2180 1288 2215 docuit
1312 2193 1389 2215 eum
1414 2179 1606 2214 Ebraicum
1631 2189 1711 2212 ser-

210 2241 361 2274 monem,
387 2227 492 2263 sicuti
518 2227 780 2274 idemlangelus
806 2226 900 2262 Mosi
922 2227 1025 2272 dixit,
1050 2232 1089 2262 ut
1114 2232 1169 2262 est
1192 2227 1229 2261 in
1254 2239 1364 2273 parva
1389 2225 1539 2262 Genesi.
1589 2225 1653 2260 sed
1674 2228 1712 2258 et

210 2276 360 2311 Aramus
394 2287 506 2311 uxore
537 2275 644 2311 ducta
675 2275 805 2310 Lotum
837 2274 961 2320 genuit
993 2285 1036 2309 ac
1068 2273 1175 2309 filiam
1200 2274 1396 2321 Melcham‚
1432 2271 1709 2321 quae‘Nachori

210 2323 347 2369 nupsit.

305 2369 522 2404 Abrahamus
546 2369 616 2405 iam
640 2367 906 2414 sexagenarius,
930 2379 1009 2402 cum
1028 2367 1170 2403 videret
1193 2381 1232 2403 se
1251 2369 1433 2404 suadendo
1453 2371 1591 2415 patrem
1611 2370 1711 2400 cete-

211 2427 343 2461 rosque
358 2416 571 2451 domesticos
590 2429 608 2450 a
625 2416 875 2462 superstitioso
896 2414 1160 2450 simulacrorum
1185 2416 1279 2451 cultu
1299 2417 1477 2452 deducere
1500 2425 1571 2448 non
1592 2424 1712 2457 posse,

213 2468 321 2498 noctu
344 2463 430 2498 clam
455 2464 615 2499 omnibus
640 2464 760 2498 fanum
784 2462 1049 2498 simulacrorum
1071 2462 1244 2498 incendit.
1293 2476 1385 2509 quae
1409 2474 1486 2498 cum
1509 2460 1712 2504 conflagra—

213 2514 316 2550 rent,
343 2511 473 2545 fratres
497 2523 537 2545 re
560 2510 740 2546 intellecta
763 2509 1024 2556 prosiluerunt,
1048 2514 1088 2544 ut
1112 2522 1157 2544 ex
1180 2510 1296 2545 medio
1323 2511 1407 2556 igne
1428 2507 1619 2544 simulacra
1638 2506 1711 2540 eri-

214 2560 364 2603 perent3
399 2563 436 2592 et
454 2559 600 2593 Aramus
625 2570 702 2593 cum
727 2569 803 2592 eam
825 2569 899 2591 rem
923 2556 1048 2591 maiori
1072 2561 1202 2592 conatu
1221 2557 1423 2601 moliretur,
1451 2556 1489 2589 in
1514 2554 1630 2588 medio
1654 2553 1714 2587 in-

214 2603 343 2637 cendio
367 2604 488 2650 periit.
537 2605 629 2639 hunc
661 2617 738 2640 cum
770 2610 874 2651 pater
909 2603 1175 2639 simulacrorum
1205 2605 1327 2649 opifex
1351 2605 1390 2638 in
1410 2603 1488 2637 Ure
1511 2601 1715 2636 Chaldaeae

214 2650 372 2695 regionis
394 2652 482 2686 urbe
509 2651 699 2697 humasset,
722 2652 807 2686 inde
829 2651 987 2692 Char-ras
1006 2651 1287 2698 Mesopotamiae
1310 2653 1434 2686 urbem
1453 2647 1714 2693 commigravit.

217 2709 261 2732 eo
284 2697 353 2731 loci
376 2697 594 2743 Abraham,
631 2711 707 2734 cum
732 2711 798 2746 per
824 2698 1023 2744 quindecim
1054 2710 1164 2732 annos
1196 2699 1234 2732 in
1257 2698 1391 2732 familia
1415 2696 1526 2743 patris
1549 2695 1715 2738 vixisset,

215 2748 323 2779 nocte
356 2745 503 2790 quadam
531 2746 640 2780 subiit
672 2759 716 2780 ex
739 2746 894 2781 siderum
918 2750 1015 2780 motu
1036 2745 1257 2791 insequentis
1280 2745 1449 2790 temporis
1474 2747 1603 2778 statum
1628 2753 1717 2776 con-

217 2791 400 2836 siderare,
437 2791 570 2838 quippe
595 2805 664 2827 non
689 2792 917 2828 mediocriter
942 2804 1079 2827 omnem
1105 2804 1180 2827 eam
1205 2792 1389 2827 scientiam
1414 2790 1527 2837 patris
1552 2788 1717 2824 doctrina

219 2843 328 2884 atque
356 2839 609 2873 exercitatione
632 2840 784 2875 tenenti.
824 2851 909 2885 ergo
933 2839 1084 2885 singulis
1108 2841 1154 2874 de
1177 2840 1305 2885 quibus
1329 2838 1528 2884 quaerebat
1551 2835 1717 2870 conside-

201 2885 329 2933 -ratis,
366 2897 664 2933 supervacaneam
699 2899 778 2922 esse
808 2887 1011 2924 universam
1045 2887 1150 2922 istam
1186 2885 1429 2922 curiositatem
1465 2881 1718 2930 deprehendit,
