1742 3184
167 149 234 176 xii
714 132 1112 178 XYLANDRI

161 245 344 289 coi-darer
364 247 412 290 de
431 247 560 304 priore
579 247 672 290 alibi
700 263 761 291 me
788 248 956 291 nonnihil
987 249 1100 291 etiam
1128 248 1282 293 dixisse.
1342 250 1411 294 sed
1427 259 1464 294 et
1491 251 1652 295 alienum

161 314 300 371 aliquid
319 316 490 372 personis
521 318 657 360 vestris
677 326 737 359 aut
757 324 960 374 praesente
979 316 1161 367 instituto,
1193 318 1319 375 qualia
1339 319 1387 361 ad
1410 319 1569 363 animum
1589 336 1650 362 ac-

161 384 334 427 cidebant
352 386 463 429 multa
483 395 598 444 atque
614 389 743 437 varia,
774 387 812 429 in
834 385 997 428 medium
1019 384 1163 429 afferre
1183 387 1478 445 intempestivum
1497 389 1651 432 videba-

112 510 120 515 μή
161 462 222 497 tur
249 462 358 511 atque
379 454 562 498 insolens:
618 471 741 512 neque
763 454 860 497 enim
897 453 1041 496 laudari
1077 455 1282 498 sentiebam
1308 471 1391 499 eum
1418 458 1479 515 qui
1506 458 1652 515 delphi-

164 538 250 564 num
277 523 382 565 silvis
404 525 593 581 appinxit,
626 524 796 567 fluctibus
823 539 966 580 aprum.
1026 524 1151 580 itaque
1183 524 1221 566 in
1241 527 1455 581 praesentia
1476 528 1564 570 satis
1586 527 1652 569 ha-

163 591 227 634 bui
256 607 375 649 pauca
396 592 444 634 de
475 594 558 650 ipso
587 593 663 635 hoc
691 588 872 636 historico
893 607 1013 649 opere
1032 600 1070 633 et
1088 606 1173 634 mea
1191 608 1300 649 quam
1328 595 1437 638 vobis
1462 610 1508 638 ac
1528 596 1652 652 reipu-

162 660 288 703 blicae
308 662 345 704 in
379 675 428 704 eo
447 661 679 704 conficiendo
699 662 833 704 navavi
859 676 979 718 opera
1000 660 1152 710 dicere;
1186 661 1312 719 itaque
1341 663 1486 706 lectore
1504 678 1577 705 non
1599 665 1652 706 in-

163 729 323 780 utiliter,
359 738 397 772 ut
416 730 566 787 quidem
586 744 661 788 ego
680 738 787 787 puto,
823 729 873 772 de
893 729 1108 786 quibusdam
1125 733 1382 787 praemonito,
1409 732 1653 776 dedicationis

164 813 321 842 munere
354 798 522 857 defungi.

278 867 355 909 Iam
379 868 557 924 primum,
588 868 670 925 quis
698 867 811 911 fuerit
835 867 1052 920 Cedrenus,
1086 877 1192 912 certo
1224 869 1517 927 deprehendere
1553 869 1654 912 nullo

170 936 307 979 indicio
331 937 447 993 potui,
477 951 559 979 cum
578 935 626 978 de
645 952 688 979 se
707 937 790 994 ipso
810 936 927 988 nihil,
962 936 1036 979 hoc
1056 938 1204 995 quidem
1225 939 1263 981 in
1281 953 1413 995 opere,
1447 940 1655 982 memoriae

168 1005 398 1061 prodiderit,
429 1020 551 1062 neque
571 1005 620 1047 ab
637 1005 722 1052 aliis
741 1007 809 1056 sit,
842 1006 942 1063 quod
960 1021 1037 1064 ego
1060 1008 1198 1058 sciam,
1228 1007 1395 1051 laudatus
1414 1016 1476 1051 aut
1489 1009 1654 1051 nomina-

169 1082 226 1116 tus
258 1074 514 1131 scriptoribus,
574 1089 623 1117 eo
655 1082 779 1117 tamen
814 1075 965 1117 inclinat
1009 1077 1149 1118 animus
1186 1084 1223 1119 ut
1271 1077 1507 1119 sacerdotem
1542 1077 1657 1120 fuisse

169 1145 336 1200 suspicer
354 1153 415 1186 aut
434 1145 545 1186 etiam
563 1143 807 1193 monachum
838 1145 986 1187 tametsi
1006 1145 1152 1187 videtur
1170 1145 1243 1187 hoc
1261 1161 1335 1188 non
1354 1146 1469 1188 fuisse
1489 1146 1656 1188 dissimu-

168 1212 319 1256 laturus.
377 1228 486 1257 meae
517 1214 756 1256 coniecturae
779 1228 907 1256 ansam
931 1214 1117 1271 praebent
1145 1230 1227 1257 cum
1255 1230 1376 1272 genus
1405 1215 1554 1258 dicendi
1584 1230 1658 1271 quo

168 1290 225 1324 est
245 1298 351 1333 usus»,
381 1291 455 1325 tum
483 1297 574 1340 quas
604 1282 652 1325 de
679 1282 870 1342 religione
901 1290 939 1325 et
957 1285 1208 1326 caeremoniis
1226 1284 1343 1326 habet
1375 1284 1655 1340 disputationes.

166 1351 216 1393 de
235 1351 366 1408 quibus
384 1367 458 1394 non
478 1351 644 1408 impedio
664 1353 750 1408 quin
770 1352 924 1407 quisque
955 1366 1022 1393 suo
1043 1359 1154 1407 captu
1183 1359 1222 1394 et
1239 1366 1349 1394 sensu
1370 1353 1530 1396 iudicet:
1570 1353 1658 1410 quid

165 1435 243 1478 ego
263 1421 434 1471 iudicem,
463 1421 555 1463 satis
587 1420 704 1463 credo
739 1434 827 1462 esse
862 1419 974 1462 bonis
1006 1428 1154 1469 notum3
1184 1434 1308 1476 neque
1340 1429 1397 1464 est
1428 1437 1495 1465 cur
1523 1430 1657 1464 mutem

164 1490 384 1532 sententiam
407 1490 480 1532 ulla
502 1490 639 1532 idonea
662 1504 786 1532 causa.
847 1489 994 1545 quando
1024 1489 1184 1539 vixerit,
1215 1489 1334 1532 nihilo
1364 1492 1486 1549 magis
1516 1500 1658 1533 constat

166 1574 274 1615 quam
308 1575 381 1615 qua
410 1559 622 1601 conditione
640 1558 805 1607 vixerit3
839 1557 910 1600 nisi
944 1557 1045 1614 quod
1064 1557 1265 1614 probabile
1299 1568 1355 1602 est
1382 1576 1507 1603 rerum
1540 1562 1659 1617 potito

164 1628 284 1670 lsacio
305 1627 497 1670 Comneno
520 1629 602 1684 (qui
625 1627 706 1670 iniit
727 1627 921 1683 imperium
951 1628 1087 1671 eodem
1107 1629 1192 1672 fere
1212 1644 1285 1685 quo
1303 1629 1500 1672 Heinricus
1522 1630 1575 1672 IV
1595 1645 1658 1670 an-

166 1711 239 1746 no,
275 1698 337 1753 qui
369 1697 437 1739 fuit
474 1712 498 1738 a
525 1705 612 1739 nato
643 1695 794 1739 Christo
829 1698 885 1739 59
920 1712 1034 1754 supra
1065 1696 1318 1752 millesimum)
1351 1713 1433 1740 eum
1463 1699 1660 1754 scripsisse

165 1780 254 1807 suos
273 1766 457 1808 Annales:
501 1764 543 1807 hi
579 1764 679 1806 enim
716 1764 754 1807 in
783 1765 891 1807 istum
925 1766 1106 1810 desinunt.
1166 1768 1199 1809 is
1227 1767 1289 1822 qui
1312 1767 1480 1809 codicem
1499 1775 1660 1810 vestrum

167 1835 317 1891 scripsit
337 1835 533 1884 librarim,
563 1834 672 1876 Isacii
686 1833 827 1891 Angeli
848 1835 1045 1892 aliquoties
1064 1837 1288 1878 mentionem
1308 1836 1398 1880 fecit
1416 1837 1454 1879 in
1472 1838 1659 1894 margine.

171 1904 240 1946 fuit
274 1904 337 1946 hic
371 1904 508 1947 Isacius
542 1903 734 1949 Friderici
752 1904 1001 1948 Ahenobarbi
1034 1905 1273 1963 imperatoris
1304 1905 1485 1950 Germani
1524 1921 1661 1963 aequa-

172 1974 238 2024 lis,
277 1982 315 2016 et
356 1974 503 2031 occepit
523 1972 756 2029 Cpolitanum
794 1989 952 2031 regnum
993 1976 1095 2018 circa
1135 1990 1267 2017 annum
1308 1977 1442 2026 1185,
1492 1984 1531 2019 ut
1573 1991 1660 2018 cen-

173 2051 247 2086 tum
266 2043 349 2086 fere
376 2044 481 2086 annis
504 2043 626 2085 codex
646 2043 717 2085 iste
736 2051 888 2086 auctore
909 2059 975 2086 suo
999 2044 1191 2088 recentior
1211 2044 1324 2087 fuisse
1345 2044 1526 2088 videatur.
1586 2061 1663 2087 non

174 2113 421 2157 dissimulavit
438 2112 622 2156 librarius.
641 2112 840 2169 aliquoties
858 2127 901 2155 se
921 2113 960 2156 in
982 2114 1203 2170 exemplari,
1231 2114 1330 2169 quod
1352 2113 1561 2170 descripsit,
1593 2115 1660 2157 ali-

174 2191 262 2238 quot
299 2184 520 2240 paginarum
554 2180 737 2224 defectum
772 2182 947 2225 sensisse.
1014 2183 1083 2225 sed
1117 2191 1234 2225 utrum
1267 2182 1415 2239 reliqua
1447 2184 1571 2225 omnia
1610 2184 1663 2225 ita

175 2251 311 2294 suerint
329 2252 377 2294 ab
395 2260 548 2295 auctore
566 2251 771 2309 composita
789 2251 973 2308 quomodo
993 2252 1041 2294 ad
1060 2267 1128 2295 nos
1144 2252 1292 2295 scribae
1314 2252 1418 2295 istius
1437 2268 1558 2309 opera
1576 2267 1661 2309 per-

176 2329 378 2372 venerunt,
423 2321 585 2365 dubitari
616 2320 715 2364 haud
749 2320 884 2365 iniuria
916 2329 1060 2378 potest:
1097 2337 1170 2364 non
1207 2322 1305 2365 enim
1339 2321 1519 2364 mendosa
1550 2321 1664 2362 modo

178 2390 381 2446 quaedam,
410 2391 479 2432 sed
509 2390 618 2448 plura
652 2391 765 2437 etiam
796 2389 857 2434 his
887 2391 1051 2433 mutilata
1083 2391 1146 2434 vel
1180 2391 1349 2448 comperi
1371 2390 1435 2433 vel
1461 2389 1664 2445 suspicatus

179 2474 280 2508 sum,
312 2459 410 2516 quod
430 2459 627 2516 aliquoties
654 2461 693 2504 in
721 2460 1016 2504 annotationibus
1047 2460 1205 2503 ostendi.
1264 2475 1382 2518 porro
1410 2466 1532 2505 autem
1551 2457 1664 2500 facile

178 2528 405 2572 crediderim
433 2528 596 2572 lectores
626 2531 665 2572 in
699 2529 808 2572 bonis
827 2530 1069 2589 scriptoribus
1088 2519 1270 2573 versatos*
1286 2537 1324 2572 et
1342 2528 1477 2570 iudicio
1497 2526 1663 2584 aliquan—

180 2605 256 2639 tum
284 2612 392 2654 quam
419 2598 552 2655 vulgus
580 2599 720 2642 acriori
739 2598 952 2656 praeditos,
984 2600 1048 2643 ubi
1068 2600 1268 2642 lectionem
1288 2598 1394 2641 huius
1414 2596 1543 2653 operis
1563 2595 1662 2638 insti-

183 2667 339 2717 tuerint,
372 2667 567 2711 molestiae
594 2667 780 2725 principio
810 2667 949 2726 aliquid
979 2677 1040 2712 aut
1071 2669 1181 2711 etiam
1214 2681 1379 2711 nauseae
1399 2673 1662 2708 contracturos.

133 2792 135 2795 Α
186 2735 371 2792 pollicitus
391 2738 489 2780 enim
509 2745 638 2781 auctor
670 2740 719 2781 ab
739 2741 844 2783 initio
865 2738 988 2781 mundi
1009 2754 1123 2796 usque
1154 2737 1202 2779 ad
1221 2751 1286 2779 sua
1304 2743 1471 2794 tempora
1491 2734 1668 2777 historias

191 2821 234 2849 se
268 2807 487 2864 compendio
521 2808 778 2861 recitaturum,
819 2809 883 2853 ubi
914 2808 964 2851 ad
994 2822 1074 2852 rem
1107 2816 1253 2851 ventum
1283 2813 1352 2859 est,
1380 2818 1502 2861 neque
1529 2803 1669 2862 optimo
