<?xml version="1.0" encoding="UTF-8"?>
<!DOCTYPE html PUBLIC "-//W3C//DTD XHTML 1.0 Transitional//EN"
    "http://www.w3.org/TR/xhtml1/DTD/xhtml1-transitional.dtd">
<html xmlns="http://www.w3.org/1999/xhtml" xml:lang="en" lang="en">
 <head>
  <title>
</title>
<meta http-equiv="Content-Type" content="text/html;charset=utf-8" />
  <meta name='ocr-system' content='tesseract 3.04.00' />
  <meta name='ocr-capabilities' content='ocr_page ocr_carea ocr_par ocr_line ocrx_word'/>
</head>
<body>
  <div class='ocr_page' id='page_1' title='image "./corpusscriptorum13niebuoft_0371.png"; bbox 0 0 1742 3184; ppageno 0'>
   <div class='ocr_carea' id='block_1_1' title="bbox 392 219 1542 269">
    <p class='ocr_par' dir='ltr' id='par_1_1' title="bbox 392 219 1542 269">
     <span class='ocr_line' id='line_1_1' title="bbox 392 219 1542 269; baseline 0.002 -2"><span class='ocrx_word' id='word_1_1' title='bbox 392 221 791 268; x_wconf 84' lang='lat' dir='ltr'><strong>HISTORIARUM</strong></span> <span class='ocrx_word' id='word_1_2' title='bbox 825 219 1214 266; x_wconf 81' lang='lat' dir='ltr'><strong>coMPENDmM.</strong></span> <span class='ocrx_word' id='word_1_3' title='bbox 1443 220 1542 269; x_wconf 85' lang='lat'><strong>347</strong></span> 
     </span>
    </p>
   </div>
   <div class='ocr_carea' id='block_1_2' title="bbox 2 332 1676 1924">
    <p class='ocr_par' dir='ltr' id='par_1_2' title="bbox 2 332 1676 1924">
     <span class='ocr_line' id='line_1_2' title="bbox 66 332 1539 396; baseline -0.003 -12"><span class='ocrx_word' id='word_1_4' title='bbox 66 338 215 385; x_wconf 68' lang='grc' dir='ltr'><strong><em>Λύκον</em></strong></span> <span class='ocrx_word' id='word_1_5' title='bbox 236 339 282 384; x_wconf 77' lang='grc' dir='ltr'><strong>δὲ</strong></span> <span class='ocrx_word' id='word_1_6' title='bbox 300 339 370 383; x_wconf 80' lang='grc' dir='ltr'><strong>τὸν</strong></span> <span class='ocrx_word' id='word_1_7' title='bbox 389 337 573 394; x_wconf 81' lang='grc' dir='ltr'><strong><em>ποταμὸν</em></strong></span> <span class='ocrx_word' id='word_1_8' title='bbox 594 336 864 396; x_wconf 78' lang='grc' dir='ltr'><strong><em>ε’στοιχείωσεν</em></strong></span> <span class='ocrx_word' id='word_1_9' title='bbox 883 335 987 382; x_wconf 77' lang='grc' dir='ltr'><strong><em>ὥστε</em></strong></span> <span class='ocrx_word' id='word_1_10' title='bbox 1016 335 1076 393; x_wconf 81' lang='grc' dir='ltr'><strong><em>μὴ</em></strong></span> <span class='ocrx_word' id='word_1_11' title='bbox 1106 332 1460 394; x_wconf 86' lang='grc' dir='ltr'><strong><em>πλημμυρήσαντα</em></strong></span> <span class='ocrx_word' id='word_1_12' title='bbox 1491 336 1539 381; x_wconf 84' lang='grc' dir='ltr'><strong>τὸ</strong></span> 
     </span>
     <span class='ocr_line' id='line_1_3' title="bbox 65 407 692 464; baseline -0.005 -10"><span class='ocrx_word' id='word_1_13' title='bbox 65 407 289 464; x_wconf 85' lang='grc' dir='ltr'><strong><em>Βυζάντιον</em></strong></span> <span class='ocrx_word' id='word_1_14' title='bbox 307 407 692 464; x_wconf 75' lang='grc' dir='ltr'><strong><em>καταλυμήνασθαι.</em></strong></span> 
     </span>
     <span class='ocr_line' id='line_1_4' title="bbox 206 473 1542 535; baseline -0.003 -13"><span class='ocrx_word' id='word_1_15' title='bbox 206 476 313 522; x_wconf 82' lang='grc' dir='ltr'>Τότε</span> <span class='ocrx_word' id='word_1_16' title='bbox 332 476 559 535; x_wconf 74' lang='grc' dir='ltr'><strong><em>Αἰγύπτιος</em></strong></span> <span class='ocrx_word' id='word_1_17' title='bbox 577 477 728 535; x_wconf 80' lang='grc' dir='ltr'><strong><em>λῃστὴς</em></strong></span> <span class='ocrx_word' id='word_1_18' title='bbox 744 473 934 533; x_wconf 73' lang='grc' dir='ltr'><strong><em>ἐξήγαγεν</em></strong></span> <span class='ocrx_word' id='word_1_19' title='bbox 954 476 1011 527; x_wconf 72' lang='grc' dir='ltr'><strong>εἷς</strong></span> <span class='ocrx_word' id='word_1_20' title='bbox 1037 473 1111 531; x_wconf 76' lang='grc' dir='ltr'><strong>τὴν</strong></span> <span class='ocrx_word' id='word_1_21' title='bbox 1136 473 1287 533; x_wconf 62' lang='grc' dir='ltr'><strong><em>ἔρημον</em></strong></span> <span class='ocrx_word' id='word_1_22' title='bbox 1307 475 1404 527; x_wconf 75' lang='grc' dir='ltr'><strong><em>τοὺς</em></strong></span> <span class='ocrx_word' id='word_1_23' title='bbox 1425 492 1542 518; x_wconf 88' lang='grc' dir='ltr'><strong><em>σικα-</em></strong></span> 
     </span>
     <span class='ocr_line' id='line_1_5' title="bbox 69 543 1541 606; baseline 0 -16"><span class='ocrx_word' id='word_1_24' title='bbox 69 548 202 606; x_wconf 84' lang='grc' dir='ltr'><strong><em>ρίους,</em></strong></span> <span class='ocrx_word' id='word_1_25' title='bbox 238 547 311 598; x_wconf 74' lang='grc' dir='ltr'><strong>οὓς</strong></span> <span class='ocrx_word' id='word_1_26' title='bbox 325 550 504 602; x_wconf 73' lang='grc' dir='ltr'><strong><em>μετῆλθε</em></strong></span> <span class='ocrx_word' id='word_1_27' title='bbox 528 545 658 602; x_wconf 77' lang='grc' dir='ltr'><strong><em>Φήλιξ</em></strong></span> <span class='ocrx_word' id='word_1_28' title='bbox 681 543 892 602; x_wconf 68' lang='grc' dir='ltr'><strong><em>ὃῆγέμιῦν.</em></strong></span> <span class='ocrx_word' id='word_1_29' title='bbox 960 545 1167 604; x_wconf 79' lang='grc' dir='ltr'><strong><em>σικαρίους</em></strong></span> <span class='ocrx_word' id='word_1_30' title='bbox 1187 546 1233 588; x_wconf 77' lang='grc' dir='ltr'><strong>δὲ</strong></span> <span class='ocrx_word' id='word_1_31' title='bbox 1261 544 1410 596; x_wconf 73' lang='grc' dir='ltr'><strong><em>αὐτοὺς</em></strong></span> <span class='ocrx_word' id='word_1_32' title='bbox 1439 546 1541 590; x_wconf 84' lang='grc' dir='ltr'><strong><em>ὠνό-</em></strong></span> 
     </span>
     <span class='ocr_line' id='line_1_6' title="bbox 32 612 1594 674; baseline -0.002 -14"><span class='ocrx_word' id='word_1_33' title='bbox 32 631 196 672; x_wconf 80' lang='grc' dir='ltr'><strong><em>5μασεν</em></strong></span> <span class='ocrx_word' id='word_1_34' title='bbox 216 615 295 659; x_wconf 83' lang='grc' dir='ltr'><strong><em>ἀπὸ</em></strong></span> <span class='ocrx_word' id='word_1_35' title='bbox 316 620 397 660; x_wconf 86' lang='grc' dir='ltr'><strong>τῶν</strong></span> <span class='ocrx_word' id='word_1_36' title='bbox 417 618 629 673; x_wconf 78' lang='grc' dir='ltr'><strong><em>σικαρίων,</em></strong></span> <span class='ocrx_word' id='word_1_37' title='bbox 664 616 692 659; x_wconf 78' lang='grc' dir='ltr'><em>ἅ</em></span> <span class='ocrx_word' id='word_1_38' title='bbox 721 617 805 659; x_wconf 75' lang='grc' dir='ltr'><strong><em>ἔστι</em></strong></span> <span class='ocrx_word' id='word_1_39' title='bbox 833 616 1033 673; x_wconf 86' lang='grc' dir='ltr'><strong><em>μαχαίρια</em></strong></span> <span class='ocrx_word' id='word_1_40' title='bbox 1061 612 1208 673; x_wconf 86' lang='grc' dir='ltr'><strong><em>μικρά,</em></strong></span> <span class='ocrx_word' id='word_1_41' title='bbox 1251 613 1280 657; x_wconf 81' lang='grc' dir='ltr'><em>ἃ</em></span> <span class='ocrx_word' id='word_1_42' title='bbox 1297 615 1537 674; x_wconf 73' lang='grc' dir='ltr'><strong><em>ἐπεφέροντο</em></strong></span> <span class='ocrx_word' id='word_1_43' title='bbox 1559 622 1594 657; x_wconf 88' lang='grc' dir='ltr'><strong>Ι)</strong></span> 
     </span>
     <span class='ocr_line' id='line_1_7' title="bbox 64 682 1539 745; baseline -0.001 -16"><span class='ocrx_word' id='word_1_44' title='bbox 64 690 204 745; x_wconf 77' lang='grc' dir='ltr'><strong><em>κρυφῇ</em></strong></span> <span class='ocrx_word' id='word_1_45' title='bbox 235 688 293 736; x_wconf 73' lang='grc' dir='ltr'><strong>εἰς</strong></span> <span class='ocrx_word' id='word_1_46' title='bbox 318 685 365 729; x_wconf 81' lang='grc' dir='ltr'><strong>τὸ</strong></span> <span class='ocrx_word' id='word_1_47' title='bbox 394 687 609 743; x_wconf 75' lang='grc' dir='ltr'><strong><em>λαθραίως</em></strong></span> <span class='ocrx_word' id='word_1_48' title='bbox 636 686 733 736; x_wconf 65' lang='grc' dir='ltr'><strong><em>τοὺς</em></strong></span> <span class='ocrx_word' id='word_1_49' title='bbox 758 682 1144 741; x_wconf 78' lang='grc' dir='ltr'><strong><em>παρατυγχάνοντας</em></strong></span> <span class='ocrx_word' id='word_1_50' title='bbox 1163 682 1363 740; x_wconf 82' lang='grc' dir='ltr'><strong><em>πλήττειν.</em></strong></span> <span class='ocrx_word' id='word_1_51' title='bbox 1431 686 1539 729; x_wconf 72' lang='grc' dir='ltr'><strong><em>καθ’</em></strong></span> 
     </span>
     <span class='ocr_line' id='line_1_8' title="bbox 63 752 1540 813; baseline 0.001 -15"><span class='ocrx_word' id='word_1_52' title='bbox 63 755 110 798; x_wconf 74' lang='grc' dir='ltr'><strong>ὃν</strong></span> <span class='ocrx_word' id='word_1_53' title='bbox 141 754 283 813; x_wconf 83' lang='grc' dir='ltr'><strong><em>καιρὸν</em></strong></span> <span class='ocrx_word' id='word_1_54' title='bbox 311 754 464 810; x_wconf 80' lang='grc' dir='ltr'><strong><em>μεταξὺ</em></strong></span> <span class='ocrx_word' id='word_1_55' title='bbox 498 753 642 812; x_wconf 82' lang='grc' dir='ltr'><strong><em>Θήρας</em></strong></span> <span class='ocrx_word' id='word_1_56' title='bbox 672 756 741 798; x_wconf 82' lang='grc' dir='ltr'><strong>καὶ</strong></span> <span class='ocrx_word' id='word_1_57' title='bbox 772 754 987 813; x_wconf 82' lang='grc' dir='ltr'><strong><em>Θηρασίας</em></strong></span> <span class='ocrx_word' id='word_1_58' title='bbox 1018 757 1141 810; x_wconf 79' lang='grc' dir='ltr'><strong><em>νῆσος</em></strong></span> <span class='ocrx_word' id='word_1_59' title='bbox 1170 752 1414 812; x_wconf 74' lang='grc' dir='ltr'><strong><em>ἀνεφυσήθη</em></strong></span> <span class='ocrx_word' id='word_1_60' title='bbox 1437 753 1540 799; x_wconf 81' lang='grc' dir='ltr'><strong><em>στά-</em></strong></span> 
     </span>
     <span class='ocr_line' id='line_1_9' title="bbox 63 822 550 867; baseline 0 0"><span class='ocrx_word' id='word_1_61' title='bbox 63 826 133 867; x_wconf 86' lang='grc' dir='ltr'><strong>δια</strong></span> <span class='ocrx_word' id='word_1_62' title='bbox 166 822 218 867; x_wconf 87' lang='grc' dir='ltr'><strong><em>λ’.</em></strong></span> <span class='ocrx_word' id='word_1_63' title='bbox 541 850 550 857; x_wconf 81' lang='lat'><strong>·</strong></span> 
     </span>
     <span class='ocr_line' id='line_1_10' title="bbox 204 886 1540 951; baseline 0.001 -15"><span class='ocrx_word' id='word_1_64' title='bbox 204 886 337 944; x_wconf 65' lang='grc' dir='ltr'><strong><em>Οὗτος</em></strong></span> <span class='ocrx_word' id='word_1_65' title='bbox 363 890 482 935; x_wconf 86' lang='grc' dir='ltr'><strong><em>πόλιν</em></strong></span> <span class='ocrx_word' id='word_1_66' title='bbox 511 889 683 945; x_wconf 59' lang='grc' dir='ltr'><strong><em>ἔκτισεν,</em></strong></span> <span class='ocrx_word' id='word_1_67' title='bbox 718 892 783 935; x_wconf 80' lang='grc' dir='ltr'><strong><em>ε’πὶ</em></strong></span> <span class='ocrx_word' id='word_1_68' title='bbox 810 895 870 951; x_wconf 76' lang='grc' dir='ltr'><strong>τῷ</strong></span> <span class='ocrx_word' id='word_1_69' title='bbox 893 893 985 950; x_wconf 69' lang='grc' dir='ltr'><strong><em>ἰδίῳ</em></strong></span> <span class='ocrx_word' id='word_1_70' title='bbox 1014 888 1183 946; x_wconf 80' lang='grc' dir='ltr'><strong><em>ὀνόματι</em></strong></span> <span class='ocrx_word' id='word_1_71' title='bbox 1208 893 1384 945; x_wconf 76' lang='grc' dir='ltr'><strong><em>καλέσας</em></strong></span> <span class='ocrx_word' id='word_1_72' title='bbox 1411 894 1540 951; x_wconf 72' lang='grc' dir='ltr'><strong><em>αὐτὴν</em></strong></span> 
     </span>
     <span class='ocr_line' id='line_1_11' title="bbox 9 959 1540 1018; baseline 0.001 -12"><span class='ocrx_word' id='word_1_73' title='bbox 9 977 54 1013; x_wconf 82' lang='lat'><strong>10</strong></span> <span class='ocrx_word' id='word_1_74' title='bbox 63 963 275 1006; x_wconf 77' lang='grc' dir='ltr'><strong><em>Κλαυδίου</em></strong></span> <span class='ocrx_word' id='word_1_75' title='bbox 295 960 433 1014; x_wconf 86' lang='grc' dir='ltr'><strong><em>πόλιν,</em></strong></span> <span class='ocrx_word' id='word_1_76' title='bbox 468 963 536 1004; x_wconf 85' lang='grc' dir='ltr'><strong>καὶ</strong></span> <span class='ocrx_word' id='word_1_77' title='bbox 551 962 785 1014; x_wconf 81' lang='grc' dir='ltr'><strong><em>Ἰουδαίους</em></strong></span> <span class='ocrx_word' id='word_1_78' title='bbox 801 967 875 1017; x_wconf 76' lang='grc' dir='ltr'><strong>τῆς</strong></span> <span class='ocrx_word' id='word_1_79' title='bbox 888 959 1049 1018; x_wconf 82' lang='grc' dir='ltr'><strong><em>Ῥώμης</em></strong></span> <span class='ocrx_word' id='word_1_80' title='bbox 1069 960 1287 1017; x_wconf 81' lang='grc' dir='ltr'><strong><em>ἀπήλασεν.</em></strong></span> <span class='ocrx_word' id='word_1_81' title='bbox 1355 964 1420 1006; x_wconf 74' lang='grc' dir='ltr'><strong><em>ἐπὶ</em></strong></span> <span class='ocrx_word' id='word_1_82' title='bbox 1441 963 1540 1008; x_wconf 77' lang='grc' dir='ltr'><strong><em>τού-</em></strong></span> 
     </span>
     <span class='ocr_line' id='line_1_12' title="bbox 62 1028 1538 1091; baseline 0.001 -16"><span class='ocrx_word' id='word_1_83' title='bbox 62 1049 136 1075; x_wconf 89' lang='grc' dir='ltr'><strong>του</strong></span> <span class='ocrx_word' id='word_1_84' title='bbox 157 1031 262 1075; x_wconf 76' lang='grc' dir='ltr'><strong><em>κατὰ</em></strong></span> <span class='ocrx_word' id='word_1_85' title='bbox 281 1030 356 1086; x_wconf 83' lang='grc' dir='ltr'><strong>τὴν</strong></span> <span class='ocrx_word' id='word_1_86' title='bbox 377 1029 521 1090; x_wconf 69' lang='grc' dir='ltr'><strong><em>ἑορτὴν</em></strong></span> <span class='ocrx_word' id='word_1_87' title='bbox 540 1035 614 1074; x_wconf 86' lang='grc' dir='ltr'><strong><em>τοῦ</em></strong></span> <span class='ocrx_word' id='word_1_88' title='bbox 634 1029 775 1086; x_wconf 83' lang='grc' dir='ltr'><strong><em>πάσχα</em></strong></span> <span class='ocrx_word' id='word_1_89' title='bbox 795 1028 1025 1087; x_wconf 80' lang='grc' dir='ltr'><strong><em>συγχύσεως</em></strong></span> <span class='ocrx_word' id='word_1_90' title='bbox 1048 1032 1263 1087; x_wconf 77' lang='grc' dir='ltr'><strong><em>γενομένης</em></strong></span> <span class='ocrx_word' id='word_1_91' title='bbox 1287 1032 1329 1074; x_wconf 74' lang='grc' dir='ltr'><strong>ἓν</strong></span> <span class='ocrx_word' id='word_1_92' title='bbox 1352 1030 1538 1091; x_wconf 78' lang='grc' dir='ltr'><strong><em>Ἱεροσο-</em></strong></span> 
     </span>
     <span class='ocr_line' id='line_1_13' title="bbox 61 1098 1538 1161; baseline 0.002 -17"><span class='ocrx_word' id='word_1_93' title='bbox 61 1098 206 1156; x_wconf 74' lang='grc' dir='ltr'><strong><em>λῦμοις</em></strong></span> <span class='ocrx_word' id='word_1_94' title='bbox 227 1098 345 1156; x_wconf 83' lang='grc' dir='ltr'><strong><em>μόνοι</em></strong></span> <span class='ocrx_word' id='word_1_95' title='bbox 363 1101 613 1156; x_wconf 78' lang='grc' dir='ltr'><strong><em>πατηθέντες</em></strong></span> <span class='ocrx_word' id='word_1_96' title='bbox 641 1103 708 1143; x_wconf 80' lang='grc' dir='ltr'><strong>καὶ</strong></span> <span class='ocrx_word' id='word_1_97' title='bbox 741 1099 1019 1152; x_wconf 75' lang='grc' dir='ltr'><strong><em>ἀποθανόντες</em></strong></span> <span class='ocrx_word' id='word_1_98' title='bbox 1044 1099 1273 1158; x_wconf 68' lang='grc' dir='ltr'><strong><em>εὑρέθησαν</em></strong></span> <span class='ocrx_word' id='word_1_99' title='bbox 1292 1101 1538 1161; x_wconf 80' lang='grc' dir='ltr'><strong><em>τρισμύριοι.</em></strong></span> 
     </span>
     <span class='ocr_line' id='line_1_14' title="bbox 63 1164 1536 1227; baseline 0.002 -14"><span class='ocrx_word' id='word_1_100' title='bbox 63 1164 181 1222; x_wconf 70' lang='grc' dir='ltr'><strong><em>οὗτος</em></strong></span> <span class='ocrx_word' id='word_1_101' title='bbox 203 1171 251 1213; x_wconf 82' lang='grc' dir='ltr'><strong>οὗ</strong></span> <span class='ocrx_word' id='word_1_102' title='bbox 274 1167 400 1225; x_wconf 85' lang='grc' dir='ltr'><strong><em>μόνον</em></strong></span> <span class='ocrx_word' id='word_1_103' title='bbox 424 1170 657 1221; x_wconf 76' lang='grc' dir='ltr'><strong><em>Ἰουδαίους</em></strong></span> <span class='ocrx_word' id='word_1_104' title='bbox 687 1169 913 1227; x_wconf 76' lang='grc' dir='ltr'><strong><em>ἐτυράννει,</em></strong></span> <span class='ocrx_word' id='word_1_105' title='bbox 963 1169 1069 1212; x_wconf 77' lang='grc' dir='ltr'><strong><em>ἀλλὰ</em></strong></span> <span class='ocrx_word' id='word_1_106' title='bbox 1101 1171 1168 1212; x_wconf 83' lang='grc' dir='ltr'><strong>καὶ</strong></span> <span class='ocrx_word' id='word_1_107' title='bbox 1193 1168 1349 1221; x_wconf 80' lang='grc' dir='ltr'><strong><em>πάντας</em></strong></span> <span class='ocrx_word' id='word_1_108' title='bbox 1368 1172 1465 1224; x_wconf 78' lang='grc' dir='ltr'><strong><em>τοῦς</em></strong></span> <span class='ocrx_word' id='word_1_109' title='bbox 1494 1174 1536 1216; x_wconf 78' lang='grc' dir='ltr'><strong>ἓν</strong></span> 
     </span>
     <span class='ocr_line' id='line_1_15' title="bbox 56 1237 1537 1300; baseline 0.001 -17"><span class='ocrx_word' id='word_1_110' title='bbox 56 1237 192 1297; x_wconf 82' lang='grc' dir='ltr'><strong><em>Ῥώμῃ</em></strong></span> <span class='ocrx_word' id='word_1_111' title='bbox 221 1237 444 1295; x_wconf 74' lang='grc' dir='ltr'><strong><em>ἐπισήμους</em></strong></span> <span class='ocrx_word' id='word_1_112' title='bbox 477 1240 656 1297; x_wconf 79' lang='grc' dir='ltr'><strong><em>ἀναιρῶν</em></strong></span> <span class='ocrx_word' id='word_1_113' title='bbox 684 1237 911 1294; x_wconf 76' lang='grc' dir='ltr'><strong><em>ἐλάμβανεν</em></strong></span> <span class='ocrx_word' id='word_1_114' title='bbox 942 1239 1077 1282; x_wconf 77' lang='grc' dir='ltr'><strong><em>αὐτῶν</em></strong></span> <span class='ocrx_word' id='word_1_115' title='bbox 1106 1239 1182 1290; x_wconf 82' lang='grc' dir='ltr'><strong>τὰς</strong></span> <span class='ocrx_word' id='word_1_116' title='bbox 1212 1239 1364 1292; x_wconf 78' lang='grc' dir='ltr'><strong><em>οὐσίας.</em></strong></span> <span class='ocrx_word' id='word_1_117' title='bbox 1432 1242 1537 1300; x_wconf 79' lang='grc' dir='ltr'><strong><em>πρὸς</em></strong></span> 
     </span>
     <span class='ocr_line' id='line_1_16' title="bbox 7 1307 1676 1367; baseline 0.001 -12"><span class='ocrx_word' id='word_1_118' title='bbox 7 1307 219 1360; x_wconf 83' lang='grc' dir='ltr'><strong><em>15τούτοις</em></strong></span> <span class='ocrx_word' id='word_1_119' title='bbox 249 1311 316 1352; x_wconf 80' lang='grc' dir='ltr'><strong>καὶ</strong></span> <span class='ocrx_word' id='word_1_120' title='bbox 345 1310 637 1366; x_wconf 84' lang='grc' dir='ltr'><strong><em>δουλοκρατίαν</em></strong></span> <span class='ocrx_word' id='word_1_121' title='bbox 662 1307 945 1363; x_wconf 72' lang='grc' dir='ltr'><strong><em>νομοθετήσας</em></strong></span> <span class='ocrx_word' id='word_1_122' title='bbox 975 1309 1168 1366; x_wconf 73' lang='grc' dir='ltr'><strong><em>ἐπέτρεψε</em></strong></span> <span class='ocrx_word' id='word_1_123' title='bbox 1195 1317 1432 1367; x_wconf 76' lang='grc' dir='ltr'><strong><em>κατηγορεῖν</em></strong></span> <span class='ocrx_word' id='word_1_124' title='bbox 1451 1317 1533 1355; x_wconf 79' lang='grc' dir='ltr'><strong>τῶν</strong></span> <span class='ocrx_word' id='word_1_125' title='bbox 1554 1317 1585 1352; x_wconf 87' lang='grc' dir='ltr'>Ρ</span> <span class='ocrx_word' id='word_1_126' title='bbox 1609 1320 1676 1356; x_wconf 85' lang='grc'><strong>198</strong></span> 
     </span>
     <span class='ocr_line' id='line_1_17' title="bbox 6 1378 1532 1437; baseline 0.001 -16"><span class='ocrx_word' id='word_1_127' title='bbox 6 1419 13 1426; x_wconf 83' lang='grc'><strong><em>,</em></strong></span> <span class='ocrx_word' id='word_1_128' title='bbox 60 1380 280 1431; x_wconf 83' lang='grc' dir='ltr'><strong><em>δεσποτῶν,</em></strong></span> <span class='ocrx_word' id='word_1_129' title='bbox 317 1378 359 1420; x_wconf 77' lang='grc' dir='ltr'><strong><em>εἷ’</em></strong></span> <span class='ocrx_word' id='word_1_130' title='bbox 378 1395 418 1420; x_wconf 88' lang='grc' dir='ltr'><strong>τι</strong></span> <span class='ocrx_word' id='word_1_131' title='bbox 446 1380 642 1421; x_wconf 88' lang='grc' dir='ltr'><strong><em>συνίδοιεν</em></strong></span> <span class='ocrx_word' id='word_1_132' title='bbox 663 1378 801 1429; x_wconf 76' lang='grc' dir='ltr'><strong><em>αὐτοῖς</em></strong></span> <span class='ocrx_word' id='word_1_133' title='bbox 824 1378 1112 1433; x_wconf 88' lang='grc' dir='ltr'><strong><em>πλημμέλημα.</em></strong></span> <span class='ocrx_word' id='word_1_134' title='bbox 1180 1378 1401 1422; x_wconf 73' lang='grc' dir='ltr'><strong><em>κάντεῦθεν</em></strong></span> <span class='ocrx_word' id='word_1_135' title='bbox 1423 1382 1532 1437; x_wconf 82' lang='grc' dir='ltr'><strong><em>δεινὴ</em></strong></span> 
     </span>
     <span class='ocr_line' id='line_1_18' title="bbox 59 1445 1534 1506; baseline 0.001 -16"><span class='ocrx_word' id='word_1_136' title='bbox 59 1447 258 1506; x_wconf 81' lang='grc' dir='ltr'><strong><em>συμφορὰ</em></strong></span> <span class='ocrx_word' id='word_1_137' title='bbox 278 1445 510 1505; x_wconf 79' lang='grc' dir='ltr'><strong><em>κατειλήφει</em></strong></span> <span class='ocrx_word' id='word_1_138' title='bbox 526 1447 601 1503; x_wconf 85' lang='grc' dir='ltr'><strong>τὴν</strong></span> <span class='ocrx_word' id='word_1_139' title='bbox 622 1449 858 1503; x_wconf 78' lang='grc' dir='ltr'><strong><em>οἷκουμένην</em></strong></span> <span class='ocrx_word' id='word_1_140' title='bbox 876 1451 1026 1500; x_wconf 80' lang='grc' dir='ltr'><strong><em>πᾶσαν,</em></strong></span> <span class='ocrx_word' id='word_1_141' title='bbox 1050 1451 1132 1490; x_wconf 86' lang='grc' dir='ltr'><strong>τῶν</strong></span> <span class='ocrx_word' id='word_1_142' title='bbox 1154 1449 1317 1490; x_wconf 70' lang='grc' dir='ltr'><strong><em>οἶκετῶν</em></strong></span> <span class='ocrx_word' id='word_1_143' title='bbox 1336 1449 1534 1506; x_wconf 85' lang='grc' dir='ltr'><strong><em>μεγάλαις</em></strong></span> 
     </span>
     <span class='ocr_line' id='line_1_19' title="bbox 56 1514 1534 1574; baseline 0.003 -15"><span class='ocrx_word' id='word_1_144' title='bbox 56 1518 270 1574; x_wconf 84' lang='grc' dir='ltr'><strong><em>τιμωρίαις</em></strong></span> <span class='ocrx_word' id='word_1_145' title='bbox 300 1514 619 1570; x_wconf 79' lang='grc' dir='ltr'><strong><em>ὖποβαλλόντων</em></strong></span> <span class='ocrx_word' id='word_1_146' title='bbox 643 1517 741 1568; x_wconf 84' lang='grc' dir='ltr'><strong><em>τοὺς</em></strong></span> <span class='ocrx_word' id='word_1_147' title='bbox 772 1516 982 1567; x_wconf 86' lang='grc' dir='ltr'><strong><em>δεσπότας.</em></strong></span> <span class='ocrx_word' id='word_1_148' title='bbox 1052 1516 1100 1558; x_wconf 81' lang='grc' dir='ltr'><strong>οὗ</strong></span> <span class='ocrx_word' id='word_1_149' title='bbox 1130 1516 1213 1571; x_wconf 86' lang='grc' dir='ltr'><strong>μὴν</strong></span> <span class='ocrx_word' id='word_1_150' title='bbox 1244 1517 1348 1560; x_wconf 79' lang='grc' dir='ltr'><strong><em>ἀλλὰ</em></strong></span> <span class='ocrx_word' id='word_1_151' title='bbox 1378 1523 1444 1561; x_wconf 78' lang='grc' dir='ltr'><strong>καὶ</strong></span> <span class='ocrx_word' id='word_1_152' title='bbox 1477 1522 1534 1571; x_wconf 79' lang='grc' dir='ltr'><strong>εἷς</strong></span> 
     </span>
     <span class='ocr_line' id='line_1_20' title="bbox 57 1583 1534 1644; baseline 0.003 -16"><span class='ocrx_word' id='word_1_153' title='bbox 57 1587 207 1641; x_wconf 90' lang='grc' dir='ltr'><strong><em>μανίαν</em></strong></span> <span class='ocrx_word' id='word_1_154' title='bbox 234 1586 444 1643; x_wconf 74' lang='grc' dir='ltr'><strong><em>ἔκτραπεὶς</em></strong></span> <span class='ocrx_word' id='word_1_155' title='bbox 467 1583 636 1641; x_wconf 71' lang='grc' dir='ltr'><strong><em>ἄθεσμά</em></strong></span> <span class='ocrx_word' id='word_1_156' title='bbox 662 1604 752 1629; x_wconf 88' lang='grc' dir='ltr'><strong><em>τινα</em></strong></span> <span class='ocrx_word' id='word_1_157' title='bbox 781 1584 1053 1644; x_wconf 84' lang='grc' dir='ltr'><strong><em>διεπράττετο.</em></strong></span> <span class='ocrx_word' id='word_1_158' title='bbox 1134 1585 1336 1643; x_wconf 74' lang='grc' dir='ltr'><strong><em>φονεύσας</em></strong></span> <span class='ocrx_word' id='word_1_159' title='bbox 1363 1589 1410 1631; x_wconf 77' lang='grc' dir='ltr'><strong>δὲ</strong></span> <span class='ocrx_word' id='word_1_160' title='bbox 1437 1589 1534 1640; x_wconf 73' lang='grc' dir='ltr'><strong><em>τοὺς</em></strong></span> 
     </span>
     <span class='ocr_line' id='line_1_21' title="bbox 2 1653 1315 1714; baseline -0.001 -15"><span class='ocrx_word' id='word_1_161' title='bbox 2 1666 50 1703; x_wconf 76' lang='lat'><strong>20</strong></span> <span class='ocrx_word' id='word_1_162' title='bbox 62 1662 198 1714; x_wconf 79' lang='grc' dir='ltr'><strong><em>φονεῖς</em></strong></span> <span class='ocrx_word' id='word_1_163' title='bbox 216 1657 258 1697; x_wconf 91' lang='grc' dir='ltr'><strong>Γ</strong></span> <span class='ocrx_word' id='word_1_164' title='bbox 255 1658 347 1698; x_wconf 74' lang='grc' dir='ltr'><strong><em>α’ίου</em></strong></span> <span class='ocrx_word' id='word_1_165' title='bbox 367 1654 548 1714; x_wconf 76' lang='grc' dir='ltr'><strong><em>ἀνῃρέθη</em></strong></span> <span class='ocrx_word' id='word_1_166' title='bbox 570 1653 649 1698; x_wconf 72' lang='grc' dir='ltr'><strong><em>ὑπὸ</em></strong></span> <span class='ocrx_word' id='word_1_167' title='bbox 667 1660 741 1711; x_wconf 84' lang='grc' dir='ltr'><strong>τῆς</strong></span> <span class='ocrx_word' id='word_1_168' title='bbox 760 1657 867 1707; x_wconf 74' lang='grc' dir='ltr'><strong><em>ἰδίας</em></strong></span> <span class='ocrx_word' id='word_1_169' title='bbox 885 1655 1074 1712; x_wconf 84' lang='grc' dir='ltr'><strong><em>γυναικὸς</em></strong></span> <span class='ocrx_word' id='word_1_170' title='bbox 1094 1654 1315 1714; x_wconf 79' lang='grc' dir='ltr'><strong><em>φαρμάκῳ.</em></strong></span> 
     </span>
     <span class='ocr_line' id='line_1_22' title="bbox 189 1722 1535 1783; baseline 0.001 -15"><span class='ocrx_word' id='word_1_171' title='bbox 189 1724 282 1768; x_wconf 81' lang='grc' dir='ltr'><strong><em>Ἐπὶ</em></strong></span> <span class='ocrx_word' id='word_1_172' title='bbox 301 1722 448 1768; x_wconf 77' lang='grc' dir='ltr'><strong><em>τούτου</em></strong></span> <span class='ocrx_word' id='word_1_173' title='bbox 464 1723 667 1780; x_wconf 78' lang='grc' dir='ltr'><strong><em>Ἰάκωβος</em></strong></span> <span class='ocrx_word' id='word_1_174' title='bbox 685 1724 706 1769; x_wconf 87' lang='grc' dir='ltr'><em>ὃ</em></span> <span class='ocrx_word' id='word_1_175' title='bbox 730 1727 954 1780; x_wconf 79' lang='grc' dir='ltr'><strong><em>Ζεβεδαίου</em></strong></span> <span class='ocrx_word' id='word_1_176' title='bbox 975 1722 1242 1781; x_wconf 69' lang='grc' dir='ltr'><strong><em>ἐμαρτύρησε,</em></strong></span> <span class='ocrx_word' id='word_1_177' title='bbox 1268 1727 1335 1768; x_wconf 83' lang='grc' dir='ltr'><strong>καὶ</strong></span> <span class='ocrx_word' id='word_1_178' title='bbox 1353 1724 1535 1783; x_wconf 86' lang='grc' dir='ltr'><strong><em>Μάρκος</em></strong></span> 
     </span>
     <span class='ocr_line' id='line_1_23' title="bbox 59 1791 1534 1854; baseline 0.002 -17"><span class='ocrx_word' id='word_1_179' title='bbox 59 1795 104 1837; x_wconf 77' lang='grc' dir='ltr'><strong>δὲ</strong></span> <span class='ocrx_word' id='word_1_180' title='bbox 133 1791 155 1837; x_wconf 80' lang='grc' dir='ltr'><strong>ὅ</strong></span> <span class='ocrx_word' id='word_1_181' title='bbox 187 1794 467 1851; x_wconf 77' lang='grc' dir='ltr'><strong><em>εὖαγγελιστὴς</em></strong></span> <span class='ocrx_word' id='word_1_182' title='bbox 495 1794 543 1838; x_wconf 84' lang='grc' dir='ltr'><strong>τὸ</strong></span> <span class='ocrx_word' id='word_1_183' title='bbox 573 1794 668 1838; x_wconf 76' lang='grc' dir='ltr'><strong><em>κατ’</em></strong></span> <span class='ocrx_word' id='word_1_184' title='bbox 705 1795 828 1838; x_wconf 76' lang='grc' dir='ltr'><strong><em>αὐτὸν</em></strong></span> <span class='ocrx_word' id='word_1_185' title='bbox 863 1795 1092 1851; x_wconf 80' lang='grc' dir='ltr'><strong><em>εὐαγγέλιον</em></strong></span> <span class='ocrx_word' id='word_1_186' title='bbox 1129 1800 1338 1852; x_wconf 85' lang='grc' dir='ltr'><strong><em>προτροπῇ</em></strong></span> <span class='ocrx_word' id='word_1_187' title='bbox 1368 1796 1534 1854; x_wconf 83' lang='grc' dir='ltr'><strong><em>Πέτρου</em></strong></span> 
     </span>
     <span class='ocr_line' id='line_1_24' title="bbox 58 1861 1534 1924; baseline 0.001 -17"><span class='ocrx_word' id='word_1_188' title='bbox 58 1862 374 1922; x_wconf 82' lang='grc' dir='ltr'><strong><em>συνεγράψατο,</em></strong></span> <span class='ocrx_word' id='word_1_189' title='bbox 409 1866 476 1907; x_wconf 88' lang='grc' dir='ltr'><strong>καὶ</strong></span> <span class='ocrx_word' id='word_1_190' title='bbox 507 1865 548 1907; x_wconf 78' lang='grc' dir='ltr'><strong>ἔν</strong></span> <span class='ocrx_word' id='word_1_191' title='bbox 578 1862 777 1924; x_wconf 78' lang='grc' dir='ltr'><strong><em>Αἰγύπτῳ</em></strong></span> <span class='ocrx_word' id='word_1_192' title='bbox 803 1866 963 1915; x_wconf 79' lang='grc' dir='ltr'><strong><em>σταλεὶς</em></strong></span> <span class='ocrx_word' id='word_1_193' title='bbox 993 1861 1068 1906; x_wconf 71' lang='grc' dir='ltr'><strong><em>ὑπ’</em></strong></span> <span class='ocrx_word' id='word_1_194' title='bbox 1098 1863 1224 1906; x_wconf 80' lang='grc' dir='ltr'><strong><em>αὐτοῦ</em></strong></span> <span class='ocrx_word' id='word_1_195' title='bbox 1233 1895 1247 1916; x_wconf 88' lang='grc'><strong><em>,</em></strong></span> <span class='ocrx_word' id='word_1_196' title='bbox 1282 1869 1444 1922; x_wconf 84' lang='grc' dir='ltr'><strong><em>πρῶτος</em></strong></span> <span class='ocrx_word' id='word_1_197' title='bbox 1467 1865 1534 1909; x_wconf 74' lang='grc' dir='ltr'><strong><em>ἕκ-</em></strong></span> 
     </span>
    </p>
   </div>
   <div class='ocr_carea' id='block_1_3' title="bbox 150 1983 446 2020">
    <p class='ocr_par' dir='ltr' id='par_1_3' title="bbox 150 1983 446 2020">
     <span class='ocr_line' id='line_1_25' title="bbox 150 1983 446 2020; baseline -0.007 0"><span class='ocrx_word' id='word_1_198' title='bbox 150 1983 196 2020; x_wconf 84' lang='grc'><strong>16</strong></span> <span class='ocrx_word' id='word_1_199' title='bbox 218 1983 446 2019; x_wconf 67' lang='grc' dir='ltr'><strong><em>συνειδεῖενῖ</em></strong></span> 
     </span>
    </p>
   </div>
   <div class='ocr_carea' id='block_1_4' title="bbox 51 2085 1532 2970">
    <p class='ocr_par' dir='ltr' id='par_1_4' title="bbox 55 2085 1530 2179">
     <span class='ocr_line' id='line_1_26' title="bbox 55 2085 1530 2134; baseline 0.001 -14"><span class='ocrx_word' id='word_1_200' title='bbox 55 2085 94 2121; x_wconf 89' lang='lat' dir='ltr'><strong>in</strong></span> <span class='ocrx_word' id='word_1_201' title='bbox 117 2085 206 2121; x_wconf 85' lang='lat' dir='ltr'><strong>alios</strong></span> <span class='ocrx_word' id='word_1_202' title='bbox 229 2085 423 2122; x_wconf 81' lang='lat' dir='ltr'><strong>animantes</strong></span> <span class='ocrx_word' id='word_1_203' title='bbox 444 2085 544 2122; x_wconf 89' lang='lat' dir='ltr'><strong>rabie</strong></span> <span class='ocrx_word' id='word_1_204' title='bbox 570 2086 762 2122; x_wconf 77' lang='lat' dir='ltr'>saevirent.</span> <span class='ocrx_word' id='word_1_205' title='bbox 810 2087 945 2132; x_wconf 84' lang='lat' dir='ltr'><strong>Lycum</strong></span> <span class='ocrx_word' id='word_1_206' title='bbox 978 2097 1119 2133; x_wconf 88' lang='lat' dir='ltr'><strong>quoque</strong></span> <span class='ocrx_word' id='word_1_207' title='bbox 1146 2097 1278 2122; x_wconf 89' lang='lat' dir='ltr'><strong>amnem</strong></span> <span class='ocrx_word' id='word_1_208' title='bbox 1303 2086 1530 2134; x_wconf 81' lang='lat' dir='ltr'><strong>compescuit,</strong></span> 
     </span>
     <span class='ocr_line' id='line_1_27' title="bbox 56 2132 893 2179; baseline 0.001 -11"><span class='ocrx_word' id='word_1_209' title='bbox 56 2144 103 2168; x_wconf 83' lang='lat' dir='ltr'><strong>ne</strong></span> <span class='ocrx_word' id='word_1_210' title='bbox 124 2132 197 2167; x_wconf 88' lang='lat' dir='ltr'><strong>suis</strong></span> <span class='ocrx_word' id='word_1_211' title='bbox 223 2132 516 2168; x_wconf 81' lang='lat' dir='ltr'>exundationibus</span> <span class='ocrx_word' id='word_1_212' title='bbox 537 2134 711 2179; x_wconf 84' lang='lat' dir='ltr'><strong>Byzantio</strong></span> <span class='ocrx_word' id='word_1_213' title='bbox 734 2140 893 2169; x_wconf 82' lang='lat' dir='ltr'><strong>noceret.</strong></span> 
     </span>
    </p>

    <p class='ocr_par' dir='ltr' id='par_1_5' title="bbox 55 2179 1531 2317">
     <span class='ocr_line' id='line_1_28' title="bbox 149 2179 1530 2225; baseline 0 -12"><span class='ocrx_word' id='word_1_214' title='bbox 149 2179 255 2214; x_wconf 84' lang='lat' dir='ltr'><strong>Tunc</strong></span> <span class='ocrx_word' id='word_1_215' title='bbox 275 2179 475 2225; x_wconf 85' lang='lat' dir='ltr'><strong>Aegyptius</strong></span> <span class='ocrx_word' id='word_1_216' title='bbox 506 2179 595 2214; x_wconf 84' lang='lat' dir='ltr'><strong>latro</strong></span> <span class='ocrx_word' id='word_1_217' title='bbox 628 2180 774 2215; x_wconf 84' lang='lat' dir='ltr'><strong>sicarios</strong></span> <span class='ocrx_word' id='word_1_218' title='bbox 807 2180 845 2215; x_wconf 91' lang='lat' dir='ltr'><strong>in</strong></span> <span class='ocrx_word' id='word_1_219' title='bbox 879 2179 1102 2216; x_wconf 85' lang='lat' dir='ltr'><strong>solitudinem</strong></span> <span class='ocrx_word' id='word_1_220' title='bbox 1135 2179 1276 2222; x_wconf 85' lang='lat' dir='ltr'><strong>eduxit3</strong></span> <span class='ocrx_word' id='word_1_221' title='bbox 1309 2190 1397 2224; x_wconf 90' lang='lat' dir='ltr'><strong>quos</strong></span> <span class='ocrx_word' id='word_1_222' title='bbox 1425 2179 1530 2214; x_wconf 83' lang='lat' dir='ltr'><strong>Felix</strong></span> 
     </span>
     <span class='ocr_line' id='line_1_29' title="bbox 55 2225 1531 2274; baseline 0.001 -14"><span class='ocrx_word' id='word_1_223' title='bbox 55 2225 256 2272; x_wconf 80' lang='lat' dir='ltr'><strong>praefectus</strong></span> <span class='ocrx_word' id='word_1_224' title='bbox 279 2225 372 2260; x_wconf 84' lang='lat' dir='ltr'><strong>ultus</strong></span> <span class='ocrx_word' id='word_1_225' title='bbox 396 2231 463 2262; x_wconf 83' lang='lat' dir='ltr'><strong>est.</strong></span> <span class='ocrx_word' id='word_1_226' title='bbox 511 2225 632 2261; x_wconf 90' lang='lat' dir='ltr'><strong>eodem</strong></span> <span class='ocrx_word' id='word_1_227' title='bbox 654 2231 813 2274; x_wconf 87' lang='lat' dir='ltr'><strong>tempore</strong></span> <span class='ocrx_word' id='word_1_228' title='bbox 834 2228 929 2263; x_wconf 89' lang='lat' dir='ltr'><strong>inter</strong></span> <span class='ocrx_word' id='word_1_229' title='bbox 949 2227 1103 2262; x_wconf 88' lang='lat' dir='ltr'><strong>Theram</strong></span> <span class='ocrx_word' id='word_1_230' title='bbox 1125 2231 1162 2261; x_wconf 90' lang='lat' dir='ltr'><strong>et</strong></span> <span class='ocrx_word' id='word_1_231' title='bbox 1183 2225 1392 2261; x_wconf 83' lang='lat' dir='ltr'><strong>Therasiam</strong></span> <span class='ocrx_word' id='word_1_232' title='bbox 1415 2226 1531 2261; x_wconf 86' lang='lat' dir='ltr'><strong>insula</strong></span> 
     </span>
     <span class='ocr_line' id='line_1_30' title="bbox 55 2272 545 2317; baseline -0.002 -10"><span class='ocrx_word' id='word_1_233' title='bbox 55 2276 162 2307; x_wconf 86' lang='lat' dir='ltr'><strong>enata</strong></span> <span class='ocrx_word' id='word_1_234' title='bbox 183 2278 249 2317; x_wconf 85' lang='lat' dir='ltr'><strong>est,</strong></span> <span class='ocrx_word' id='word_1_235' title='bbox 273 2272 466 2307; x_wconf 83' lang='lat' dir='ltr'><strong>stadiorum</strong></span> <span class='ocrx_word' id='word_1_236' title='bbox 485 2272 545 2307; x_wconf 79' lang='lat'><strong>30.</strong></span> 
     </span>
    </p>

    <p class='ocr_par' dir='ltr' id='par_1_6' title="bbox 51 2317 1532 2818">
     <span class='ocr_line' id='line_1_31' title="bbox 149 2317 1530 2364; baseline 0.001 -11"><span class='ocrx_word' id='word_1_237' title='bbox 149 2318 316 2353; x_wconf 88' lang='lat' dir='ltr'><strong>Claudius</strong></span> <span class='ocrx_word' id='word_1_238' title='bbox 348 2320 469 2353; x_wconf 90' lang='lat' dir='ltr'><strong>urbem</strong></span> <span class='ocrx_word' id='word_1_239' title='bbox 500 2317 657 2353; x_wconf 85' lang='lat' dir='ltr'><strong>condidit</strong></span> <span class='ocrx_word' id='word_1_240' title='bbox 685 2319 731 2354; x_wconf 84' lang='lat' dir='ltr'><strong>de</strong></span> <span class='ocrx_word' id='word_1_241' title='bbox 761 2331 824 2355; x_wconf 86' lang='lat' dir='ltr'><strong>suo</strong></span> <span class='ocrx_word' id='word_1_242' title='bbox 854 2319 994 2355; x_wconf 91' lang='lat' dir='ltr'><strong>nomine</strong></span> <span class='ocrx_word' id='word_1_243' title='bbox 1013 2317 1278 2364; x_wconf 62' lang='lat' dir='ltr'><strong>Claudiopolim</strong></span> <span class='ocrx_word' id='word_1_244' title='bbox 1312 2321 1350 2352; x_wconf 88' lang='lat' dir='ltr'><strong>et</strong></span> <span class='ocrx_word' id='word_1_245' title='bbox 1377 2317 1530 2354; x_wconf 80' lang='lat' dir='ltr'><strong>Iudaeos</strong></span> 
     </span>
     <span class='ocr_line' id='line_1_32' title="bbox 55 2364 1530 2413; baseline -0.001 -13"><span class='ocrx_word' id='word_1_246' title='bbox 55 2365 167 2400; x_wconf 85' lang='lat' dir='ltr'><strong>Roma</strong></span> <span class='ocrx_word' id='word_1_247' title='bbox 186 2365 333 2411; x_wconf 85' lang='lat' dir='ltr'><strong>expulit.</strong></span> <span class='ocrx_word' id='word_1_248' title='bbox 382 2364 458 2399; x_wconf 77' lang='lat' dir='ltr'><strong>eius</strong></span> <span class='ocrx_word' id='word_1_249' title='bbox 480 2370 640 2411; x_wconf 85' lang='lat' dir='ltr'><strong>tempore</strong></span> <span class='ocrx_word' id='word_1_250' title='bbox 664 2377 739 2400; x_wconf 86' lang='lat' dir='ltr'><strong>cum</strong></span> <span class='ocrx_word' id='word_1_251' title='bbox 762 2366 856 2401; x_wconf 86' lang='lat' dir='ltr'><strong>inter</strong></span> <span class='ocrx_word' id='word_1_252' title='bbox 878 2366 1056 2413; x_wconf 87' lang='lat' dir='ltr'><strong>paschatis</strong></span> <span class='ocrx_word' id='word_1_253' title='bbox 1075 2364 1344 2400; x_wconf 87' lang='lat' dir='ltr'><strong>celebrationem</strong></span> <span class='ocrx_word' id='word_1_254' title='bbox 1362 2364 1530 2400; x_wconf 87' lang='lat' dir='ltr'><strong>tumultus</strong></span> 
     </span>
     <span class='ocr_line' id='line_1_33' title="bbox 55 2411 1531 2458; baseline 0 -12"><span class='ocrx_word' id='word_1_255' title='bbox 55 2411 265 2455; x_wconf 78' lang='lat' dir='ltr'><strong>exstitisset,</strong></span> <span class='ocrx_word' id='word_1_256' title='bbox 301 2412 347 2446; x_wconf 80' lang='lat'><strong>30</strong></span> <span class='ocrx_word' id='word_1_257' title='bbox 366 2411 462 2444; x_wconf 89' lang='lat' dir='ltr'><strong>milia</strong></span> <span class='ocrx_word' id='word_1_258' title='bbox 480 2411 654 2446; x_wconf 90' lang='lat' dir='ltr'><strong>hominum</strong></span> <span class='ocrx_word' id='word_1_259' title='bbox 679 2417 815 2447; x_wconf 89' lang='lat' dir='ltr'><strong>tantum</strong></span> <span class='ocrx_word' id='word_1_260' title='bbox 840 2413 919 2447; x_wconf 89' lang='lat' dir='ltr'><strong>elisi</strong></span> <span class='ocrx_word' id='word_1_261' title='bbox 942 2419 1047 2458; x_wconf 86' lang='lat' dir='ltr'><strong>atque</strong></span> <span class='ocrx_word' id='word_1_262' title='bbox 1069 2411 1250 2446; x_wconf 85' lang='lat' dir='ltr'><strong>interfecti</strong></span> <span class='ocrx_word' id='word_1_263' title='bbox 1273 2415 1367 2445; x_wconf 86' lang='lat' dir='ltr'><strong>sunt.</strong></span> <span class='ocrx_word' id='word_1_264' title='bbox 1415 2422 1531 2456; x_wconf 80' lang='lat' dir='ltr'><strong>neque</strong></span> 
     </span>
     <span class='ocr_line' id='line_1_34' title="bbox 53 2457 1531 2503; baseline -0.001 -11"><span class='ocrx_word' id='word_1_265' title='bbox 53 2457 91 2493; x_wconf 90' lang='lat' dir='ltr'><strong>in</strong></span> <span class='ocrx_word' id='word_1_266' title='bbox 115 2459 267 2492; x_wconf 83' lang='lat' dir='ltr'><strong>Iudaeos</strong></span> <span class='ocrx_word' id='word_1_267' title='bbox 291 2457 393 2492; x_wconf 90' lang='lat' dir='ltr'><strong>modo</strong></span> <span class='ocrx_word' id='word_1_268' title='bbox 419 2457 479 2491; x_wconf 87' lang='lat' dir='ltr'><strong>ille</strong></span> <span class='ocrx_word' id='word_1_269' title='bbox 499 2458 648 2503; x_wconf 79' lang='lat' dir='ltr'><strong>saeviit,</strong></span> <span class='ocrx_word' id='word_1_270' title='bbox 682 2460 745 2494; x_wconf 90' lang='lat' dir='ltr'><strong>sed</strong></span> <span class='ocrx_word' id='word_1_271' title='bbox 767 2465 805 2494; x_wconf 89' lang='lat' dir='ltr'><strong>et</strong></span> <span class='ocrx_word' id='word_1_272' title='bbox 826 2460 959 2494; x_wconf 88' lang='lat' dir='ltr'><strong>Romae</strong></span> <span class='ocrx_word' id='word_1_273' title='bbox 983 2458 1234 2494; x_wconf 85' lang='lat' dir='ltr'><strong>nobilissimum</strong></span> <span class='ocrx_word' id='word_1_274' title='bbox 1258 2467 1431 2503; x_wconf 86' lang='lat' dir='ltr'><strong>quemque</strong></span> <span class='ocrx_word' id='word_1_275' title='bbox 1453 2462 1531 2492; x_wconf 84' lang='lat' dir='ltr'><strong>tru-</strong></span> 
     </span>
     <span class='ocr_line' id='line_1_35' title="bbox 54 2503 1532 2550; baseline 0 -11"><span class='ocrx_word' id='word_1_276' title='bbox 54 2505 190 2540; x_wconf 85' lang='lat' dir='ltr'><strong>cidavit</strong></span> <span class='ocrx_word' id='word_1_277' title='bbox 211 2504 357 2549; x_wconf 89' lang='lat' dir='ltr'><strong>eiusque</strong></span> <span class='ocrx_word' id='word_1_278' title='bbox 379 2504 474 2538; x_wconf 90' lang='lat' dir='ltr'><strong>bona</strong></span> <span class='ocrx_word' id='word_1_279' title='bbox 503 2504 572 2538; x_wconf 90' lang='lat' dir='ltr'><strong>sibi</strong></span> <span class='ocrx_word' id='word_1_280' title='bbox 607 2505 816 2541; x_wconf 78' lang='lat' dir='ltr'><strong>vindicavit.</strong></span> <span class='ocrx_word' id='word_1_281' title='bbox 864 2507 908 2541; x_wconf 89' lang='lat' dir='ltr'><strong>ad</strong></span> <span class='ocrx_word' id='word_1_282' title='bbox 931 2506 1020 2540; x_wconf 86' lang='lat' dir='ltr'><strong>haec</strong></span> <span class='ocrx_word' id='word_1_283' title='bbox 1044 2503 1166 2539; x_wconf 88' lang='lat' dir='ltr'><strong>servili</strong></span> <span class='ocrx_word' id='word_1_284' title='bbox 1190 2508 1369 2550; x_wconf 78' lang='lat' dir='ltr'><strong>potestate</strong></span> <span class='ocrx_word' id='word_1_285' title='bbox 1391 2503 1532 2549; x_wconf 83' lang='lat' dir='ltr'><strong>legibus</strong></span> 
     </span>
     <span class='ocr_line' id='line_1_36' title="bbox 54 2549 1531 2596; baseline 0 -11"><span class='ocrx_word' id='word_1_286' title='bbox 54 2551 277 2596; x_wconf 85' lang='lat' dir='ltr'><strong>confirmata,</strong></span> <span class='ocrx_word' id='word_1_287' title='bbox 309 2550 424 2585; x_wconf 81' lang='lat' dir='ltr'><strong>servis</strong></span> <span class='ocrx_word' id='word_1_288' title='bbox 443 2550 604 2595; x_wconf 86' lang='lat' dir='ltr'><strong>permisit</strong></span> <span class='ocrx_word' id='word_1_289' title='bbox 626 2556 666 2585; x_wconf 87' lang='lat' dir='ltr'><strong>ut</strong></span> <span class='ocrx_word' id='word_1_290' title='bbox 688 2552 846 2588; x_wconf 88' lang='lat' dir='ltr'><strong>dominos</strong></span> <span class='ocrx_word' id='word_1_291' title='bbox 869 2564 952 2587; x_wconf 90' lang='lat' dir='ltr'><strong>suos</strong></span> <span class='ocrx_word' id='word_1_292' title='bbox 976 2555 1200 2595; x_wconf 86' lang='lat' dir='ltr'><strong>accusarent,</strong></span> <span class='ocrx_word' id='word_1_293' title='bbox 1235 2549 1267 2584; x_wconf 87' lang='lat' dir='ltr'><strong>si</strong></span> <span class='ocrx_word' id='word_1_294' title='bbox 1288 2549 1386 2585; x_wconf 86' lang='lat' dir='ltr'><strong>cuius</strong></span> <span class='ocrx_word' id='word_1_295' title='bbox 1410 2561 1531 2585; x_wconf 88' lang='lat' dir='ltr'><strong>eorum</strong></span> 
     </span>
     <span class='ocr_line' id='line_1_37' title="bbox 52 2595 1530 2644; baseline 0 -12"><span class='ocrx_word' id='word_1_296' title='bbox 52 2597 174 2633; x_wconf 84' lang='lat' dir='ltr'><strong>delicti</strong></span> <span class='ocrx_word' id='word_1_297' title='bbox 199 2602 319 2632; x_wconf 85' lang='lat' dir='ltr'><strong>esseut</strong></span> <span class='ocrx_word' id='word_1_298' title='bbox 342 2596 485 2631; x_wconf 89' lang='lat' dir='ltr'><strong>conscii.</strong></span> <span class='ocrx_word' id='word_1_299' title='bbox 531 2608 624 2642; x_wconf 89' lang='lat' dir='ltr'><strong>quae</strong></span> <span class='ocrx_word' id='word_1_300' title='bbox 643 2608 703 2632; x_wconf 85' lang='lat' dir='ltr'><strong>res</strong></span> <span class='ocrx_word' id='word_1_301' title='bbox 723 2603 862 2633; x_wconf 88' lang='lat' dir='ltr'><strong>atroces</strong></span> <span class='ocrx_word' id='word_1_302' title='bbox 884 2611 949 2644; x_wconf 88' lang='lat' dir='ltr'><strong>per</strong></span> <span class='ocrx_word' id='word_1_303' title='bbox 973 2600 1091 2633; x_wconf 86' lang='lat' dir='ltr'><strong>orbem</strong></span> <span class='ocrx_word' id='word_1_304' title='bbox 1116 2603 1287 2632; x_wconf 85' lang='lat' dir='ltr'><strong>terrarum</strong></span> <span class='ocrx_word' id='word_1_305' title='bbox 1314 2595 1530 2632; x_wconf 81' lang='lat' dir='ltr'><strong>calamitates</strong></span> 
     </span>
     <span class='ocr_line' id='line_1_38' title="bbox 53 2642 1530 2690; baseline -0.001 -12"><span class='ocrx_word' id='word_1_306' title='bbox 53 2643 243 2689; x_wconf 82' lang='lat' dir='ltr'><strong>excitavit,</strong></span> <span class='ocrx_word' id='word_1_307' title='bbox 274 2655 352 2678; x_wconf 87' lang='lat' dir='ltr'><strong>cum</strong></span> <span class='ocrx_word' id='word_1_308' title='bbox 377 2654 495 2678; x_wconf 90' lang='lat' dir='ltr'><strong>omnes</strong></span> <span class='ocrx_word' id='word_1_309' title='bbox 519 2643 651 2689; x_wconf 83' lang='lat' dir='ltr'><strong>passim</strong></span> <span class='ocrx_word' id='word_1_310' title='bbox 675 2645 771 2679; x_wconf 85' lang='lat' dir='ltr'><strong>servi</strong></span> <span class='ocrx_word' id='word_1_311' title='bbox 794 2645 943 2680; x_wconf 88' lang='lat' dir='ltr'><strong>dominis</strong></span> <span class='ocrx_word' id='word_1_312' title='bbox 969 2645 1041 2679; x_wconf 83' lang='lat' dir='ltr'><strong>suis</strong></span> <span class='ocrx_word' id='word_1_313' title='bbox 1065 2643 1191 2690; x_wconf 83' lang='lat' dir='ltr'><strong>gravia</strong></span> <span class='ocrx_word' id='word_1_314' title='bbox 1213 2642 1385 2690; x_wconf 88' lang='lat' dir='ltr'><strong>supplicia</strong></span> <span class='ocrx_word' id='word_1_315' title='bbox 1410 2643 1530 2678; x_wconf 89' lang='lat' dir='ltr'><strong>conci-</strong></span> 
     </span>
     <span class='ocr_line' id='line_1_39' title="bbox 51 2689 1531 2737; baseline 0 -13"><span class='ocrx_word' id='word_1_316' title='bbox 51 2689 194 2724; x_wconf 88' lang='lat' dir='ltr'><strong>liarent.</strong></span> <span class='ocrx_word' id='word_1_317' title='bbox 243 2690 327 2736; x_wconf 86' lang='lat' dir='ltr'><strong>quin</strong></span> <span class='ocrx_word' id='word_1_318' title='bbox 360 2694 397 2724; x_wconf 88' lang='lat' dir='ltr'><strong>et</strong></span> <span class='ocrx_word' id='word_1_319' title='bbox 428 2702 469 2725; x_wconf 84' lang='lat' dir='ltr'><strong>eo</strong></span> <span class='ocrx_word' id='word_1_320' title='bbox 501 2689 691 2724; x_wconf 85' lang='lat' dir='ltr'><strong>vecordiae</strong></span> <span class='ocrx_word' id='word_1_321' title='bbox 727 2696 782 2726; x_wconf 88' lang='lat' dir='ltr'><strong>est</strong></span> <span class='ocrx_word' id='word_1_322' title='bbox 815 2692 1001 2737; x_wconf 87' lang='lat' dir='ltr'><strong>prolapsus</strong></span> <span class='ocrx_word' id='word_1_323' title='bbox 1031 2696 1071 2726; x_wconf 92' lang='lat' dir='ltr'><strong>ut</strong></span> <span class='ocrx_word' id='word_1_324' title='bbox 1100 2689 1240 2725; x_wconf 85' lang='lat' dir='ltr'><strong>summis</strong></span> <span class='ocrx_word' id='word_1_325' title='bbox 1271 2701 1351 2724; x_wconf 81' lang='lat' dir='ltr'><strong>sese</strong></span> <span class='ocrx_word' id='word_1_326' title='bbox 1382 2689 1531 2734; x_wconf 84' lang='lat' dir='ltr'><strong>flagitiis</strong></span> 
     </span>
     <span class='ocr_line' id='line_1_40' title="bbox 51 2735 1530 2816; baseline 0.001 -46"><span class='ocrx_word' id='word_1_327' title='bbox 51 2735 238 2816; x_wconf 69' lang='lat' dir='ltr'><strong>polluerelt.</strong></span> <span class='ocrx_word' id='word_1_328' title='bbox 285 2737 425 2772; x_wconf 85' lang='lat' dir='ltr'><strong>tandem</strong></span> <span class='ocrx_word' id='word_1_329' title='bbox 449 2747 526 2771; x_wconf 89' lang='lat' dir='ltr'><strong>cum</strong></span> <span class='ocrx_word' id='word_1_330' title='bbox 549 2735 632 2771; x_wconf 87' lang='lat' dir='ltr'><strong>Caii</strong></span> <span class='ocrx_word' id='word_1_331' title='bbox 653 2748 880 2782; x_wconf 84' lang='lat' dir='ltr'><strong>percussores</strong></span> <span class='ocrx_word' id='word_1_332' title='bbox 902 2742 1084 2782; x_wconf 84' lang='lat' dir='ltr'><strong>necasset,</strong></span> <span class='ocrx_word' id='word_1_333' title='bbox 1107 2748 1246 2772; x_wconf 82' lang='lat' dir='ltr'><strong>veneno</strong></span> <span class='ocrx_word' id='word_1_334' title='bbox 1269 2741 1326 2771; x_wconf 87' lang='lat' dir='ltr'><strong>est</strong></span> <span class='ocrx_word' id='word_1_335' title='bbox 1347 2736 1394 2771; x_wconf 89' lang='lat' dir='ltr'><strong>ab</strong></span> <span class='ocrx_word' id='word_1_336' title='bbox 1418 2747 1530 2771; x_wconf 84' lang='lat' dir='ltr'><strong>uxore</strong></span> 
     </span>
     <span class='ocr_line' id='line_1_41' title="bbox 51 2784 307 2818; baseline 0 -1"><span class='ocrx_word' id='word_1_337' title='bbox 51 2793 117 2817; x_wconf 80' lang='lat' dir='ltr'><strong>sua</strong></span> <span class='ocrx_word' id='word_1_338' title='bbox 135 2784 200 2818; x_wconf 85' lang='lat' dir='ltr'><strong>sub</strong></span> <span class='ocrx_word' id='word_1_339' title='bbox 215 2786 307 2817; x_wconf 78' lang='lat' dir='ltr'><strong>atus.</strong></span> 
     </span>
    </p>

    <p class='ocr_par' dir='ltr' id='par_1_7' title="bbox 52 2827 1530 2970">
     <span class='ocr_line' id='line_1_42' title="bbox 78 2827 1529 2876; baseline -0.001 -13"><span class='ocrx_word' id='word_1_340' title='bbox 78 2844 81 2846; x_wconf 97' lang='lat'>·</span> <span class='ocrx_word' id='word_1_341' title='bbox 142 2828 224 2863; x_wconf 85' lang='lat' dir='ltr'><strong>Hoc</strong></span> <span class='ocrx_word' id='word_1_342' title='bbox 244 2839 360 2863; x_wconf 85' lang='lat' dir='ltr'><strong>rerum</strong></span> <span class='ocrx_word' id='word_1_343' title='bbox 384 2828 544 2875; x_wconf 86' lang='lat' dir='ltr'><strong>potiente</strong></span> <span class='ocrx_word' id='word_1_344' title='bbox 572 2829 721 2865; x_wconf 87' lang='lat' dir='ltr'><strong>Iacobus</strong></span> <span class='ocrx_word' id='word_1_345' title='bbox 744 2829 925 2865; x_wconf 87' lang='lat' dir='ltr'><strong>Zebedaei</strong></span> <span class='ocrx_word' id='word_1_346' title='bbox 955 2829 1049 2864; x_wconf 86' lang='lat' dir='ltr'><strong>filius</strong></span> <span class='ocrx_word' id='word_1_347' title='bbox 1082 2827 1256 2876; x_wconf 87' lang='lat' dir='ltr'><strong>supplicio</strong></span> <span class='ocrx_word' id='word_1_348' title='bbox 1286 2838 1349 2863; x_wconf 84' lang='lat' dir='ltr'><strong>suo</strong></span> <span class='ocrx_word' id='word_1_349' title='bbox 1382 2828 1529 2864; x_wconf 80' lang='lat' dir='ltr'><strong>veritati</strong></span> 
     </span>
     <span class='ocr_line' id='line_1_43' title="bbox 52 2874 1530 2922; baseline 0.001 -13"><span class='ocrx_word' id='word_1_350' title='bbox 52 2874 291 2910; x_wconf 75' lang='lat' dir='ltr'><strong>testimonium</strong></span> <span class='ocrx_word' id='word_1_351' title='bbox 308 2874 402 2910; x_wconf 88' lang='lat' dir='ltr'><strong>tulit.</strong></span> <span class='ocrx_word' id='word_1_352' title='bbox 451 2882 487 2910; x_wconf 90' lang='lat' dir='ltr'><strong>et</strong></span> <span class='ocrx_word' id='word_1_353' title='bbox 504 2876 645 2910; x_wconf 84' lang='lat' dir='ltr'><strong>Marcus</strong></span> <span class='ocrx_word' id='word_1_354' title='bbox 669 2877 889 2922; x_wconf 84' lang='lat' dir='ltr'><strong>evangelium</strong></span> <span class='ocrx_word' id='word_1_355' title='bbox 911 2875 1011 2911; x_wconf 86' lang='lat' dir='ltr'><strong>Petri</strong></span> <span class='ocrx_word' id='word_1_356' title='bbox 1035 2876 1168 2911; x_wconf 91' lang='lat' dir='ltr'><strong>monitu</strong></span> <span class='ocrx_word' id='word_1_357' title='bbox 1189 2875 1421 2922; x_wconf 78' lang='lat' dir='ltr'><strong>conscripsit3</strong></span> <span class='ocrx_word' id='word_1_358' title='bbox 1443 2876 1530 2911; x_wconf 86' lang='lat' dir='ltr'><strong>mis-</strong></span> 
     </span>
     <span class='ocr_line' id='line_1_44' title="bbox 53 2921 1527 2970; baseline 0.001 -15"><span class='ocrx_word' id='word_1_359' title='bbox 53 2931 183 2968; x_wconf 83' lang='lat' dir='ltr'><strong>susque</strong></span> <span class='ocrx_word' id='word_1_360' title='bbox 203 2923 249 2959; x_wconf 86' lang='lat' dir='ltr'><strong>ab</strong></span> <span class='ocrx_word' id='word_1_361' title='bbox 273 2934 315 2958; x_wconf 91' lang='lat' dir='ltr'><strong>eo</strong></span> <span class='ocrx_word' id='word_1_362' title='bbox 338 2921 378 2956; x_wconf 87' lang='lat' dir='ltr'><strong>in</strong></span> <span class='ocrx_word' id='word_1_363' title='bbox 399 2921 599 2970; x_wconf 81' lang='lat' dir='ltr'><strong>Aegyptum</strong></span> <span class='ocrx_word' id='word_1_364' title='bbox 621 2922 754 2969; x_wconf 79' lang='lat' dir='ltr'><strong>primus</strong></span> <span class='ocrx_word' id='word_1_365' title='bbox 777 2923 924 2959; x_wconf 83' lang='lat' dir='ltr'><strong>fundata</strong></span> <span class='ocrx_word' id='word_1_366' title='bbox 945 2922 1120 2970; x_wconf 80' lang='lat' dir='ltr'><strong>ecclesia,</strong></span> <span class='ocrx_word' id='word_1_367' title='bbox 1148 2922 1202 2959; x_wconf 87' lang='lat' dir='ltr'><strong>ibi</strong></span> <span class='ocrx_word' id='word_1_368' title='bbox 1225 2922 1334 2959; x_wconf 80' lang='lat' dir='ltr'><strong>multa</strong></span> <span class='ocrx_word' id='word_1_369' title='bbox 1351 2926 1527 2958; x_wconf 84' lang='lat' dir='ltr'><strong>monaste-</strong></span> 
     </span>
    </p>
   </div>
  </div>
 </body>
</html>
