1742 3184
195 154 299 203 698
676 158 919 203 GEORGII
954 158 1202 203 GEDRENI

195 268 357 329 γάθησε
397 273 465 315 καὶ
506 270 632 331 φόνον
668 273 796 317 πολὺν
825 277 906 317 τῶν
930 271 1160 332 βαρβάρων
1188 274 1420 334 εἶργάσατο.
1488 281 1548 337 τῷ
1577 277 1691 337 αὐτῷ’

146 347 178 381 O
202 341 279 385 ἔτει
305 344 479 394 Παῦλος
502 342 524 386 ὃ
552 348 625 387 τοῦ
643 344 847 398 βασιλέως
865 344 1001 401 πατὴρ
1019 343 1272 401 ἐτελεύτησεν
1291 349 1333 390 ἓν
1351 349 1689 393 Κωνσταντινου-

197 410 336 465 πόλει,
368 414 437 455 καὶ
453 413 702 457 Ἀναστασία
722 413 949 469 Αὖγοῢστα
969 412 996 470 ἦ
1017 415 1198 472 πενθερὰ
1219 418 1459 475 ΖΡΙαυρικίου
1469 450 1485 470 ,
1520 418 1620 474 γυνὴ
1645 418 1689 461 δὲ

198 483 395 540 Τιβερίου
408 514 422 534 ,
458 485 526 526 καὶ
540 481 683 541 ,ἐτάφη
704 483 808 538 μετὰ
827 486 903 526 τοῦ
922 483 1074 541 ἀνδρὸς
1093 485 1234 540 αὐτῆς.

337 556 413 609 Τῷ
445 551 499 607 ιβ’
526 551 603 595 ἔτει
632 557 705 596 τοῦ
732 554 924 611 Πρίσκου
952 552 1075 598 πάλιν
1102 554 1174 598 τὸν
1193 554 1354 612 Ἴστρον
1382 553 1723 611 καταλαβόντοςὸ

197 622 341 664 καὶτὰ
365 623 613 676 Σθλαβίνιον
640 622 742 679 ἔθνη
773 622 1095 681 πραιδεύσαντος
1123 626 1192 668 καὶ
1223 625 1377 680 πολλὴν
1407 627 1691 681 αῗχμαλωσίαν

195 695 257 749 τῷ
284 695 453 746 βασιλεῖ
474 692 741 747 πέμψαντος,
776 691 927 751 γράφει
959 693 1073 753 αὐτῷ
1096 696 1221 739 ἐκεῖσε
1242 695 1562 752 παραχειμάσαι.
1632 701 1691 755 τῷ

197 762 241 804 δ’
279 762 393 818 αὐτῷ’
420 759 497 804 ἔτει
529 762 778 814 Φιλιππικὸς
807 765 928 816 κτίζει
957 764 1032 819 τὴν
1062 765 1105 807 ἓν
1135 763 1428 822 Χρυσουπόλει
1461 766 1592 821 μονὴν
1619 770 1693 821 τῆς

195 828 485 887 παναχράντου
517 831 717 875 θεοτόκου
746 835 815 875 καὶ
840 833 893 876 τὰ
921 831 1106 877 παλάτια
1128 834 1232 892 πρὸς
1251 834 1297 878 τὸ
1318 832 1597 891 ὑποδέχεσθαι
1620 836 1693 880 τὸν

194 901 370 954 βασιλέα
391 903 462 944 καὶ
481 901 533 945 τὰ
553 902 674 946 τέκνα
699 902 851 956 αὐτοῦ,
886 901 1063 960 ποιήσας
1088 906 1170 966 καὶἱ
1184 907 1501 962 ἰχθυοτροφεῖον
1522 907 1590 948 καὶ
1611 923 1694 948 πα-
1706 913 1742 948 1(

194 970 430 1028 ραδείσους.
500 974 569 1027 καὶ
602 973 645 1015 ἐν
679 973 1111 1018 Κωνσταντινουπόλει
1143 975 1189 1018 δὲ
1220 973 1350 1019 ἔκτισε
1372 974 1455 1019 -τὸν
1483 973 1594 1019 οἷκον
1623 976 1696 1019 τὸν

197 1038 413 1097 λεγόμενον
437 1045 512 1085 τοῦ
539 1045 803 1086 Φιλιππικοῦ.

143 1117 177 1152 D
343 1114 419 1170 Tay
449 1109 498 1167 ιγ’
529 1112 607 1155 ἴτει
639 1115 696 1164 εἷς
726 1114 780 1157 τὰ
807 1117 880 1156 τοῦ
905 1112 1134 1166 Βυζαντίου
1157 1109 1381 1171 προάστεια
1404 1113 1608 1157 τίκτονται
1630 1113 1698 1157 τέ·-

198 1196 330 1238 ρατα,
364 1183 527 1223 παιδίον
556 1182 784 1241 τετράπουν
805 1185 872 1226 καὶ
893 1182 996 1227 ἄλλο
1017 1182 1264 1242 δικόρυφον·
1291 1184 1448 1240 λέγεται
1470 1184 1515 1226 δὲ
1537 1184 1596 1239 μὴ
1621 1200 1697 1239 ση-

196 1251 356 1305 μαίνειν
374 1250 521 1307 ἀγαθὰ
541 1259 631 1303 ταῖς
651 1252 816 1297 πόλεσιν
834 1254 875 1295 ἔν
895 1251 962 1304 αἷς
978 1255 1155 1309 γίνονται
1175 1257 1320 1296 ταῦτα.
1375 1255 1443 1296 καὶ
1462 1251 1483 1296 ὅ
1501 1253 1698 1307 βασιλεὺς
1711 1262 1742 1297 1ξ

197 1321 385 1378 Πρίσκον
402 1326 476 1377 τῆς
495 1325 744 1380 στρατηγίας
761 1320 965 1366 ἀποπαύει
975 1355 988 1376 ,
1013 1323 1178 1381 ΙΙέτρον
1199 1324 1244 1366 δὲ
1260 1323 1330 1367 τὸν
1350 1321 1498 1367 ἑαυτοῦ
1517 1323 1699 1381 ἀδελφὸν

195 1390 427 1448 στρατηγὸν
446 1396 519 1447 τῆς
541 1392 753 1448 δυνάμεως
768 1392 981 1448 Ῥωμαίων
999 1400 1118 1436 ποιεῖ.

337 1464 413 1518 Τῷ
447 1460 499 1503 ιδ’
531 1461 610 1506 ἕτει
640 1465 805 1520 Πέτρος
839 1461 860 1506 ὃ
894 1462 1124 1521 στρατηγὸς
1147 1463 1245 1513 τοὺς
1268 1462 1533 1517 Σθλαβίνους
1557 1461 1699 1519 ἐπιφε-

194 1528 394 1587 ρομένους
418 1529 658 1588 ςΡωμαϊκὴν
691 1533 978 1589 αι’χμαλωσίαν
1007 1533 1168 1591 τρέπει,
1212 1534 1281 1575 καὶ
1311 1533 1350 1575 οἳ
1381 1530 1594 1590 βάρβαροι
1626 1531 1700 1587 τὴν

197 1601 484 1654 αῗχμαλωσίαν
515 1601 831 1661 ἀποσφάξαντες
860 1602 1033 1661 ἔφυγον·
1071 1604 1233 1660 ὀλίγους
1263 1603 1307 1645 df)
1337 1605 1406 1646 καὶ
1435 1602 1474 1645 οἳ
1495 1600 1742 1656 εΡωμιιΐοιΞ(

196 1668 475 1727 κρατήσαντες
514 1674 581 1715 ἐπὶ
618 1673 672 1716 τὰ
705 1671 923 1728 ζΡωμαὶκὰ
952 1671 1232 1731 ὑπέστρεψαν.
1301 1677 1362 1730 τῷ
1396 1672 1440 1715 (5²
1479 1673 1591 1730 αὐτῷ
1624 1670 1702 1714 ἔτει

195 1736 350 1782 ἔκτισεν
375 1738 396 1783 ὅ
419 1742 616 1796 βασιλεὺς
636 1742 709 1785 τὸν
732 1742 982 1800 στρογγύλον
1000 1741 1169 1798 ἡλιακὸν
1186 1748 1260 1797 τῆς
1278 1739 1543 1799 ΖΙῖῐαγναύρας
1552 1773 1565 1793 ,
1601 1740 1703 1796 στή-

197 1826 276 1859 σας
293 1810 336 1851 ἔν
354 1815 414 1868 τῷ
433 1813 645 1870 μεσαυλίῳ
663 1812 738 1866 τὴν
754 1814 863 1855 ἰδίαν
884 1811 1051 1868 στήλην,
1080 1814 1149 1855 καὶ
1169 1811 1377 1867 ἄπέθηκεν
1397 1813 1482 1854 ἐκεῖ
1496 1811 1542 1854 τὸ
1566 1811 1703 1868 ἅρμα-

51 1888 81 1922 Ρ
106 1887 175 1924 399
198 1879 361 1933 με’ντον.
430 1878 562 1924 ἔκτισε
584 1882 630 1924 δὲ
651 1883 720 1924 καὶ
743 1882 790 1926 τὸ
813 1885 962 1937 λωβῶν
988 1888 1257 1941 γηροκομεῖον
1289 1885 1346 1933 εἷς
1373 1880 1427 1925 τὰ
1451 1881 1624 1939 Ἠριόυ,
1655 1882 1703 1925 τὸ

197 2036 432 2071 barbarorum
456 2036 553 2073 edita
577 2040 711 2082 strage.
759 2037 884 2073 eodem
909 2049 1002 2073 auno
1022 2037 1156 2073 Paulus
1175 2036 1403 2084 imperatoris
1423 2040 1528 2083 pater
1546 2041 1705 2074 mortuus

198 2088 261 2117 est
285 2083 412 2128 Cpoli;
444 2090 481 2119 et
502 2085 692 2119 Anastasia
712 2084 895 2131 Augusta,
918 2085 1037 2120 socius
1055 2084 1244 2130 Mauricii,
1269 2096 1360 2120 uxor
1379 2084 1542 2130 Tiberii,
1566 2086 1706 2132 sepulta

202 2134 260 2164 est
280 2129 383 2164 iuxta
403 2130 532 2166 virum.

295 2176 399 2211 Anno
426 2179 470 2213 12
492 2177 638 2212 Priscus
661 2189 784 2212 rursus
807 2178 1008 2213 Danubium
1033 2181 1204 2224 occupat,
1240 2177 1467 2213 Slavinorum
1499 2191 1605 2224 agros
1638 2192 1704 2226 po-

202 2223 370 2268 pulatur,
406 2235 637 2270 magnamque
662 2224 871 2271 imperatori
895 2226 1062 2270 praedam
1086 2226 1215 2270 mittit,
1239 2231 1347 2270 atque
1372 2226 1417 2260 ab
1440 2237 1483 2260 eo
1506 2225 1542 2260 in
1567 2226 1706 2262 hostico

201 2270 359 2304 hiemare
392 2270 551 2306 iubetur.
601 2272 726 2306 eodem
757 2284 849 2306 anno
881 2271 1103 2318 Philippicas
1135 2271 1353 2317 Chrysopoli
1384 2272 1599 2308 mansionem
1626 2274 1704 2308 dei-

202 2329 312 2363 parae
337 2317 479 2363 condit,
515 2323 552 2353 et
576 2318 745 2363 palatium
770 2319 814 2353 ad
840 2318 1092 2365 imperatorem
1116 2319 1263 2364 eiusque
1286 2318 1420 2353 liberos
1443 2319 1704 2365 excipiendum.

199 2362 372 2408 piscinam
396 2376 538 2411 quoque
563 2370 600 2400 et
626 2365 749 2400 hortos
772 2365 883 2411 facit,
909 2371 948 2401 et
972 2365 1079 2412 cpoli
1101 2366 1241 2401 domum
1267 2365 1455 2411 aedificat,
1479 2377 1572 2411 quae
1593 2369 1638 2402 ab
1663 2380 1706 2403 eo
1728 2401 1732 2405 .

200 2409 394 2457 Philippici
418 2412 541 2446 domus
564 2412 710 2447 dicitur.

296 2458 398 2492 Anno
426 2459 470 2494 13
493 2459 663 2505 Byzantii
686 2459 724 2493 in
748 2458 920 2493 suburbio
944 2463 1103 2493 monstra
1127 2462 1211 2493 sunt
1233 2461 1337 2504 nata,
1362 2458 1483 2494 infans
1503 2460 1706 2506 quadrupes

160 2506 164 2510 “
201 2506 240 2537 et
273 2504 363 2538 alius
395 2505 534 2551 biceps.
584 2507 705 2540 ferunt
741 2506 827 2540 haec
859 2505 947 2539 nihil
976 2506 1063 2540 boni
1096 2507 1311 2551 portendere
1342 2505 1491 2541 urbibus
1515 2506 1552 2540 in
1577 2507 1706 2552 quibus

203 2556 409 2586 nascuntur.
458 2552 652 2598 imperator
677 2552 803 2587 Prisco
828 2563 952 2587 munus
975 2553 1214 2588 ducendarum
1239 2552 1422 2599 copiarum
1449 2555 1618 2599 abrogat,
1649 2554 1705 2589 id-

203 2608 275 2642 que
298 2597 403 2632 fratri
425 2611 489 2634 suo
515 2599 624 2634 Petro
649 2599 852 2634 demandat.

298 2643 370 2677 Hic
403 2657 496 2680 anno
531 2647 576 2681 14
608 2647 777 2681 Slavinos
809 2647 954 2680 adortus
989 2649 1065 2691 est,
1104 2645 1167 2691 qui
1199 2645 1364 2692 captivos
1393 2657 1438 2681 ex
1469 2647 1708 2682 Romanorum

204 2688 350 2724 dicione
380 2692 585 2737 abigebant.
633 2693 662 2728 ii
697 2692 849 2739 captivis
882 2692 1019 2727 necatis
1051 2693 1161 2738 fugae
1191 2705 1232 2728 se
1264 2693 1460 2735 dederunt3
1496 2699 1533 2728 et
1557 2693 1709 2728 Romani

207 2736 331 2779 paucis
365 2750 485 2773 eorum
519 2740 634 2784 captis
665 2741 711 2775 ad
741 2751 806 2775 sua
838 2740 1035 2774 redierunt.
1087 2740 1155 2774 hoc
1189 2751 1281 2775 anno
1315 2739 1511 2785 imperator
1542 2740 1708 2775 solarium

207 2782 427 2827 Magnaurae
460 2788 648 2822 rotundum
682 2788 788 2832 fecit,
830 2791 868 2821 et
891 2787 927 2822 in
953 2786 1070 2822 media
1092 2786 1173 2821 aula
1196 2798 1294 2822 suam
1326 2786 1516 2821 collocavit
1542 2793 1706 2821 statuam.

207 2834 317 2873 atque
352 2830 404 2864 ibi
439 2834 749 2869 armamentarium·
781 2833 981 2868 constituit.
1031 2833 1192 2868 condidit
1223 2834 1329 2868 etiam
1363 2833 1400 2867 in
1431 2834 1510 2868 loco
1541 2834 1602 2878 qni
1628 2833 1708 2867 Erii

209 2874 340 2911 dicitur
365 2877 501 2914 domum
526 2880 563 2914 in
588 2892 659 2926 qua
680 2893 787 2917 senes
811 2880 968 2916 morbosi
987 2880 1185 2926 alerentur,
1209 2880 1307 2928 quod
1327 2880 1502 2916 vivarium
1523 2887 1705 2925 sumptuo—
