1742 3184
177 193 278 242 756
656 166 903 240 'caoacn
936 190 1185 240 cEDREm

177 309 347 371 σᾶρειαν
377 315 452 368 τῆς
480 309 806 361 Καππαδοκίας,
849 304 1134 365 Ἀβουλαούαρ
1168 307 1213 350 δὲ
1241 305 1423 365 ἀρχηγὸν
1448 305 1666 363 κατέστησε

177 387 260 426 τῶν
281 383 453 425 πλοίων·
488 379 533 431 ὃς
551 377 878 437 παραγενόμενος
896 379 953 429 εἷς
968 377 1040 421 τὸν
1064 377 1238 420 Φοίνικα
1257 381 1331 432 τῆς
1349 377 1531 431 Λυκίας,
1563 376 1668 420 ἔνθα

177 446 230 508 ’ἦν
251 450 272 494 ὃ
292 450 488 506 βασιλεὺς
510 449 614 504 μετὰ
637 452 711 492 τοῦ
722 446 955 502 Ῥωμαϊκοῦ
975 445 1139 499 στόλου,
1181 453 1390 502 ναυμαχεΐ
1407 446 1500 502 μετ’
1525 446 1668 490 αὐτοῦ.

178 526 231 579 τῇ
253 516 324 564 οὖν
341 520 421 578 πρὸ
442 523 517 562 τοῦ
537 517 718 573 πολέμου
740 515 893 577 ἑσπέρᾳ
919 520 1077 574 θἐωρεΐ
1098 516 1196 559 κατ’
1223 515 1325 574 ἷίναρ
1345 514 1366 559 ὃ
1386 517 1583 572 βασιλεὺς
1605 514 1668 559 ὅτι

179 585 231 648 ἦν
263 591 304 634 ἓν
338 588 631 645 Θεσσαλονίκῃ.
702 587 956 646 ‹immac-9⁶29
987 586 1031 629 δὲ
1056 583 1279 642 διηγήσατο
1312 590 1371 646 τῷ
1403 586 1702 644 ὄνειροκρίτῃ.5

181 659 203 704 ὅ
226 661 270 703 δὲ
288 659 366 718 ἔφη
391 654 455 701 “ὦ
474 660 671 712 βασιλεῦ,
708 657 795 700 εἴθε
824 656 884 712 μὴ
917 654 1110 707 ὕπνωσας
1139 660 1192 714 τῇ
1222 657 1338 699 νυκτὶ
1367 654 1522 713 ταύτῃ,
1566 655 1671 711 μήτε

130 736 161 772 Β
183 729 338 789 ὄνειρον
369 725 554 771 ἐθεάσω·
600 726 647 769 τὸ
670 725 750 785 γὰρ
776 723 879 769 εἶναί
898 740 944 769 σε
967 725 1010 768 ἓν
1031 725 1337 783 Θεσσαλονίκῃ,
1370 726 1446 783 θὲς
1461 725 1575 785 ἄλλῳ
1598 725 1671 781 τὴν

179 802 307 855 νίκην,
342 799 532 856 κρίνεται.
600 795 704 853 πρὸς
732 795 804 839 τὸν
834 793 989 853 ἐχθρόν
1017 811 1093 839 σου
1123 793 1149 850 ἡ
1174 796 1264 851 νίκη
1294 795 1530 853 τρέπεται.”
1603 796 1670 837 καὶ

181 870 234 925 δὴ
266 871 386 912 τοῦτο
420 868 489 909 καὶ
517 864 676 921 ἀπέβη·
720 863 1001 920 συμβαλόντες
1025 865 1105 922 γὰρ
1133 863 1315 920 πόλεμον
1341 863 1543 920 ἡττῶνται
1569 863 1671 907 Ῥω-

180 945 295 995 μαῖοι
306 970 320 990 ,
354 938 422 979 καὶ
445 939 709 992 συγκιρνᾶται
728 933 755 990 ἦ
777 934 977 979 θάλασσα
996 939 1053 993 τῷ
1076 936 1220 990 α’ίματι
1237 939 1320 978 τῶν
1333 933 1558 990 Ῥωμαίων.
1604 935 1671 977 321-
1686 939 1729 974 10

181 1008 267 1051 ὃύει
294 1007 338 1050 δὲ
365 1004 386 1049 ὃ
408 1004 604 1062 βασιλεὺς
635 1004 761 1048 ἄλλον
789 1004 863 1060 τὴν
889 1005 1050 1060 ἐσθῆτα
1082 1007 1234 1057 αὐτοῦ,
1282 1005 1351 1048 καὶ
1373 1003 1626 1060 εἲσπηὸήσας
1650 1002 1672 1046 ὃ

179 1077 424 1136 προλεχθ·εὶς
450 1075 540 1126 υἱὸς
572 1079 646 1118 τοῦ
675 1072 945 1133 βυκινάτορος
976 1074 1048 1118 τὸν
1068 1074 1245 1129 βασιλέα
1267 1072 1502 1132 ἀφαρπάζει
1524 1075 1593 1116 καὶ
1616 1076 1675 1124 εἷς

180 1149 316 1205 ἕτερον
348 1144 509 1203 σκάφος
535 1143 784 1199 μεταβάλλει
816 1146 885 1187 καὶ
918 1143 1166 1202 παραδόξως
1196 1141 1400 1197 διασώζει.
1471 1143 1675 1194 αὐτόςὸὲ

180 1216 348 1266 ἐπιστὰς
367 1219 418 1272 τῇ
435 1218 631 1272 βασιλικῇ
657 1217 732 1269 νηῒ
745 1214 924 1265 πολλοὺς
942 1213 1095 1257 ἀνεῖλεν
1119 1211 1140 1255 ὃ
1162 1212 1467 1270 γενναιότατος,
1502 1212 1675 1270 ’ὕστερον

179 1287 227 1330 δὲ
247 1286 480 1342 ἅναιρεΐτακ
492 1285 560 1327 καὶ
582 1282 718 1335 αὐτός.
747 1281 768 1326 ὃ
792 1284 836 1326 δὲ
852 1283 1049 1340 βασιλεὺς
1062 1281 1185 1340 μόλις
1203 1285 1428 1336 διασωθεὶς
1442 1282 1672 1341 ὑπέστρεψε
1687 1287 1730 1325 15

176 1357 273 1411 μετ’
300 1353 505 1409 αἰσχύνης,
515 1355 557 1396 ἓν
577 1352 1024 1397 Κωνσταντινουπόλει.

130 1429 163 1466 C
318 1424 418 1483 Ἐφ’
447 1418 502 1466 ὧν
527 1422 689 1481 χρόνων
721 1425 789 1466 καὶ
814 1422 837 1466 ὃ
859 1423 1041 1482 ἀρχηγὸς
1062 1427 1144 1467 τῶν
1169 1420 1466 1467 Παυλικιάνων
1489 1420 1673 1481 ἀνεφάνη

182 1497 492 1544 Κωνσταντΐνος
502 1525 515 1545 ,
553 1492 574 1536 ὃ
595 1495 662 1536 καὶ
683 1493 911 1536 Σιλουανὸν
935 1493 1062 1536 αὐτὸν
1079 1491 1302 1548 ὀνομάσας.
1339 1492 1424 1538 ἔστι
1447 1493 1492 1536 δὲ
1513 1491 1537 1549 ἦ
1560 1494 1674 1548 αἵρε-

182 1583 248 1616 σις
267 1563 401 1607 αὐτῶν
421 1561 563 1613 οὕτως.
633 1562 911 1606 Παυλικιάνοι
942 1562 980 1606 οἱ
1016 1565 1084 1607 καὶ
1117 1565 1364 1618 Μανιχαῖοι.
1431 1559 1676 1619 μετωνομά-

182 1639 348 1690 σθησαν
368 1634 413 1677 δὲ
432 1633 520 1675 ἀντὶ
539 1633 788 1688 ΙΙῖἱανιχαίων
804 1630 1083 1676 Παυλικιοῖνοι
1104 1633 1185 1676 ἀπὸ
1208 1632 1385 1677 Παύλου
1407 1633 1517 1684 τινὸς
1530 1635 1675 1688 Σαμο-
1683 1637 1732 1672 20

181 1704 359 1756 σατέως,
396 1703 490 1745 υἱοῦ
511 1702 700 1758 γυναικὸς
717 1703 963 1758 Μανιχαίας
986 1704 1236 1758 Καλλινίκης
1254 1702 1437 1757 τοῦνομα
1447 1735 1460 1755 ,
1488 1701 1578 1758 ἥτις
1599 1701 1682 1745 δύο.

182 1773 297 1825 υἱοὺς
316 1772 428 1827 ἴσχε,
463 1775 610 1815 τοῦτον
640 1771 712 1814 τὸν
739 1774 914 1816 Παῦλον
945 1773 1014 1815 καὶ
1039 1770 1246 1828 Ἰωάννην.
1315 1770 1488 1824 τούτους
1507 1765 1580 1816 οὖν
1601 1771 1677 1828 τὴν

181 1953 277 1985 runt.
325 1959 432 1995 porro
459 1947 600 1983 Mabias
624 1948 837 1984 Caesaream
860 1949 1113 1996 Cappadociae
1146 1949 1239 1985 bello
1264 1952 1391 1994 petens
1417 1948 1523 1984 classi
1544 1948 1678 1996 praefi-

183 1997 233 2031 cit
255 1995 503 2030 Abulavarem.
538 1995 570 2030 is
594 1995 639 2030 ad
662 1996 876 2031 Phoenicem
901 1997 1039 2042 Lyciae
1062 2002 1139 2031 cum
1164 1996 1372 2043 appulisset,
1399 1996 1462 2031 ubi
1485 1996 1686 2043 imperator

184 2054 260 2077 cum
284 2043 442 2076 Romana
467 2041 581 2076 classe
604 2046 702 2087 erat,
737 2042 855 2078 navali
877 2054 998 2088 pugna
1022 2055 1099 2078 cum
1125 2055 1167 2078 eo
1193 2043 1437 2088 congreditur.
1486 2055 1578 2089 quae
1602 2055 1678 2077 eam

182 2100 336 2134 pugnam
359 2087 519 2133 proxime
544 2088 738 2123 antecessit
759 2101 923 2135 vespera,
951 2102 993 2124 ea
1016 2089 1212 2136 imperator
1235 2101 1301 2136 per
1323 2101 1480 2125 somnum
1503 2089 1678 2135 imagina-

181 2141 241 2170 tus
264 2136 383 2170 fuerat
406 2146 445 2168 se
469 2146 549 2169 esse
573 2134 874 2179 Thessalonicae3
898 2136 1006 2182 idque
1031 2136 1241 2172 insomnium
1265 2136 1461 2171 coniectori
1479 2148 1679 2183 proposue-

182 2186 251 2217 rat.
301 2186 408 2226 atque
431 2180 488 2215 hic
511 2177 689 2216 “utinam’'
716 2182 788 2227 ait,
820 2179 867 2218 “o
892 2183 1105 2229 imperator,
1129 2184 1196 2218 hac
1218 2189 1322 2218 nocte
1346 2194 1461 2229 neque
1488 2183 1680 2218 dormivis-

184 2240 256 2273 ses‚
283 2239 399 2273 neque
423 2227 632 2263 insomnium
656 2228 723 2263 tibi
749 2234 844 2264 esset
869 2230 1036 2265 oblatum.
1070 2231 1165 2276 quod
1190 2231 1282 2265 enim
1307 2230 1375 2266 tibi
1397 2230 1497 2265 visus
1522 2242 1559 2264 es
1584 2230 1687 2275 apud

183 2273 472 2308 Thessalonicam
498 2286 589 2319 esse,
623 2275 658 2309 id
683 2275 863 2320 significat
886 2277 965 2311 thes
990 2276 1057 2311 allo
1083 2277 1207 2323 nicam,
1235 2277 1340 2312 alteri
1365 2278 1453 2312 cede
1477 2276 1679 2312 victoriam.

181 2321 332 2366 proinde
356 2321 401 2355 ad
425 2320 547 2355 hostes
571 2321 723 2356 victoria
747 2320 933 2358 inclinat-'⁹
968 2329 1077 2370 atque
1103 2324 1156 2360 ita
1180 2324 1321 2369 quidem
1348 2323 1482 2358 evenit.
1518 2335 1560 2358 eo
1587 2324 1687 2358 enim.

181 2367 318 2412 praelio
342 2367 431 2402 victi
454 2373 536 2402 sunt
553 2368 715 2414 Romani,
742 2381 933 2415 eorumque
958 2371 1104 2415 sanguis
1128 2371 1216 2406 mari
1240 2370 1448 2417 permixtus-
1485 2371 1680 2417 imperator

182 2421 254 2448 tum
286 2413 391 2449 alium
423 2415 595 2459 quendam
628 2416 703 2450 suis
736 2417 897 2451 vestibus
930 2416 1061 2453 induit.
1109 2417 1270 2452 insiliens
1305 2423 1420 2452 autem
1444 2417 1481 2452 in
1507 2417 1623 2452 navim
1647 2417 1679 2451 is

179 2460 279 2495 cuius
303 2460 405 2507 paulo
432 2465 515 2495 ante
539 2462 751 2497 mentionem
775 2464 924 2498 fecimus
947 2463 1188 2499 buccinatoris
1211 2464 1328 2508 filius,
1354 2465 1540 2510 abreptum
1562 2464 1679 2510 impe-

178 2512 333 2542 ratorem
368 2507 406 2541 in
440 2507 535 2542 aliud
571 2508 749 2553 navigium
784 2511 976 2554 transfert,
1013 2516 1229 2557 praeterque
1265 2511 1442 2546 hominum
1476 2510 1680 2556 opinionem

180 2558 315 2607 seruat.
362 2553 441 2599 ipse
461 2554 713 2600 imperatoriae
738 2557 820 2590 navi
845 2556 1027 2602 insistens,
1051 2558 1246 2593 fortissime
1266 2558 1455 2604 pugnando
1477 2557 1594 2592 multis
1614 2557 1680 2591 de-

180 2605 284 2634 xectis
309 2600 450 2635 tandem
474 2600 552 2645 ipse
582 2613 722 2648 quoque
752 2604 860 2639 cadit.
909 2603 1105 2651 imperator
1132 2605 1195 2641 vix
1231 2617 1340 2651 aegre
1374 2604 1500 2639 salutis
1535 2615 1678 2651 compos

183 2656 260 2680 cum
284 2646 458 2682 dedecore
482 2647 611 2693 Cpolin
629 2649 735 2684 redit.
918 2652 920 2660 '
965 2662 969 2664 ‘

275 2715 381 2750 Circa
404 2716 472 2751 hoc
497 2721 635 2763 tempus
663 2719 802 2754 exstitit
827 2719 1085 2756 Constantinus
1108 2720 1264 2767 quidam,
1299 2720 1361 2766 qui
1385 2724 1423 2756 et
1447 2719 1588 2755 Silvani
1612 2732 1678 2755 no-

183 2771 262 2815 men
287 2765 491 2816 usurpabat,
516 2763 797 2800 Paulicianorum
826 2771 946 2801 sectae
970 2768 1150 2814 princeps.
1201 2768 1277 2803 eius
1297 2768 1487 2802 haereseos
1513 2767 1602 2802 haec
1622 2773 1678 2802 oet

182 2806 344 2842 historia.
392 2810 594 2845 Manichaei
612 2812 895 2848 Paulicianorum
919 2826 1046 2849 nomen
1070 2815 1140 2850 sibi
1163 2819 1389 2860 sumpserunt
1413 2813 1560 2848 aPaulo
1585 2825 1678 2858 quo-

184 2853 263 2888 dam
286 2854 527 2902 samosateno,
562 2857 794 2894 Manichaeae
820 2859 1000 2895 cuiusdam
1025 2861 1180 2896 mulieris
1204 2860 1397 2896 Callinices
1420 2861 1561 2894 nomine
1585 2859 1675 2894 filio.

181 2911 227 2938 ea
250 2912 324 2937 cum
350 2901 496 2937 haberet
529 2903 617 2939 duos
648 2904 763 2951 filios,
798 2906 945 2942 Paulum
978 2907 1119 2945 scilicet
1153 2908 1246 2944 huuc
1283 2914 1321 2944 et
1352 2907 1458 2944 alium
1490 2908 1676 2952 Ioannem,
