<?xml version="1.0" encoding="UTF-8"?>
<!DOCTYPE html PUBLIC "-//W3C//DTD XHTML 1.0 Transitional//EN"
    "http://www.w3.org/TR/xhtml1/DTD/xhtml1-transitional.dtd">
<html xmlns="http://www.w3.org/1999/xhtml" xml:lang="en" lang="en">
 <head>
  <title>
</title>
<meta http-equiv="Content-Type" content="text/html;charset=utf-8" />
  <meta name='ocr-system' content='tesseract 3.04.00' />
  <meta name='ocr-capabilities' content='ocr_page ocr_carea ocr_par ocr_line ocrx_word'/>
</head>
<body>
  <div class='ocr_page' id='page_1' title='image "./corpusscriptorum13niebuoft_0340.png"; bbox 0 0 1742 3184; ppageno 0'>
   <div class='ocr_carea' id='block_1_1' title="bbox 218 184 1214 235">
    <p class='ocr_par' dir='ltr' id='par_1_1' title="bbox 218 184 1214 235">
     <span class='ocr_line' id='line_1_1' title="bbox 218 184 1214 235; baseline -0.005 -1"><span class='ocrx_word' id='word_1_1' title='bbox 218 187 317 235; x_wconf 87' lang='lat'>316</span> <span class='ocrx_word' id='word_1_2' title='bbox 698 185 938 233; x_wconf 89' lang='lat' dir='ltr'>GEORGII</span> <span class='ocrx_word' id='word_1_3' title='bbox 969 184 1214 230; x_wconf 86' lang='lat' dir='ltr'>CEDRENI</span> 
     </span>
    </p>
   </div>
   <div class='ocr_carea' id='block_1_2' title="bbox 72 295 1742 1674">
    <p class='ocr_par' dir='ltr' id='par_1_2' title="bbox 72 295 1742 1674">
     <span class='ocr_line' id='line_1_2' title="bbox 219 295 1700 360; baseline -0.001 -15"><span class='ocrx_word' id='word_1_4' title='bbox 219 305 295 358; x_wconf 91' lang='grc' dir='ltr'><strong><em>δης</em></strong></span> <span class='ocrx_word' id='word_1_5' title='bbox 312 302 387 358; x_wconf 70' lang='grc' dir='ltr'>μέν</span> <span class='ocrx_word' id='word_1_6' title='bbox 404 301 447 353; x_wconf 78' lang='grc' dir='ltr'>ἐξ</span> <span class='ocrx_word' id='word_1_7' title='bbox 467 302 599 345; x_wconf 81' lang='grc' dir='ltr'><strong><em>ἐθνῶν</em></strong></span> <span class='ocrx_word' id='word_1_8' title='bbox 617 300 697 357; x_wconf 74' lang='grc' dir='ltr'>ἤδη</span> <span class='ocrx_word' id='word_1_9' title='bbox 720 299 915 356; x_wconf 76' lang='grc' dir='ltr'><strong><em>βασιλεὺς</em></strong></span> <span class='ocrx_word' id='word_1_10' title='bbox 932 304 1006 355; x_wconf 81' lang='grc' dir='ltr'><strong><em>τῆς</em></strong></span> <span class='ocrx_word' id='word_1_11' title='bbox 1029 299 1231 352; x_wconf 85' lang='grc' dir='ltr'><strong><em>Ἰουδαίας</em></strong></span> <span class='ocrx_word' id='word_1_12' title='bbox 1253 295 1607 360; x_wconf 68' lang='grc' dir='ltr'><strong><em>ἀνηγορευμένος,</em></strong></span> <span class='ocrx_word' id='word_1_13' title='bbox 1630 304 1700 344; x_wconf 87' lang='grc' dir='ltr'>καὶ</span> 
     </span>
     <span class='ocr_line' id='line_1_3' title="bbox 217 368 1701 430; baseline -0.001 -15"><span class='ocrx_word' id='word_1_14' title='bbox 217 376 292 415; x_wconf 85' lang='grc' dir='ltr'>τοῦ</span> <span class='ocrx_word' id='word_1_15' title='bbox 318 373 459 430; x_wconf 79' lang='grc' dir='ltr'><strong><em>κυρίου</em></strong></span> <span class='ocrx_word' id='word_1_16' title='bbox 485 369 602 428; x_wconf 69' lang='grc' dir='ltr'><strong><em>ἡμῶν</em></strong></span> <span class='ocrx_word' id='word_1_17' title='bbox 626 373 761 427; x_wconf 78' lang='grc' dir='ltr'><strong><em>Ἰησοῦ</em></strong></span> <span class='ocrx_word' id='word_1_18' title='bbox 786 372 975 427; x_wconf 78' lang='grc' dir='ltr'><em>Χριστοῦ</em></span> <span class='ocrx_word' id='word_1_19' title='bbox 1005 370 1110 413; x_wconf 76' lang='grc' dir='ltr'><strong><em>κατὰ</em></strong></span> <span class='ocrx_word' id='word_1_20' title='bbox 1146 368 1280 428; x_wconf 82' lang='grc' dir='ltr'><em>σάρκα</em></span> <span class='ocrx_word' id='word_1_21' title='bbox 1309 371 1597 428; x_wconf 76' lang='grc' dir='ltr'>γεννηθέντος,</span> <span class='ocrx_word' id='word_1_22' title='bbox 1633 374 1701 413; x_wconf 85' lang='grc' dir='ltr'>καὶ</span> 
     </span>
     <span class='ocr_line' id='line_1_4' title="bbox 216 437 1702 499; baseline -0.002 -14"><span class='ocrx_word' id='word_1_23' title='bbox 216 447 292 485; x_wconf 85' lang='grc' dir='ltr'>τοῦ</span> <span class='ocrx_word' id='word_1_24' title='bbox 306 439 500 499; x_wconf 50' lang='grc' dir='ltr'><strong><em>(Ηρώδου</em></strong></span> <span class='ocrx_word' id='word_1_25' title='bbox 530 445 666 492; x_wconf 83' lang='grc' dir='ltr'><strong><em>κακῶς</em></strong></span> <span class='ocrx_word' id='word_1_26' title='bbox 685 439 756 482; x_wconf 81' lang='grc' dir='ltr'>τὸν</span> <span class='ocrx_word' id='word_1_27' title='bbox 777 441 867 494; x_wconf 81' lang='grc' dir='ltr'><strong><em>βίον</em></strong></span> <span class='ocrx_word' id='word_1_28' title='bbox 893 438 1207 492; x_wconf 77' lang='grc' dir='ltr'><strong><em>διαλλάξαντος,</em></strong></span> <span class='ocrx_word' id='word_1_29' title='bbox 1242 438 1503 499; x_wconf 77' lang='grc' dir='ltr'><em>πεπλήρωται</em></span> <span class='ocrx_word' id='word_1_30' title='bbox 1524 440 1572 483; x_wconf 86' lang='grc' dir='ltr'><strong><em>τό</em></strong></span> <span class='ocrx_word' id='word_1_31' title='bbox 1595 437 1702 482; x_wconf 62' lang='grc' dir='ltr'>αοὐκ</span> 
     </span>
     <span class='ocr_line' id='line_1_5' title="bbox 72 507 1699 568; baseline 0.001 -18"><span class='ocrx_word' id='word_1_32' title='bbox 72 516 102 550; x_wconf 92' lang='lat' dir='ltr'>P</span> <span class='ocrx_word' id='word_1_33' title='bbox 129 515 196 553; x_wconf 83' lang='lat'>180</span> <span class='ocrx_word' id='word_1_34' title='bbox 219 511 396 565; x_wconf 83' lang='grc' dir='ltr'><strong><em>ἐκλείψει</em></strong></span> <span class='ocrx_word' id='word_1_35' title='bbox 429 509 566 568; x_wconf 77' lang='grc' dir='ltr'><strong><em>ἄρχων</em></strong></span> <span class='ocrx_word' id='word_1_36' title='bbox 593 511 635 560; x_wconf 79' lang='grc' dir='ltr'>ἐξ</span> <span class='ocrx_word' id='word_1_37' title='bbox 660 507 797 552; x_wconf 78' lang='grc' dir='ltr'><strong><em>Ἰούδα</em></strong></span> <span class='ocrx_word' id='word_1_38' title='bbox 831 509 906 559; x_wconf 71' lang='grc' dir='ltr'><strong><em>ἕως</em></strong></span> <span class='ocrx_word' id='word_1_39' title='bbox 940 507 990 551; x_wconf 75' lang='grc' dir='ltr'>ἂν</span> <span class='ocrx_word' id='word_1_40' title='bbox 1017 508 1122 566; x_wconf 70' lang='grc' dir='ltr'><strong><em>ἔλθῃ</em></strong></span> <span class='ocrx_word' id='word_1_41' title='bbox 1151 509 1176 552; x_wconf 74' lang='grc' dir='ltr'>ὃ</span> <span class='ocrx_word' id='word_1_42' title='bbox 1211 507 1445 562; x_wconf 77' lang='grc' dir='ltr'><strong><em>ἀπόκειται,</em></strong></span> <span class='ocrx_word' id='word_1_43' title='bbox 1481 508 1528 560; x_wconf 79' lang='grc' dir='ltr'><strong><em>ὅς</em></strong></span> <span class='ocrx_word' id='word_1_44' title='bbox 1548 509 1656 552; x_wconf 84' lang='grc' dir='ltr'><strong><em>ἐστιν</em></strong></span> <span class='ocrx_word' id='word_1_45' title='bbox 1678 507 1699 550; x_wconf 82' lang='grc' dir='ltr'><em>ὃ</em></span> 
     </span>
     <span class='ocr_line' id='line_1_6' title="bbox 216 576 1734 638; baseline 0.001 -15"><span class='ocrx_word' id='word_1_46' title='bbox 216 578 445 638; x_wconf 62' lang='grc' dir='ltr'>Χριστός.υ</span> <span class='ocrx_word' id='word_1_47' title='bbox 518 579 653 634; x_wconf 77' lang='grc' dir='ltr'><strong><em>ἐπειδὴ</em></strong></span> <span class='ocrx_word' id='word_1_48' title='bbox 677 578 755 635; x_wconf 81' lang='grc' dir='ltr'><strong><em>γὰρ</em></strong></span> <span class='ocrx_word' id='word_1_49' title='bbox 779 577 901 628; x_wconf 80' lang='grc' dir='ltr'><strong><em>αὐτὸς</em></strong></span> <span class='ocrx_word' id='word_1_50' title='bbox 921 576 941 621; x_wconf 83' lang='grc' dir='ltr'><em>ὃ</em></span> <span class='ocrx_word' id='word_1_51' title='bbox 959 576 1153 636; x_wconf 66' lang='grc' dir='ltr'>εΗρώδης</span> <span class='ocrx_word' id='word_1_52' title='bbox 1174 576 1409 636; x_wconf 75' lang='grc' dir='ltr'><strong><em>ἀλλόφυλος</em></strong></span> <span class='ocrx_word' id='word_1_53' title='bbox 1425 577 1482 622; x_wconf 74' lang='grc' dir='ltr'>ὢν</span> <span class='ocrx_word' id='word_1_54' title='bbox 1501 596 1699 636; x_wconf 84' lang='grc' dir='ltr'><strong><em>περιτμη-</em></strong></span> <span class='ocrx_word' id='word_1_55' title='bbox 1712 588 1734 624; x_wconf 86' lang='grc'>5</span> 
     </span>
     <span class='ocr_line' id='line_1_7' title="bbox 215 643 1703 707; baseline -0.002 -15"><span class='ocrx_word' id='word_1_56' title='bbox 215 651 309 700; x_wconf 78' lang='grc' dir='ltr'><strong><em>θεὶς</em></strong></span> <span class='ocrx_word' id='word_1_57' title='bbox 336 643 433 707; x_wconf 72' lang='grc' dir='ltr'><strong><em>ἦρξε</em></strong></span> <span class='ocrx_word' id='word_1_58' title='bbox 467 652 549 690; x_wconf 77' lang='grc' dir='ltr'>τῶν</span> <span class='ocrx_word' id='word_1_59' title='bbox 578 648 788 691; x_wconf 75' lang='grc' dir='ltr'><strong><em>Ἰουδαίων</em></strong></span> <span class='ocrx_word' id='word_1_60' title='bbox 816 649 882 690; x_wconf 83' lang='grc' dir='ltr'>καὶ</span> <span class='ocrx_word' id='word_1_61' title='bbox 911 648 1101 705; x_wconf 73' lang='grc' dir='ltr'><strong><em>ἀρχιερέα</em></strong></span> <span class='ocrx_word' id='word_1_62' title='bbox 1127 648 1369 704; x_wconf 75' lang='grc' dir='ltr'><strong><em>κατέστησεν</em></strong></span> <span class='ocrx_word' id='word_1_63' title='bbox 1400 648 1600 704; x_wconf 79' lang='grc' dir='ltr'><strong><em>ἅλλογενῆ</em></strong></span> <span class='ocrx_word' id='word_1_64' title='bbox 1631 648 1703 690; x_wconf 88' lang='grc' dir='ltr'>τὸν</span> 
     </span>
     <span class='ocr_line' id='line_1_8' title="bbox 211 714 1704 775; baseline -0.002 -13"><span class='ocrx_word' id='word_1_65' title='bbox 211 714 432 770; x_wconf 83' lang='grc' dir='ltr'><strong><em>Ἀνάνιλον,</em></strong></span> <span class='ocrx_word' id='word_1_66' title='bbox 470 717 596 768; x_wconf 75' lang='grc' dir='ltr'><strong><em>εὐθὺς</em></strong></span> <span class='ocrx_word' id='word_1_67' title='bbox 624 716 788 772; x_wconf 83' lang='grc' dir='ltr'><strong><em>ἐπαύθη</em></strong></span> <span class='ocrx_word' id='word_1_68' title='bbox 816 716 920 759; x_wconf 78' lang='grc' dir='ltr'><strong><em>κατὰ</em></strong></span> <span class='ocrx_word' id='word_1_69' title='bbox 953 717 1027 771; x_wconf 81' lang='grc' dir='ltr'>τὴν</span> <span class='ocrx_word' id='word_1_70' title='bbox 1054 718 1174 759; x_wconf 85' lang='grc' dir='ltr'><strong><em>θείαν</em></strong></span> <span class='ocrx_word' id='word_1_71' title='bbox 1201 715 1429 775; x_wconf 84' lang='grc' dir='ltr'><strong><em>πρόρρησιν</em></strong></span> <span class='ocrx_word' id='word_1_72' title='bbox 1456 715 1482 772; x_wconf 74' lang='grc' dir='ltr'><em>ἦ</em></span> <span class='ocrx_word' id='word_1_73' title='bbox 1504 718 1547 768; x_wconf 77' lang='grc' dir='ltr'>ἐξ</span> <span class='ocrx_word' id='word_1_74' title='bbox 1566 715 1704 759; x_wconf 77' lang='grc' dir='ltr'><strong><em>Ἰούδα</em></strong></span> 
     </span>
     <span class='ocr_line' id='line_1_9' title="bbox 218 784 1705 846; baseline -0.002 -15"><span class='ocrx_word' id='word_1_75' title='bbox 218 788 325 846; x_wconf 79' lang='grc' dir='ltr'><strong><em>ἀρχὴ</em></strong></span> <span class='ocrx_word' id='word_1_76' title='bbox 355 788 475 843; x_wconf 86' lang='grc' dir='ltr'><strong><em>μέχρι</em></strong></span> <span class='ocrx_word' id='word_1_77' title='bbox 507 786 598 830; x_wconf 83' lang='grc' dir='ltr'><strong><em>τότε</em></strong></span> <span class='ocrx_word' id='word_1_78' title='bbox 621 785 876 844; x_wconf 75' lang='grc' dir='ltr'><strong><em>κρατήσασα.</em></strong></span> <span class='ocrx_word' id='word_1_79' title='bbox 947 786 986 828; x_wconf 79' lang='grc' dir='ltr'>οἳ</span> <span class='ocrx_word' id='word_1_80' title='bbox 1013 785 1092 843; x_wconf 78' lang='grc' dir='ltr'><strong><em>γὰρ</em></strong></span> <span class='ocrx_word' id='word_1_81' title='bbox 1122 786 1240 844; x_wconf 83' lang='grc' dir='ltr'><strong><em>ἱερεῖς</em></strong></span> <span class='ocrx_word' id='word_1_82' title='bbox 1270 784 1601 842; x_wconf 84' lang='grc' dir='ltr'><strong><em>προειστήκεισαν</em></strong></span> <span class='ocrx_word' id='word_1_83' title='bbox 1623 790 1705 829; x_wconf 85' lang='grc' dir='ltr'>τῶν</span> 
     </span>
     <span class='ocr_line' id='line_1_10' title="bbox 218 850 1706 915; baseline -0.002 -15"><span class='ocrx_word' id='word_1_84' title='bbox 218 855 471 915; x_wconf 82' lang='grc' dir='ltr'><strong><em>πραγμάτων</em></strong></span> <span class='ocrx_word' id='word_1_85' title='bbox 478 887 492 907; x_wconf 89' lang='grc'><strong><em>,</em></strong></span> <span class='ocrx_word' id='word_1_86' title='bbox 510 890 514 895; x_wconf 93' lang='grc'><em>.</em></span> <span class='ocrx_word' id='word_1_87' title='bbox 535 855 654 914; x_wconf 76' lang='grc' dir='ltr'><strong><em>ἄχρις</em></strong></span> <span class='ocrx_word' id='word_1_88' title='bbox 681 850 730 899; x_wconf 75' lang='grc' dir='ltr'>οὗ</span> <span class='ocrx_word' id='word_1_89' title='bbox 751 852 972 910; x_wconf 82' lang='grc' dir='ltr'><strong><em>Πομπήϊος</em></strong></span> <span class='ocrx_word' id='word_1_90' title='bbox 1003 853 1256 910; x_wconf 80' lang='grc' dir='ltr'><strong><em>ὅῬωμαίων</em></strong></span> <span class='ocrx_word' id='word_1_91' title='bbox 1282 855 1510 913; x_wconf 76' lang='grc' dir='ltr'><strong><em>στρατηγὸς</em></strong></span> <span class='ocrx_word' id='word_1_92' title='bbox 1541 854 1706 905; x_wconf 82' lang='grc' dir='ltr'><strong><em>ἐπιστὰς</em></strong></span> 
     </span>
     <span class='ocr_line' id='line_1_11' title="bbox 219 923 1742 983; baseline -0.001 -13"><span class='ocrx_word' id='word_1_93' title='bbox 219 926 294 981; x_wconf 81' lang='grc' dir='ltr'>τὴν</span> <span class='ocrx_word' id='word_1_94' title='bbox 318 926 392 980; x_wconf 71' lang='grc' dir='ltr'>μέν</span> <span class='ocrx_word' id='word_1_95' title='bbox 415 923 683 982; x_wconf 80' lang='grc' dir='ltr'><strong><em>Ἰερουσαλὴμ</em></strong></span> <span class='ocrx_word' id='word_1_96' title='bbox 713 925 819 968; x_wconf 77' lang='grc' dir='ltr'><strong><em>κατὰ</em></strong></span> <span class='ocrx_word' id='word_1_97' title='bbox 850 923 1000 982; x_wconf 81' lang='grc' dir='ltr'><strong><em>κράτος</em></strong></span> <span class='ocrx_word' id='word_1_98' title='bbox 1019 929 1246 983; x_wconf 87' lang='grc' dir='ltr'><strong><em>πολιορκεῖ,</em></strong></span> <span class='ocrx_word' id='word_1_99' title='bbox 1280 926 1428 980; x_wconf 83' lang='grc' dir='ltr'><strong><em>μιαίνει</em></strong></span> <span class='ocrx_word' id='word_1_100' title='bbox 1451 925 1497 968; x_wconf 79' lang='grc' dir='ltr'>δὲ</span> <span class='ocrx_word' id='word_1_101' title='bbox 1515 924 1567 966; x_wconf 81' lang='grc' dir='ltr'>τὰ</span> <span class='ocrx_word' id='word_1_102' title='bbox 1591 924 1702 980; x_wconf 74' lang='grc' dir='ltr'><strong><em>ἅγια,</em></strong></span> <span class='ocrx_word' id='word_1_103' title='bbox 1719 934 1742 968; x_wconf 78' lang='grc'>1·</span> 
     </span>
     <span class='ocr_line' id='line_1_12' title="bbox 221 994 1708 1051; baseline -0.002 -13"><span class='ocrx_word' id='word_1_104' title='bbox 221 996 293 1039; x_wconf 83' lang='grc' dir='ltr'>τὸν</span> <span class='ocrx_word' id='word_1_105' title='bbox 312 996 356 1037; x_wconf 75' lang='grc' dir='ltr'>δὲ</span> <span class='ocrx_word' id='word_1_106' title='bbox 377 997 420 1037; x_wconf 85' lang='grc' dir='ltr'>ἐκ</span> <span class='ocrx_word' id='word_1_107' title='bbox 440 998 514 1049; x_wconf 82' lang='grc' dir='ltr'><strong><em>τῆς</em></strong></span> <span class='ocrx_word' id='word_1_108' title='bbox 535 994 746 1051; x_wconf 80' lang='grc' dir='ltr'><strong><em>προγόνων</em></strong></span> <span class='ocrx_word' id='word_1_109' title='bbox 768 996 966 1049; x_wconf 79' lang='grc' dir='ltr'><strong><em>διαδοχῆς</em></strong></span> <span class='ocrx_word' id='word_1_110' title='bbox 986 994 1129 1051; x_wconf 84' lang='grc' dir='ltr'><strong><em>μέχρις</em></strong></span> <span class='ocrx_word' id='word_1_111' title='bbox 1153 995 1302 1037; x_wconf 85' lang='grc' dir='ltr'><strong><em>ἐκείνου</em></strong></span> <span class='ocrx_word' id='word_1_112' title='bbox 1324 999 1398 1037; x_wconf 79' lang='grc' dir='ltr'>τοῦ</span> <span class='ocrx_word' id='word_1_113' title='bbox 1419 998 1564 1051; x_wconf 79' lang='grc' dir='ltr'><strong><em>καιροῦ</em></strong></span> <span class='ocrx_word' id='word_1_114' title='bbox 1589 995 1708 1051; x_wconf 85' lang='grc' dir='ltr'><strong><em>διαρ-</em></strong></span> 
     </span>
     <span class='ocr_line' id='line_1_13' title="bbox 223 1061 1708 1122; baseline -0.002 -15"><span class='ocrx_word' id='word_1_115' title='bbox 223 1065 398 1108; x_wconf 80' lang='grc' dir='ltr'><strong><em>κέσαντα</em></strong></span> <span class='ocrx_word' id='word_1_116' title='bbox 423 1064 598 1117; x_wconf 80' lang='grc' dir='ltr'><strong><em>βασιλέα</em></strong></span> <span class='ocrx_word' id='word_1_117' title='bbox 626 1081 669 1106; x_wconf 91' lang='grc' dir='ltr'>τε</span> <span class='ocrx_word' id='word_1_118' title='bbox 693 1061 798 1119; x_wconf 80' lang='grc' dir='ltr'><strong><em>ὁμοῦ</em></strong></span> <span class='ocrx_word' id='word_1_119' title='bbox 822 1065 890 1105; x_wconf 77' lang='grc' dir='ltr'>καὶ</span> <span class='ocrx_word' id='word_1_120' title='bbox 913 1063 1102 1121; x_wconf 75' lang='grc' dir='ltr'><strong><em>ἀρχιερέα</em></strong></span> <span class='ocrx_word' id='word_1_121' title='bbox 1120 1061 1434 1122; x_wconf 84' lang='grc' dir='ltr'><strong><em>Ἀριστόβουλον</em></strong></span> <span class='ocrx_word' id='word_1_122' title='bbox 1459 1063 1623 1118; x_wconf 80' lang='grc' dir='ltr'><strong><em>δέσμιον</em></strong></span> <span class='ocrx_word' id='word_1_123' title='bbox 1644 1063 1708 1105; x_wconf 79' lang='grc' dir='ltr'>ἐπὶ</span> 
     </span>
     <span class='ocr_line' id='line_1_14' title="bbox 218 1130 1710 1190; baseline -0.001 -14"><span class='ocrx_word' id='word_1_124' title='bbox 218 1132 379 1189; x_wconf 80' lang='grc' dir='ltr'><strong><em>Ῥώμην</em></strong></span> <span class='ocrx_word' id='word_1_125' title='bbox 409 1133 623 1188; x_wconf 82' lang='grc' dir='ltr'><strong><em>ἐκπέμψας</em></strong></span> <span class='ocrx_word' id='word_1_126' title='bbox 653 1132 701 1176; x_wconf 78' lang='grc' dir='ltr'>τὸ</span> <span class='ocrx_word' id='word_1_127' title='bbox 732 1137 814 1176; x_wconf 79' lang='grc' dir='ltr'>πᾶν</span> <span class='ocrx_word' id='word_1_128' title='bbox 844 1132 1052 1176; x_wconf 83' lang='grc' dir='ltr'><strong><em>Ἰουδαίων</em></strong></span> <span class='ocrx_word' id='word_1_129' title='bbox 1082 1132 1203 1183; x_wconf 65' lang='grc' dir='ltr'><strong><em>ἔθνος</em></strong></span> <span class='ocrx_word' id='word_1_130' title='bbox 1238 1131 1455 1188; x_wconf 86' lang='grc' dir='ltr'><strong><em>Ῥωμαίοις</em></strong></span> <span class='ocrx_word' id='word_1_131' title='bbox 1495 1130 1710 1190; x_wconf 75' lang='grc' dir='ltr'><strong><em>ὖπόφορον</em></strong></span> 
     </span>
     <span class='ocr_line' id='line_1_15' title="bbox 173 1199 1707 1260; baseline 0 -17"><span class='ocrx_word' id='word_1_132' title='bbox 173 1209 203 1243; x_wconf 92' lang='grc' dir='ltr'>Β</span> <span class='ocrx_word' id='word_1_133' title='bbox 230 1204 462 1257; x_wconf 85' lang='grc' dir='ltr'><strong><em>κατέστησε.</em></strong></span> <span class='ocrx_word' id='word_1_134' title='bbox 530 1204 597 1245; x_wconf 85' lang='grc' dir='ltr'>καὶ</span> <span class='ocrx_word' id='word_1_135' title='bbox 623 1201 730 1244; x_wconf 76' lang='grc' dir='ltr'><strong><em>οὕτω</em></strong></span> <span class='ocrx_word' id='word_1_136' title='bbox 750 1207 912 1259; x_wconf 83' lang='grc' dir='ltr'><strong><em>πρῶτος</em></strong></span> <span class='ocrx_word' id='word_1_137' title='bbox 932 1199 1165 1258; x_wconf 74' lang='grc' dir='ltr'><strong><em>ἀλλόφυλος</em></strong></span> <span class='ocrx_word' id='word_1_138' title='bbox 1188 1200 1407 1260; x_wconf 65' lang='grc' dir='ltr'>ζΗριῦδης,</span> <span class='ocrx_word' id='word_1_139' title='bbox 1436 1199 1493 1252; x_wconf 79' lang='grc' dir='ltr'><strong><em>ὡς</em></strong></span> <span class='ocrx_word' id='word_1_140' title='bbox 1511 1200 1627 1259; x_wconf 65' lang='grc' dir='ltr'><strong><em>ἔφην,</em></strong></span> <span class='ocrx_word' id='word_1_141' title='bbox 1661 1200 1707 1243; x_wconf 87' lang='grc' dir='ltr'><strong><em>τό</em></strong></span> 
     </span>
     <span class='ocr_line' id='line_1_16' title="bbox 223 1270 1742 1328; baseline -0.002 -13"><span class='ocrx_word' id='word_1_142' title='bbox 223 1274 430 1315; x_wconf 78' lang='grc' dir='ltr'><strong><em>Ἰουδαῖον</em></strong></span> <span class='ocrx_word' id='word_1_143' title='bbox 452 1270 574 1322; x_wconf 63' lang='grc' dir='ltr'><strong><em>ἔθνος</em></strong></span> <span class='ocrx_word' id='word_1_144' title='bbox 595 1273 862 1327; x_wconf 74' lang='grc' dir='ltr'><strong><em>ἐγχειρίζεται.</em></strong></span> <span class='ocrx_word' id='word_1_145' title='bbox 931 1273 1034 1313; x_wconf 78' lang='grc' dir='ltr'><strong><em>καθ’</em></strong></span> <span class='ocrx_word' id='word_1_146' title='bbox 1063 1270 1109 1314; x_wconf 77' lang='grc' dir='ltr'>ὃν</span> <span class='ocrx_word' id='word_1_147' title='bbox 1136 1272 1279 1328; x_wconf 82' lang='grc' dir='ltr'><strong><em>καιρὸν</em></strong></span> <span class='ocrx_word' id='word_1_148' title='bbox 1307 1273 1486 1328; x_wconf 80' lang='grc' dir='ltr'><strong><em>ἐναργῶς</em></strong></span> <span class='ocrx_word' id='word_1_149' title='bbox 1506 1275 1579 1326; x_wconf 81' lang='grc' dir='ltr'><strong><em>τῆς</em></strong></span> <span class='ocrx_word' id='word_1_150' title='bbox 1598 1272 1742 1328; x_wconf 88' lang='grc' dir='ltr'><strong><em>Χρι-1</em></strong></span> 
     </span>
     <span class='ocr_line' id='line_1_17' title="bbox 228 1339 1714 1398; baseline -0.003 -12"><span class='ocrx_word' id='word_1_151' title='bbox 228 1347 327 1386; x_wconf 83' lang='grc' dir='ltr'>στοῦ</span> <span class='ocrx_word' id='word_1_152' title='bbox 348 1341 574 1398; x_wconf 86' lang='grc' dir='ltr'><strong><em>παρουσίας</em></strong></span> <span class='ocrx_word' id='word_1_153' title='bbox 595 1339 792 1396; x_wconf 77' lang='grc' dir='ltr'><strong><em>ἐνστάσης</em></strong></span> <span class='ocrx_word' id='word_1_154' title='bbox 814 1340 994 1392; x_wconf 74' lang='grc' dir='ltr'><strong><em>ἐξέλιπον</em></strong></span> <span class='ocrx_word' id='word_1_155' title='bbox 1021 1340 1058 1383; x_wconf 80' lang='grc' dir='ltr'>οἱ</span> <span class='ocrx_word' id='word_1_156' title='bbox 1082 1345 1163 1384; x_wconf 78' lang='grc' dir='ltr'>τῶν</span> <span class='ocrx_word' id='word_1_157' title='bbox 1182 1341 1401 1384; x_wconf 80' lang='grc' dir='ltr'><strong><em>Ἰουδαίων</em></strong></span> <span class='ocrx_word' id='word_1_158' title='bbox 1424 1340 1622 1398; x_wconf 81' lang='grc' dir='ltr'><strong><em>ἀρχιερεῖς</em></strong></span> <span class='ocrx_word' id='word_1_159' title='bbox 1646 1341 1714 1382; x_wconf 84' lang='grc' dir='ltr'>καὶ</span> 
     </span>
     <span class='ocr_line' id='line_1_18' title="bbox 225 1410 456 1468; baseline -0.013 -14"><span class='ocrx_word' id='word_1_160' title='bbox 225 1410 456 1468; x_wconf 69' lang='grc' dir='ltr'><strong><em>ἡγούμενοι.</em></strong></span> 
     </span>
     <span class='ocr_line' id='line_1_19' title="bbox 361 1476 1715 1535; baseline -0.001 -14"><span class='ocrx_word' id='word_1_161' title='bbox 361 1481 403 1521; x_wconf 94' lang='grc' dir='ltr'><em>Γ</em></span> <span class='ocrx_word' id='word_1_162' title='bbox 399 1479 580 1534; x_wconf 82' lang='grc' dir='ltr'><strong><em>εννηθεὶς</em></strong></span> <span class='ocrx_word' id='word_1_163' title='bbox 607 1478 743 1522; x_wconf 87' lang='grc' dir='ltr'><strong><em>τοίνυν</em></strong></span> <span class='ocrx_word' id='word_1_164' title='bbox 771 1476 996 1535; x_wconf 84' lang='grc' dir='ltr'><strong><em>ὃΧριστός</em></strong></span> <span class='ocrx_word' id='word_1_165' title='bbox 1030 1477 1122 1521; x_wconf 68' lang='grc' dir='ltr'><strong><em>οὐδ’</em></strong></span> <span class='ocrx_word' id='word_1_166' title='bbox 1155 1477 1280 1529; x_wconf 79' lang='grc' dir='ltr'><strong><em>αῧτός</em></strong></span> <span class='ocrx_word' id='word_1_167' title='bbox 1308 1479 1373 1521; x_wconf 81' lang='grc' dir='ltr'>ἐπὶ</span> <span class='ocrx_word' id='word_1_168' title='bbox 1404 1482 1477 1521; x_wconf 81' lang='grc' dir='ltr'>τοῦ</span> <span class='ocrx_word' id='word_1_169' title='bbox 1510 1479 1715 1532; x_wconf 73' lang='grc' dir='ltr'><strong><em>αι’σθητοῦ</em></strong></span> 
     </span>
     <span class='ocr_line' id='line_1_20' title="bbox 224 1545 1717 1607; baseline -0.002 -15"><span class='ocrx_word' id='word_1_170' title='bbox 224 1547 381 1607; x_wconf 86' lang='grc' dir='ltr'><strong><em>θρόνου</em></strong></span> <span class='ocrx_word' id='word_1_171' title='bbox 402 1548 547 1602; x_wconf 81' lang='grc' dir='ltr'><strong><em>Δαβὶδ</em></strong></span> <span class='ocrx_word' id='word_1_172' title='bbox 566 1545 772 1600; x_wconf 75' lang='grc' dir='ltr'><strong><em>ἐκάθισεν,</em></strong></span> <span class='ocrx_word' id='word_1_173' title='bbox 798 1547 905 1590; x_wconf 77' lang='grc' dir='ltr'><strong><em>ἀλλὰ</em></strong></span> <span class='ocrx_word' id='word_1_174' title='bbox 929 1545 1083 1604; x_wconf 84' lang='grc' dir='ltr'><strong><em>θρόνον</em></strong></span> <span class='ocrx_word' id='word_1_175' title='bbox 1106 1548 1208 1602; x_wconf 75' lang='grc' dir='ltr'><strong><em>λέγει</em></strong></span> <span class='ocrx_word' id='word_1_176' title='bbox 1230 1548 1374 1602; x_wconf 79' lang='grc' dir='ltr'><strong><em>Δαβὶδ</em></strong></span> <span class='ocrx_word' id='word_1_177' title='bbox 1393 1547 1468 1602; x_wconf 80' lang='grc' dir='ltr'>τὴν</span> <span class='ocrx_word' id='word_1_178' title='bbox 1490 1547 1717 1604; x_wconf 79' lang='grc' dir='ltr'><strong><em>ἅκαθαίρε-</em></strong></span> 
     </span>
     <span class='ocr_line' id='line_1_21' title="bbox 227 1614 1742 1674; baseline -0.004 -11"><span class='ocrx_word' id='word_1_179' title='bbox 227 1637 298 1663; x_wconf 86' lang='grc' dir='ltr'>τον</span> <span class='ocrx_word' id='word_1_180' title='bbox 319 1619 387 1660; x_wconf 83' lang='grc' dir='ltr'>καὶ</span> <span class='ocrx_word' id='word_1_181' title='bbox 408 1615 571 1660; x_wconf 77' lang='grc' dir='ltr'><strong><em>αἰώνιον</em></strong></span> <span class='ocrx_word' id='word_1_182' title='bbox 592 1618 818 1671; x_wconf 82' lang='grc' dir='ltr'><strong><em>βασιλείαν.</em></strong></span> <span class='ocrx_word' id='word_1_183' title='bbox 855 1616 979 1666; x_wconf 73' lang='grc' dir='ltr'><strong><em>αὐτὸς</em></strong></span> <span class='ocrx_word' id='word_1_184' title='bbox 996 1614 1074 1674; x_wconf 74' lang='grc' dir='ltr'><strong><em>γάρ</em></strong></span> <span class='ocrx_word' id='word_1_185' title='bbox 1095 1618 1178 1658; x_wconf 80' lang='grc' dir='ltr'><strong><em>ἐστι</em></strong></span> <span class='ocrx_word' id='word_1_186' title='bbox 1199 1618 1426 1674; x_wconf 83' lang='grc' dir='ltr'><strong><em>προσδοκία</em></strong></span> <span class='ocrx_word' id='word_1_187' title='bbox 1447 1618 1595 1668; x_wconf 85' lang='grc' dir='ltr'><strong><em>ἐθνῶν,</em></strong></span> <span class='ocrx_word' id='word_1_188' title='bbox 1625 1616 1742 1670; x_wconf 56' lang='grc' dir='ltr'>οὐχὶὲς</span> 
     </span>
    </p>
   </div>
   <div class='ocr_carea' id='block_1_3' title="bbox 227 1683 1715 1744">
    <p class='ocr_par' dir='ltr' id='par_1_3' title="bbox 227 1683 1715 1744">
     <span class='ocr_line' id='line_1_22' title="bbox 227 1683 1715 1744; baseline -0.002 -13"><span class='ocrx_word' id='word_1_189' title='bbox 227 1692 302 1731; x_wconf 76' lang='grc' dir='ltr'>τοῦ</span> <span class='ocrx_word' id='word_1_190' title='bbox 337 1687 551 1741; x_wconf 84' lang='grc' dir='ltr'><strong><em>ἐλαχίστου</em></strong></span> <span class='ocrx_word' id='word_1_191' title='bbox 578 1686 730 1743; x_wconf 78' lang='grc' dir='ltr'><strong><em>μέρους</em></strong></span> <span class='ocrx_word' id='word_1_192' title='bbox 758 1689 833 1740; x_wconf 80' lang='grc' dir='ltr'><strong><em>τῆς</em></strong></span> <span class='ocrx_word' id='word_1_193' title='bbox 865 1686 1114 1740; x_wconf 80' lang='grc' dir='ltr'><strong><em>οἰκουμένης.</em></strong></span> <span class='ocrx_word' id='word_1_194' title='bbox 1178 1683 1204 1700; x_wconf 82' lang='lat'>“</span> <span class='ocrx_word' id='word_1_195' title='bbox 1220 1685 1366 1729; x_wconf 57' lang='grc' dir='ltr'><strong><em>ἕσταθ’</em></strong></span> <span class='ocrx_word' id='word_1_196' title='bbox 1399 1685 1479 1744; x_wconf 79' lang='grc' dir='ltr'><strong><em>γάρ</em></strong></span> <span class='ocrx_word' id='word_1_197' title='bbox 1513 1702 1639 1744; x_wconf 81' lang='grc' dir='ltr'><strong><em>φησιν</em></strong></span> <span class='ocrx_word' id='word_1_198' title='bbox 1658 1683 1715 1741; x_wconf 76' lang='grc' dir='ltr'>“ἥ</span> 
     </span>
    </p>
   </div>
   <div class='ocr_carea' id='block_1_4' title="bbox 228 1753 1715 1815">
    <p class='ocr_par' dir='ltr' id='par_1_4' title="bbox 228 1753 1715 1815">
     <span class='ocr_line' id='line_1_23' title="bbox 228 1753 1715 1815; baseline -0.002 -16"><span class='ocrx_word' id='word_1_199' title='bbox 228 1757 319 1815; x_wconf 81' lang='grc' dir='ltr'><strong><em>ῥίζα</em></strong></span> <span class='ocrx_word' id='word_1_200' title='bbox 338 1760 413 1799; x_wconf 84' lang='grc' dir='ltr'>τοῦ</span> <span class='ocrx_word' id='word_1_201' title='bbox 428 1756 586 1798; x_wconf 80' lang='grc' dir='ltr'><strong><em>Ἰεσσαὶ</em></strong></span> <span class='ocrx_word' id='word_1_202' title='bbox 610 1756 678 1797; x_wconf 83' lang='grc' dir='ltr'>καὶ</span> <span class='ocrx_word' id='word_1_203' title='bbox 699 1753 720 1797; x_wconf 81' lang='grc' dir='ltr'><em>ὃ</em></span> <span class='ocrx_word' id='word_1_204' title='bbox 744 1753 1010 1808; x_wconf 80' lang='grc' dir='ltr'><strong><em>ἀνιστάμενος</em></strong></span> <span class='ocrx_word' id='word_1_205' title='bbox 1029 1753 1168 1811; x_wconf 76' lang='grc' dir='ltr'><strong><em>ἄρχειν</em></strong></span> <span class='ocrx_word' id='word_1_206' title='bbox 1191 1756 1348 1798; x_wconf 81' lang='grc' dir='ltr'><strong><em>ἐθνῶν·</em></strong></span> <span class='ocrx_word' id='word_1_207' title='bbox 1383 1755 1451 1797; x_wconf 73' lang='grc' dir='ltr'>ἐπ’</span> <span class='ocrx_word' id='word_1_208' title='bbox 1477 1755 1588 1813; x_wconf 72' lang='grc' dir='ltr'><strong><em>αὐτῷ</em></strong></span> <span class='ocrx_word' id='word_1_209' title='bbox 1613 1754 1715 1810; x_wconf 71' lang='grc' dir='ltr'><strong><em>ἔθνη</em></strong></span> 
     </span>
    </p>
   </div>
   <div class='ocr_carea' id='block_1_5' title="bbox 1635 1823 1713 1839">
    <p class='ocr_par' dir='ltr' id='par_1_5' title="bbox 1635 1823 1713 1839">
     <span class='ocr_line' id='line_1_24' title="bbox 1635 1823 1713 1839; baseline 0.026 -2"><span class='ocrx_word' id='word_1_210' title='bbox 1635 1823 1713 1839; x_wconf 72' lang='lat'>..22</span> 
     </span>
    </p>
   </div>
   <div class='ocr_carea' id='block_1_6' title="bbox 229 1821 1691 1882">
    <p class='ocr_par' dir='ltr' id='par_1_6' title="bbox 229 1821 1691 1882">
     <span class='ocr_line' id='line_1_25' title="bbox 229 1821 1691 1882; baseline -0.001 -14"><span class='ocrx_word' id='word_1_211' title='bbox 229 1825 458 1869; x_wconf 75' lang='grc' dir='ltr'><strong><em>ἐλπιοῦσι.”</em></strong></span> <span class='ocrx_word' id='word_1_212' title='bbox 492 1825 561 1867; x_wconf 82' lang='grc' dir='ltr'>καὶ</span> <span class='ocrx_word' id='word_1_213' title='bbox 581 1821 777 1868; x_wconf 75' lang='grc' dir='ltr'><strong><em>“τέθεικά</em></strong></span> <span class='ocrx_word' id='word_1_214' title='bbox 798 1839 843 1867; x_wconf 90' lang='grc' dir='ltr'>σε</span> <span class='ocrx_word' id='word_1_215' title='bbox 864 1825 921 1874; x_wconf 85' lang='grc' dir='ltr'>εἷς</span> <span class='ocrx_word' id='word_1_216' title='bbox 941 1821 1148 1880; x_wconf 76' lang='grc' dir='ltr'><strong><em>διαθήκην</em></strong></span> <span class='ocrx_word' id='word_1_217' title='bbox 1170 1825 1331 1880; x_wconf 78' lang='grc' dir='ltr'><strong><em>γένους,</em></strong></span> <span class='ocrx_word' id='word_1_218' title='bbox 1361 1825 1417 1875; x_wconf 74' lang='grc' dir='ltr'>εἷς</span> <span class='ocrx_word' id='word_1_219' title='bbox 1434 1829 1525 1882; x_wconf 66' lang='grc' dir='ltr'><strong><em>φῶς</em></strong></span> <span class='ocrx_word' id='word_1_220' title='bbox 1545 1824 1691 1868; x_wconf 83' lang='grc' dir='ltr'><strong><em>ἐθνων.</em></strong></span> 
     </span>
    </p>
   </div>
   <div class='ocr_carea' id='block_1_7' title="bbox 230 2001 1719 2096">
    <p class='ocr_par' dir='ltr' id='par_1_7' title="bbox 230 2001 1719 2096">
     <span class='ocr_line' id='line_1_26' title="bbox 230 2001 1719 2049; baseline -0.003 -9"><span class='ocrx_word' id='word_1_221' title='bbox 230 2015 395 2041; x_wconf 81' lang='lat' dir='ltr'>numerus</span> <span class='ocrx_word' id='word_1_222' title='bbox 419 2001 552 2048; x_wconf 86' lang='lat' dir='ltr'>coepit.</span> <span class='ocrx_word' id='word_1_223' title='bbox 595 2013 742 2048; x_wconf 88' lang='lat' dir='ltr'>cumque</span> <span class='ocrx_word' id='word_1_224' title='bbox 766 2013 810 2036; x_wconf 86' lang='lat' dir='ltr'>eo</span> <span class='ocrx_word' id='word_1_225' title='bbox 835 2004 995 2049; x_wconf 86' lang='lat' dir='ltr'>tempore</span> <span class='ocrx_word' id='word_1_226' title='bbox 1019 2002 1184 2038; x_wconf 82' lang='lat' dir='ltr'>Herodes</span> <span class='ocrx_word' id='word_1_227' title='bbox 1206 2003 1406 2049; x_wconf 81' lang='lat' dir='ltr'>alienigena</span> <span class='ocrx_word' id='word_1_228' title='bbox 1425 2002 1635 2038; x_wconf 83' lang='lat' dir='ltr'>Iudaeorum</span> <span class='ocrx_word' id='word_1_229' title='bbox 1654 2013 1719 2036; x_wconf 88' lang='lat' dir='ltr'>rex</span> 
     </span>
     <span class='ocr_line' id='line_1_27' title="bbox 232 2048 1719 2096; baseline -0.004 -9"><span class='ocrx_word' id='word_1_230' title='bbox 232 2056 329 2087; x_wconf 85' lang='lat' dir='ltr'>esset</span> <span class='ocrx_word' id='word_1_231' title='bbox 352 2050 550 2085; x_wconf 73' lang='lat' dir='ltr'>declaratus</span> <span class='ocrx_word' id='word_1_232' title='bbox 569 2056 653 2084; x_wconf 84' lang='lat' dir='ltr'>nato</span> <span class='ocrx_word' id='word_1_233' title='bbox 674 2048 815 2083; x_wconf 89' lang='lat' dir='ltr'>domino</span> <span class='ocrx_word' id='word_1_234' title='bbox 839 2055 960 2083; x_wconf 77' lang='lat' dir='ltr'>nostro</span> <span class='ocrx_word' id='word_1_235' title='bbox 985 2049 1067 2084; x_wconf 86' lang='lat' dir='ltr'>Iesu</span> <span class='ocrx_word' id='word_1_236' title='bbox 1093 2051 1249 2096; x_wconf 86' lang='lat' dir='ltr'>Christo,</span> <span class='ocrx_word' id='word_1_237' title='bbox 1275 2051 1509 2096; x_wconf 84' lang='lat' dir='ltr'>Herodesque</span> <span class='ocrx_word' id='word_1_238' title='bbox 1528 2049 1637 2084; x_wconf 86' lang='lat' dir='ltr'>vitam</span> <span class='ocrx_word' id='word_1_239' title='bbox 1654 2048 1719 2082; x_wconf 89' lang='lat' dir='ltr'>mi-</span> 
     </span>
    </p>
   </div>
   <div class='ocr_carea' id='block_1_8' title="bbox 232 2095 1729 2606">
    <p class='ocr_par' dir='ltr' id='par_1_8' title="bbox 232 2095 1729 2606">
     <span class='ocr_line' id='line_1_28' title="bbox 232 2095 1723 2142; baseline -0.003 -9"><span class='ocrx_word' id='word_1_240' title='bbox 232 2109 313 2134; x_wconf 86' lang='lat' dir='ltr'>sere</span> <span class='ocrx_word' id='word_1_241' title='bbox 334 2109 411 2131; x_wconf 93' lang='lat' dir='ltr'>cum</span> <span class='ocrx_word' id='word_1_242' title='bbox 429 2100 542 2131; x_wconf 85' lang='lat' dir='ltr'>morte</span> <span class='ocrx_word' id='word_1_243' title='bbox 565 2100 823 2140; x_wconf 66' lang='lat' dir='ltr'><strong>commutasset,</strong></span> <span class='ocrx_word' id='word_1_244' title='bbox 846 2095 1025 2141; x_wconf 87' lang='lat' dir='ltr'>impletum</span> <span class='ocrx_word' id='word_1_245' title='bbox 1049 2102 1104 2132; x_wconf 87' lang='lat' dir='ltr'>est</span> <span class='ocrx_word' id='word_1_246' title='bbox 1127 2097 1212 2132; x_wconf 90' lang='lat' dir='ltr'>illud</span> <span class='ocrx_word' id='word_1_247' title='bbox 1237 2097 1427 2142; x_wconf 86' lang='lat' dir='ltr'>oraculum,</span> <span class='ocrx_word' id='word_1_248' title='bbox 1453 2107 1521 2142; x_wconf 91' lang='lat' dir='ltr'>quo</span> <span class='ocrx_word' id='word_1_249' title='bbox 1546 2107 1616 2129; x_wconf 90' lang='lat' dir='ltr'>non</span> <span class='ocrx_word' id='word_1_250' title='bbox 1641 2100 1723 2129; x_wconf 84' lang='lat' dir='ltr'>ante</span> 
     </span>
     <span class='ocr_line' id='line_1_29' title="bbox 233 2141 1725 2189; baseline -0.003 -10"><span class='ocrx_word' id='word_1_251' title='bbox 233 2145 434 2179; x_wconf 86' lang='lat' dir='ltr'>defuturum</span> <span class='ocrx_word' id='word_1_252' title='bbox 457 2141 652 2189; x_wconf 88' lang='lat' dir='ltr'>principem</span> <span class='ocrx_word' id='word_1_253' title='bbox 677 2141 799 2188; x_wconf 90' lang='lat' dir='ltr'>populi</span> <span class='ocrx_word' id='word_1_254' title='bbox 822 2141 911 2176; x_wconf 85' lang='lat' dir='ltr'>Iuda</span> <span class='ocrx_word' id='word_1_255' title='bbox 936 2149 1157 2187; x_wconf 81' lang='lat' dir='ltr'>procreatum</span> <span class='ocrx_word' id='word_1_256' title='bbox 1182 2143 1377 2188; x_wconf 81' lang='lat' dir='ltr'><strong>dicebatur,</strong></span> <span class='ocrx_word' id='word_1_257' title='bbox 1402 2154 1505 2189; x_wconf 82' lang='lat' dir='ltr'>quam</span> <span class='ocrx_word' id='word_1_258' title='bbox 1527 2141 1559 2176; x_wconf 89' lang='lat' dir='ltr'>is</span> <span class='ocrx_word' id='word_1_259' title='bbox 1583 2141 1641 2176; x_wconf 91' lang='lat' dir='ltr'>cui</span> <span class='ocrx_word' id='word_1_260' title='bbox 1664 2152 1725 2175; x_wconf 87' lang='lat' dir='ltr'>re-</span> 
     </span>
     <span class='ocr_line' id='line_1_30' title="bbox 234 2187 1724 2238; baseline -0.003 -13"><span class='ocrx_word' id='word_1_261' title='bbox 234 2190 354 2238; x_wconf 81' lang='lat' dir='ltr'>posita</span> <span class='ocrx_word' id='word_1_262' title='bbox 378 2194 456 2224; x_wconf 86' lang='lat' dir='ltr'>erat</span> <span class='ocrx_word' id='word_1_263' title='bbox 478 2200 611 2224; x_wconf 90' lang='lat' dir='ltr'>summa</span> <span class='ocrx_word' id='word_1_264' title='bbox 634 2200 763 2232; x_wconf 83' lang='lat' dir='ltr'>rerum,</span> <span class='ocrx_word' id='word_1_265' title='bbox 785 2188 823 2223; x_wconf 88' lang='lat' dir='ltr'>id</span> <span class='ocrx_word' id='word_1_266' title='bbox 848 2193 903 2222; x_wconf 86' lang='lat' dir='ltr'>est</span> <span class='ocrx_word' id='word_1_267' title='bbox 922 2189 1099 2234; x_wconf 83' lang='lat' dir='ltr'>Christus,</span> <span class='ocrx_word' id='word_1_268' title='bbox 1125 2197 1345 2225; x_wconf 84' lang='lat' dir='ltr'>nasceretur.</span> <span class='ocrx_word' id='word_1_269' title='bbox 1371 2190 1510 2236; x_wconf 81' lang='lat' dir='ltr'>quando</span> <span class='ocrx_word' id='word_1_270' title='bbox 1531 2188 1623 2222; x_wconf 88' lang='lat' dir='ltr'>enim</span> <span class='ocrx_word' id='word_1_271' title='bbox 1646 2187 1724 2221; x_wconf 87' lang='lat' dir='ltr'>He-</span> 
     </span>
     <span class='ocr_line' id='line_1_31' title="bbox 233 2233 1725 2281; baseline -0.004 -8"><span class='ocrx_word' id='word_1_272' title='bbox 233 2237 340 2273; x_wconf 86' lang='lat' dir='ltr'>rodes</span> <span class='ocrx_word' id='word_1_273' title='bbox 365 2235 564 2281; x_wconf 80' lang='lat' dir='ltr'>alienigena</span> <span class='ocrx_word' id='word_1_274' title='bbox 587 2235 704 2280; x_wconf 85' lang='lat' dir='ltr'>posito</span> <span class='ocrx_word' id='word_1_275' title='bbox 730 2234 917 2280; x_wconf 86' lang='lat' dir='ltr'>praeputio</span> <span class='ocrx_word' id='word_1_276' title='bbox 944 2247 1089 2281; x_wconf 83' lang='lat' dir='ltr'>regnum</span> <span class='ocrx_word' id='word_1_277' title='bbox 1116 2236 1155 2270; x_wconf 85' lang='lat' dir='ltr'>in</span> <span class='ocrx_word' id='word_1_278' title='bbox 1172 2237 1324 2271; x_wconf 85' lang='lat' dir='ltr'>Iudaeos</span> <span class='ocrx_word' id='word_1_279' title='bbox 1347 2235 1510 2280; x_wconf 78' lang='lat' dir='ltr'>obtinuit,</span> <span class='ocrx_word' id='word_1_280' title='bbox 1534 2239 1570 2268; x_wconf 83' lang='lat' dir='ltr'>et</span> <span class='ocrx_word' id='word_1_281' title='bbox 1591 2233 1725 2268; x_wconf 80' lang='lat' dir='ltr'>Anani-</span> 
     </span>
     <span class='ocr_line' id='line_1_32' title="bbox 234 2280 1727 2328; baseline -0.003 -10"><span class='ocrx_word' id='word_1_282' title='bbox 234 2284 305 2318; x_wconf 91' lang='lat' dir='ltr'>lum</span> <span class='ocrx_word' id='word_1_283' title='bbox 329 2282 562 2327; x_wconf 83' lang='lat' dir='ltr'>alienigenam</span> <span class='ocrx_word' id='word_1_284' title='bbox 586 2280 795 2327; x_wconf 83' lang='lat' dir='ltr'>pontificatu</span> <span class='ocrx_word' id='word_1_285' title='bbox 818 2281 967 2315; x_wconf 82' lang='lat' dir='ltr'>maximo</span> <span class='ocrx_word' id='word_1_286' title='bbox 991 2282 1133 2328; x_wconf 83' lang='lat' dir='ltr'>affecit,</span> <span class='ocrx_word' id='word_1_287' title='bbox 1171 2283 1290 2318; x_wconf 86' lang='lat' dir='ltr'>statim</span> <span class='ocrx_word' id='word_1_288' title='bbox 1316 2283 1497 2318; x_wconf 88' lang='lat' dir='ltr'>Iudaicum</span> <span class='ocrx_word' id='word_1_289' title='bbox 1527 2280 1727 2327; x_wconf 88' lang='lat' dir='ltr'>imperium,</span> 
     </span>
     <span class='ocr_line' id='line_1_33' title="bbox 234 2327 1728 2376; baseline -0.003 -12"><span class='ocrx_word' id='word_1_290' title='bbox 234 2330 329 2376; x_wconf 89' lang='lat' dir='ltr'>quod</span> <span class='ocrx_word' id='word_1_291' title='bbox 348 2329 518 2364; x_wconf 82' lang='lat' dir='ltr'>hactenus</span> <span class='ocrx_word' id='word_1_292' title='bbox 541 2328 765 2371; x_wconf 76' lang='lat' dir='ltr'>obtinuerat,</span> <span class='ocrx_word' id='word_1_293' title='bbox 796 2327 933 2362; x_wconf 87' lang='lat' dir='ltr'>finitum</span> <span class='ocrx_word' id='word_1_294' title='bbox 953 2327 1035 2363; x_wconf 84' lang='lat' dir='ltr'>fuit.</span> <span class='ocrx_word' id='word_1_295' title='bbox 1108 2330 1235 2365; x_wconf 82' lang='lat' dir='ltr'>etenim</span> <span class='ocrx_word' id='word_1_296' title='bbox 1260 2330 1463 2364; x_wconf 79' lang='lat' dir='ltr'>sacerdotes</span> <span class='ocrx_word' id='word_1_297' title='bbox 1485 2328 1541 2362; x_wconf 90' lang='lat' dir='ltr'>rei</span> <span class='ocrx_word' id='word_1_298' title='bbox 1563 2327 1728 2373; x_wconf 82' lang='lat' dir='ltr'>publicae</span> 
     </span>
     <span class='ocr_line' id='line_1_34' title="bbox 235 2372 1727 2422; baseline -0.002 -12"><span class='ocrx_word' id='word_1_299' title='bbox 235 2376 484 2422; x_wconf 78' lang='lat' dir='ltr'>praefuerant,</span> <span class='ocrx_word' id='word_1_300' title='bbox 520 2374 633 2408; x_wconf 88' lang='lat' dir='ltr'>donec</span> <span class='ocrx_word' id='word_1_301' title='bbox 653 2373 844 2419; x_wconf 86' lang='lat' dir='ltr'>Pompeius</span> <span class='ocrx_word' id='word_1_302' title='bbox 867 2374 1103 2411; x_wconf 87' lang='lat' dir='ltr'>Romanorum</span> <span class='ocrx_word' id='word_1_303' title='bbox 1136 2377 1207 2411; x_wconf 87' lang='lat' dir='ltr'>dux</span> <span class='ocrx_word' id='word_1_304' title='bbox 1230 2374 1490 2420; x_wconf 85' lang='lat' dir='ltr'>Hierosolymis</span> <span class='ocrx_word' id='word_1_305' title='bbox 1515 2372 1727 2419; x_wconf 86' lang='lat' dir='ltr'>expugnatis</span> 
     </span>
     <span class='ocr_line' id='line_1_35' title="bbox 233 2419 1727 2469; baseline -0.003 -12"><span class='ocrx_word' id='word_1_306' title='bbox 233 2422 399 2469; x_wconf 83' lang='lat' dir='ltr'>templum</span> <span class='ocrx_word' id='word_1_307' title='bbox 422 2421 560 2468; x_wconf 80' lang='lat' dir='ltr'>polluit,</span> <span class='ocrx_word' id='word_1_308' title='bbox 587 2432 629 2455; x_wconf 84' lang='lat' dir='ltr'>ac</span> <span class='ocrx_word' id='word_1_309' title='bbox 646 2419 906 2465; x_wconf 86' lang='lat' dir='ltr'>Aristobulum,</span> <span class='ocrx_word' id='word_1_310' title='bbox 933 2421 994 2466; x_wconf 90' lang='lat' dir='ltr'>qui</span> <span class='ocrx_word' id='word_1_311' title='bbox 1019 2434 1061 2456; x_wconf 88' lang='lat' dir='ltr'>eo</span> <span class='ocrx_word' id='word_1_312' title='bbox 1087 2434 1198 2468; x_wconf 89' lang='lat' dir='ltr'>usque</span> <span class='ocrx_word' id='word_1_313' title='bbox 1220 2434 1366 2467; x_wconf 86' lang='lat' dir='ltr'>regnum</span> <span class='ocrx_word' id='word_1_314' title='bbox 1391 2422 1492 2456; x_wconf 80' lang='lat' dir='ltr'>iuxta</span> <span class='ocrx_word' id='word_1_315' title='bbox 1516 2432 1557 2455; x_wconf 81' lang='lat' dir='ltr'>ac</span> <span class='ocrx_word' id='word_1_316' title='bbox 1581 2419 1727 2466; x_wconf 84' lang='lat' dir='ltr'>pontifl-</span> 
     </span>
     <span class='ocr_line' id='line_1_36' title="bbox 235 2466 1729 2515; baseline -0.002 -12"><span class='ocrx_word' id='word_1_317' title='bbox 235 2474 351 2503; x_wconf 82' lang='lat' dir='ltr'>catum</span> <span class='ocrx_word' id='word_1_318' title='bbox 374 2480 397 2503; x_wconf 86' lang='lat' dir='ltr'>a</span> <span class='ocrx_word' id='word_1_319' title='bbox 421 2467 611 2502; x_wconf 88' lang='lat' dir='ltr'>maioribus</span> <span class='ocrx_word' id='word_1_320' title='bbox 634 2478 702 2512; x_wconf 84' lang='lat' dir='ltr'>per</span> <span class='ocrx_word' id='word_1_321' title='bbox 724 2466 982 2501; x_wconf 86' lang='lat' dir='ltr'>successionem</span> <span class='ocrx_word' id='word_1_322' title='bbox 1014 2475 1162 2515; x_wconf 87' lang='lat' dir='ltr'>accepta</span> <span class='ocrx_word' id='word_1_323' title='bbox 1182 2473 1361 2514; x_wconf 81' lang='lat' dir='ltr'>gesserat,</span> <span class='ocrx_word' id='word_1_324' title='bbox 1399 2468 1557 2502; x_wconf 84' lang='lat' dir='ltr'>vinctum</span> <span class='ocrx_word' id='word_1_325' title='bbox 1581 2467 1729 2501; x_wconf 83' lang='lat' dir='ltr'>Romam</span> 
     </span>
     <span class='ocr_line' id='line_1_37' title="bbox 234 2513 1727 2562; baseline -0.002 -13"><span class='ocrx_word' id='word_1_326' title='bbox 234 2515 349 2559; x_wconf 83' lang='lat' dir='ltr'>misit,</span> <span class='ocrx_word' id='word_1_327' title='bbox 388 2526 429 2548; x_wconf 86' lang='lat' dir='ltr'>ac</span> <span class='ocrx_word' id='word_1_328' title='bbox 461 2513 628 2560; x_wconf 84' lang='lat' dir='ltr'>populum</span> <span class='ocrx_word' id='word_1_329' title='bbox 660 2513 839 2548; x_wconf 87' lang='lat' dir='ltr'>Iudaicum</span> <span class='ocrx_word' id='word_1_330' title='bbox 872 2525 1007 2548; x_wconf 89' lang='lat' dir='ltr'>omnem</span> <span class='ocrx_word' id='word_1_331' title='bbox 1035 2516 1205 2551; x_wconf 86' lang='lat' dir='ltr'>Romanis</span> <span class='ocrx_word' id='word_1_332' title='bbox 1237 2515 1505 2562; x_wconf 81' lang='lat' dir='ltr'>stipendiarium</span> <span class='ocrx_word' id='word_1_333' title='bbox 1535 2513 1636 2547; x_wconf 86' lang='lat' dir='ltr'>fecit.</span> <span class='ocrx_word' id='word_1_334' title='bbox 1684 2524 1727 2546; x_wconf 89' lang='lat' dir='ltr'>eo</span> 
     </span>
     <span class='ocr_line' id='line_1_38' title="bbox 237 2558 1729 2606; baseline -0.001 -11"><span class='ocrx_word' id='word_1_335' title='bbox 237 2562 339 2595; x_wconf 90' lang='lat' dir='ltr'>modo</span> <span class='ocrx_word' id='word_1_336' title='bbox 374 2560 521 2606; x_wconf 88' lang='lat' dir='ltr'>primum</span> <span class='ocrx_word' id='word_1_337' title='bbox 544 2559 683 2594; x_wconf 88' lang='lat' dir='ltr'>Herodi</span> <span class='ocrx_word' id='word_1_338' title='bbox 715 2559 933 2604; x_wconf 83' lang='lat' dir='ltr'>alienigenae</span> <span class='ocrx_word' id='word_1_339' title='bbox 970 2560 1007 2594; x_wconf 90' lang='lat' dir='ltr'>in</span> <span class='ocrx_word' id='word_1_340' title='bbox 1036 2562 1188 2597; x_wconf 84' lang='lat' dir='ltr'>Iudaeos</span> <span class='ocrx_word' id='word_1_341' title='bbox 1216 2565 1362 2606; x_wconf 82' lang='lat' dir='ltr'>regnum</span> <span class='ocrx_word' id='word_1_342' title='bbox 1395 2559 1614 2596; x_wconf 87' lang='lat' dir='ltr'>commissum</span> <span class='ocrx_word' id='word_1_343' title='bbox 1636 2558 1729 2601; x_wconf 83' lang='lat' dir='ltr'>fuit;</span> 
     </span>
    </p>
   </div>
   <div class='ocr_carea' id='block_1_9' title="bbox 236 2605 1729 2699">
    <p class='ocr_par' dir='ltr' id='par_1_9' title="bbox 236 2605 1729 2699">
     <span class='ocr_line' id='line_1_39' title="bbox 236 2605 1729 2662; baseline -0.001 -21"><span class='ocrx_word' id='word_1_344' title='bbox 236 2618 306 2652; x_wconf 86' lang='lat' dir='ltr'>quo</span> <span class='ocrx_word' id='word_1_345' title='bbox 326 2611 486 2662; x_wconf 70' lang='lat' dir='ltr'>tempore</span> <span class='ocrx_word' id='word_1_346' title='bbox 508 2606 697 2661; x_wconf 57' lang='lat' dir='ltr'>perspicue</span> <span class='ocrx_word' id='word_1_347' title='bbox 722 2605 877 2641; x_wconf 88' lang='lat' dir='ltr'>instante</span> <span class='ocrx_word' id='word_1_348' title='bbox 895 2606 1033 2642; x_wconf 84' lang='lat' dir='ltr'>Christi</span> <span class='ocrx_word' id='word_1_349' title='bbox 1053 2610 1222 2654; x_wconf 86' lang='lat' dir='ltr'>adventu,</span> <span class='ocrx_word' id='word_1_350' title='bbox 1249 2608 1459 2643; x_wconf 79' lang='lat' dir='ltr'>Iudaeorum</span> <span class='ocrx_word' id='word_1_351' title='bbox 1480 2611 1517 2642; x_wconf 90' lang='lat' dir='ltr'>et</span> <span class='ocrx_word' id='word_1_352' title='bbox 1539 2605 1729 2652; x_wconf 87' lang='lat' dir='ltr'>pontifices</span> 
     </span>
     <span class='ocr_line' id='line_1_40' title="bbox 238 2653 698 2699; baseline 0 -13"><span class='ocrx_word' id='word_1_353' title='bbox 238 2658 276 2687; x_wconf 85' lang='lat' dir='ltr'>et</span> <span class='ocrx_word' id='word_1_354' title='bbox 300 2664 478 2699; x_wconf 86' lang='lat' dir='ltr'>pnnclpes</span> <span class='ocrx_word' id='word_1_355' title='bbox 503 2653 698 2687; x_wconf 70' lang='lat' dir='ltr'>demetunt.</span> 
     </span>
    </p>
   </div>
   <div class='ocr_carea' id='block_1_10' title="bbox 243 2697 1727 2934">
    <p class='ocr_par' dir='ltr' id='par_1_10' title="bbox 243 2697 1727 2934">
     <span class='ocr_line' id='line_1_41' title="bbox 334 2697 1727 2743; baseline -0.001 -11"><span class='ocrx_word' id='word_1_356' title='bbox 334 2699 448 2732; x_wconf 87' lang='lat' dir='ltr'>Natus</span> <span class='ocrx_word' id='word_1_357' title='bbox 473 2699 638 2733; x_wconf 83' lang='lat' dir='ltr'>Christus</span> <span class='ocrx_word' id='word_1_358' title='bbox 661 2710 732 2733; x_wconf 92' lang='lat' dir='ltr'>non</span> <span class='ocrx_word' id='word_1_359' title='bbox 755 2697 927 2733; x_wconf 89' lang='lat' dir='ltr'>invisibili</span> <span class='ocrx_word' id='word_1_360' title='bbox 949 2698 1123 2734; x_wconf 84' lang='lat' dir='ltr'>Davidico</span> <span class='ocrx_word' id='word_1_361' title='bbox 1157 2699 1245 2734; x_wconf 91' lang='lat' dir='ltr'>solio</span> <span class='ocrx_word' id='word_1_362' title='bbox 1270 2712 1333 2734; x_wconf 85' lang='lat' dir='ltr'>rex</span> <span class='ocrx_word' id='word_1_363' title='bbox 1358 2699 1540 2743; x_wconf 85' lang='lat' dir='ltr'>consedit,</span> <span class='ocrx_word' id='word_1_364' title='bbox 1575 2698 1640 2732; x_wconf 89' lang='lat' dir='ltr'>sed</span> <span class='ocrx_word' id='word_1_365' title='bbox 1668 2708 1727 2731; x_wconf 84' lang='lat' dir='ltr'>so-</span> 
     </span>
     <span class='ocr_line' id='line_1_42' title="bbox 243 2743 1726 2793; baseline -0.001 -15"><span class='ocrx_word' id='word_1_366' title='bbox 243 2744 324 2778; x_wconf 90' lang='lat' dir='ltr'>lium</span> <span class='ocrx_word' id='word_1_367' title='bbox 346 2744 555 2779; x_wconf 85' lang='lat' dir='ltr'>Davidicum</span> <span class='ocrx_word' id='word_1_368' title='bbox 579 2744 757 2791; x_wconf 86' lang='lat' dir='ltr'>scriptura</span> <span class='ocrx_word' id='word_1_369' title='bbox 784 2744 941 2793; x_wconf 83' lang='lat' dir='ltr'>appellat</span> <span class='ocrx_word' id='word_1_370' title='bbox 964 2752 1143 2781; x_wconf 82' lang='lat' dir='ltr'>aeternum</span> <span class='ocrx_word' id='word_1_371' title='bbox 1167 2751 1204 2781; x_wconf 81' lang='lat' dir='ltr'>et</span> <span class='ocrx_word' id='word_1_372' title='bbox 1227 2746 1482 2781; x_wconf 87' lang='lat' dir='ltr'>indissolubile.</span> <span class='ocrx_word' id='word_1_373' title='bbox 1531 2744 1610 2790; x_wconf 87' lang='lat' dir='ltr'>ipse</span> <span class='ocrx_word' id='word_1_374' title='bbox 1634 2743 1726 2778; x_wconf 85' lang='lat' dir='ltr'>enim</span> 
     </span>
     <span class='ocr_line' id='line_1_43' title="bbox 244 2791 1724 2838; baseline -0.002 -13"><span class='ocrx_word' id='word_1_375' title='bbox 244 2796 300 2825; x_wconf 89' lang='lat' dir='ltr'>est</span> <span class='ocrx_word' id='word_1_376' title='bbox 324 2801 424 2834; x_wconf 87' lang='lat' dir='ltr'>quem</span> <span class='ocrx_word' id='word_1_377' title='bbox 450 2796 656 2836; x_wconf 83' lang='lat' dir='ltr'>exspectant</span> <span class='ocrx_word' id='word_1_378' title='bbox 678 2796 816 2836; x_wconf 84' lang='lat' dir='ltr'>gentes,</span> <span class='ocrx_word' id='word_1_379' title='bbox 842 2802 934 2837; x_wconf 88' lang='lat' dir='ltr'>quae</span> <span class='ocrx_word' id='word_1_380' title='bbox 957 2804 1027 2827; x_wconf 91' lang='lat' dir='ltr'>non</span> <span class='ocrx_word' id='word_1_381' title='bbox 1048 2798 1132 2828; x_wconf 89' lang='lat' dir='ltr'>sunt</span> <span class='ocrx_word' id='word_1_382' title='bbox 1153 2792 1294 2828; x_wconf 87' lang='lat' dir='ltr'>minima</span> <span class='ocrx_word' id='word_1_383' title='bbox 1315 2804 1399 2838; x_wconf 85' lang='lat' dir='ltr'>pars</span> <span class='ocrx_word' id='word_1_384' title='bbox 1421 2791 1517 2826; x_wconf 89' lang='lat' dir='ltr'>orbis</span> <span class='ocrx_word' id='word_1_385' title='bbox 1539 2795 1724 2824; x_wconf 84' lang='lat' dir='ltr'>terrarum.</span> 
     </span>
     <span class='ocr_line' id='line_1_44' title="bbox 244 2836 1725 2885; baseline -0.001 -14"><span class='ocrx_word' id='word_1_386' title='bbox 244 2836 314 2871; x_wconf 87' lang='lat' dir='ltr'>erit</span> <span class='ocrx_word' id='word_1_387' title='bbox 338 2837 440 2880; x_wconf 89' lang='lat' dir='ltr'>enim,</span> <span class='ocrx_word' id='word_1_388' title='bbox 466 2836 528 2880; x_wconf 79' lang='lat' dir='ltr'>ait,</span> <span class='ocrx_word' id='word_1_389' title='bbox 554 2837 662 2883; x_wconf 76' lang='lat' dir='ltr'>stirps</span> <span class='ocrx_word' id='word_1_390' title='bbox 685 2838 819 2883; x_wconf 66' lang='lat' dir='ltr'>lassae,</span> <span class='ocrx_word' id='word_1_391' title='bbox 849 2843 885 2873; x_wconf 85' lang='lat' dir='ltr'>et</span> <span class='ocrx_word' id='word_1_392' title='bbox 908 2837 940 2872; x_wconf 89' lang='lat' dir='ltr'>is</span> <span class='ocrx_word' id='word_1_393' title='bbox 964 2839 1025 2884; x_wconf 89' lang='lat' dir='ltr'>qui</span> <span class='ocrx_word' id='word_1_394' title='bbox 1049 2841 1094 2874; x_wconf 82' lang='lat' dir='ltr'>ad</span> <span class='ocrx_word' id='word_1_395' title='bbox 1118 2838 1302 2885; x_wconf 89' lang='lat' dir='ltr'>imperium</span> <span class='ocrx_word' id='word_1_396' title='bbox 1326 2838 1362 2872; x_wconf 92' lang='lat' dir='ltr'>in</span> <span class='ocrx_word' id='word_1_397' title='bbox 1387 2842 1511 2884; x_wconf 81' lang='lat' dir='ltr'>gentes</span> <span class='ocrx_word' id='word_1_398' title='bbox 1535 2836 1725 2881; x_wconf 87' lang='lat' dir='ltr'>gerendum</span> 
     </span>
     <span class='ocr_line' id='line_1_45' title="bbox 246 2882 1724 2934; baseline -0.001 -16"><span class='ocrx_word' id='word_1_399' title='bbox 246 2882 446 2918; x_wconf 82' lang='lat' dir='ltr'>exorietur:</span> <span class='ocrx_word' id='word_1_400' title='bbox 470 2882 507 2916; x_wconf 92' lang='lat' dir='ltr'>in</span> <span class='ocrx_word' id='word_1_401' title='bbox 532 2894 574 2917; x_wconf 86' lang='lat' dir='ltr'>eo</span> <span class='ocrx_word' id='word_1_402' title='bbox 597 2888 721 2928; x_wconf 84' lang='lat' dir='ltr'>gentes</span> <span class='ocrx_word' id='word_1_403' title='bbox 743 2896 843 2932; x_wconf 88' lang='lat' dir='ltr'>spem</span> <span class='ocrx_word' id='word_1_404' title='bbox 867 2890 1013 2932; x_wconf 86' lang='lat' dir='ltr'>ponent.</span> <span class='ocrx_word' id='word_1_405' title='bbox 1061 2886 1165 2934; x_wconf 86' lang='lat' dir='ltr'>posui</span> <span class='ocrx_word' id='word_1_406' title='bbox 1183 2891 1220 2921; x_wconf 89' lang='lat' dir='ltr'>te</span> <span class='ocrx_word' id='word_1_407' title='bbox 1242 2886 1280 2921; x_wconf 88' lang='lat' dir='ltr'>in</span> <span class='ocrx_word' id='word_1_408' title='bbox 1299 2886 1426 2921; x_wconf 81' lang='lat' dir='ltr'>foedus</span> <span class='ocrx_word' id='word_1_409' title='bbox 1449 2883 1591 2930; x_wconf 81' lang='lat' dir='ltr'>generis</span> <span class='ocrx_word' id='word_1_410' title='bbox 1613 2888 1650 2917; x_wconf 80' lang='lat' dir='ltr'>et</span> <span class='ocrx_word' id='word_1_411' title='bbox 1668 2882 1724 2917; x_wconf 88' lang='lat' dir='ltr'>ln-</span> 
     </span>
    </p>
   </div>
  </div>
 </body>
</html>
