1742 3184
228 204 291 253 16
705 198 945 246 GEORGII
980 197 1224 244 CEDRENI

223 326 297 379 τῆς
315 325 390 366 τοῦ
410 319 509 378 Σὴθ
530 322 666 377 γενεᾶς
689 317 794 362 κατὰ
816 313 1039 376 πρόσταξιν
1066 318 1141 360 τοῦ
1160 310 1307 370 Ἀδάμ.
1377 306 1497 364 οὗτος
1528 309 1550 355 ὃ
1581 307 1704 364 Κάϊν,

173 397 204 433 Β
227 393 283 445 ὥς
305 391 474 449 ἥλεπτὴ
493 389 687 440 Μωσέως
703 391 744 431 Γ
740 389 864 439 ἐνεσις
882 388 1019 445 φησίν,
1045 391 1120 442 τῆς
1138 385 1288 436 οἲκείας
1309 380 1511 440 πεσούσης
1534 382 1601 425 ἐπ’
1629 382 1708 425 αὐ-

224 464 297 507 τὸν
318 466 503 521 τελευτᾷ·
541 460 674 510 λίθοις
691 459 771 516 γὰρ
792 457 862 501 τὸν
885 455 1064 517 ἀδελφὸν
1084 454 1206 511 Ἅβελ
1226 453 1450 507 ἀπέκτεινε,
1486 454 1555 497 καὶ
1571 453 1708 503 λίθοις

227 531 379 589 ὅμοίως
401 532 469 574 καὶ
492 529 614 581 αὐτὸς
632 525 883 583 ἀπεκτάνθη.

357 600 448 645 Ὅτι
478 598 499 643 ὃ
528 599 626 654 Σὴθ
655 600 789 657 τρίτος
814 596 904 648 υἱὸς
927 594 1227 653 ἀναγέγραπται
1243 590 1398 649 Ἀδάμ·
1440 590 1487 645 ὃς
1508 590 1583 648 τὴν
1604 591 1742 634 minvs

229 670 413 731 ἀδελφὴν
426 669 608 725 Ἀσουὰμ
627 666 878 724 καλουμένην
895 663 1030 723 γήμας
1049 665 1232 722 ἐγέννησε
1251 663 1322 709 τὸν
1338 661 1477 714 Ἐνώς.
1523 662 1711 718 σημαίνει

231 742 277 786 δὲ
300 741 397 797 Σὴθ
418 738 696 792 ἐξανάστασιν.
733 734 971 794 ,ὠνομάσθη
991 736 1035 778 δὲ
1054 736 1122 778 καὶ
1139 734 1242 787 θεὸς
1266 734 1337 778 διὰ
1360 733 1433 788 τὴν
1457 730 1618 788 λάμψιν
1639 734 1714 775 τοῦ

231 808 451 870 προσώπου
476 809 601 852 αὐτοῦ
612 841 626 861 ,
653 807 704 864 ἢν
725 806 837 864 ἴσχεν
859 807 901 850 ἒν
924 805 999 863 ὅλῃ
1022 804 1149 849 αὖτοῦ
1169 809 1220 863 τῇ
1241 806 1337 863 ζωῇ.
1405 801 1559 858 ταύτην
1578 802 1623 845 δὲ
1640 801 1715 855 τὴν

229 879 353 938 χάριν
373 881 440 923 καὶ
459 881 623 934 Μωσῆς
640 876 741 934 ἔχων
751 910 765 931 ,
799 877 846 921 τὸ
865 875 1062 931 κάλυμμα
1082 876 1214 926 τιθεὶς
1233 872 1373 930 ὡμίλει
1391 879 1477 925 τοῖς
1489 871 1717 922 Ἰουδαίοις.

235 948 266 981 *
289 948 318 982 *
347 951 411 993 ἐπὶ
432 946 600 1007 χρόνοις
621 945 951 1007 τεσσαράκοντα,
986 951 1073 996 τοΐς
1092 962 1136 989 τε
1161 942 1264 988 ἔπτὰ
1286 941 1513 998 πλανήταις
1533 940 1742 998 ὄνόματα1

237 1017 451 1071 τεθεικώς,
486 1019 554 1062 καὶ
574 1017 746 1074 τὴντῶν
769 1016 968 1076 οὐρανίων
989 1012 1185 1071 κινήσεων
1206 1015 1357 1074 σοφίαν
1375 1011 1579 1070 ἐπενόησε.
1649 1012 1720 1055 καὶ

186 1095 219 1130 C
244 1087 394 1145 στήλας
423 1086 495 1131 δύο
505 1121 519 1142 ,
550 1089 711 1144 λιθίνην
731 1105 774 1132 τε
797 1089 863 1130 καὶ
878 1086 1124 1141 πλινθίνην,
1159 1082 1469 1136 κατασκευάσας
1491 1084 1576 1127 ε’κεΐ
1589 1085 1722 1126 ταῦτα

239 1159 441 1217 ἔγραψεν,
476 1157 595 1210 εἰδὼς
613 1158 686 1214 τὴν
702 1161 775 1201 τοῦ
794 1156 944 1208 παντὸς
962 1153 1154 1215 φθοράν,
1190 1157 1259 1198 καὶ
1282 1153 1339 1206 ὥς
1360 1157 1395 1198 εἷ
1414 1154 1489 1210 μὲν
1506 1154 1549 1205 ἐξ
1569 1150 1723 1202 ὕδατος

238 1229 422 1286 γένηται,
457 1227 530 1285 τὴν
548 1228 707 1283 λιθίνην
730 1225 960 1281 σώζεσθαι,
990 1227 1026 1269 εἷ
1046 1226 1090 1268 δὲ
1111 1223 1181 1268 διὰ
1201 1222 1353 1283 πυρός,
1388 1223 1462 1280 τὴν
1482 1222 1723 1277 πλινθίνην·

240 1298 331 1355 ἥτις
348 1295 541 1351 σώζεται,
574 1295 630 1348 ὥς
645 1295 841 1352 Ἰώσηπος
857 1301 1080 1355 μαρτυρεῖ,
1115 1295 1172 1346 εἷς
1192 1294 1240 1337 τὸ
1258 1294 1427 1352 Σίριὸον
1447 1292 1544 1352 ὄρος
1563 1292 1638 1343 ἕως
1656 1291 1742 1334 scaz:

240 1372 328 1412 νῦν.
397 1361 514 1418 οὗτος
542 1369 610 1410 καὶ
640 1366 693 1410 τὰ
718 1365 917 1424 Ἑβραϊκὰ
939 1363 1165 1423 γράμματα
1185 1360 1488 1421 συνεγράψατο.
1557 1365 1618 1421 τῷ
1643 1360 1724 1419 γὰρ

242 1439 514 1495 διακοσιοστῷ
539 1440 767 1495 τριακοστῷ
791 1435 869 1479 ἔτει
897 1439 973 1478 τοῦ
991 1434 1126 1488 Ἀδὰμ
1147 1431 1344 1489 ἐγεννήθη
1368 1430 1389 1475 ὃ
1410 1431 1532 1488 Σήθ,
1567 1433 1635 1474 καὶ
1657 1448 1726 1488 γε-

241 1506 407 1563 νόμενος
431 1508 531 1550 ἐτῶν
557 1504 716 1550 δώδεκα
744 1505 1100 1562 ἀπεγαλακτίσθη·
1135 1503 1204 1545 καὶ
1225 1506 1286 1560 τῷ
1309 1504 1579 1561 διακοσιοστῷ
1605 1499 1728 1556 ἕβδο-

242 1581 434 1635 μηκοστῷ
458 1575 534 1618 ἔτει
556 1580 627 1618 τοῦ
646 1574 778 1630 Ἀδὰμ
801 1572 822 1617 ὃ
844 1573 941 1630 Σὴθ
967 1572 1161 1631 ἂρπαγεὶς
1182 1569 1262 1615 ὖπὸ
1290 1572 1459 1629 ἀγγέλου
1485 1570 1649 1627 ἐμυήθη
1675 1570 1728 1613 τὰ

244 1649 336 1704 περὶ
370 1651 443 1701 τῆς
472 1642 746 1702 παραβάσεως
776 1644 976 1699 μέλλοντα
1004 1642 1172 1686 ἔσεσθαι
1205 1646 1287 1685 τῶν
1319 1642 1419 1686 υἱῶν
1443 1641 1572 1685 αὐτοῦ
1607 1640 1742 1697 (ἤτοιῐ

244 1720 326 1759 τῶν
344 1711 623 1773 Ἒγρηγόρων,
660 1715 800 1765 οἵτινες
822 1715 889 1756 καὶ
909 1713 991 1756 υἱοὶ
1013 1717 1117 1756 θεοῦ
1137 1711 1348 1768 ἐλέγοντο)
1384 1713 1453 1754 καὶ
1475 1711 1525 1755 τὰ
1545 1712 1636 1769 περὶ
1656 1714 1730 1754 τοῦ

194 1796 228 1831 D
253 1788 539 1839 κατακλυσμοῦ
562 1785 630 1826 καὶ
650 1788 724 1840 τῆς
747 1784 974 1842 παρουσίας
997 1787 1069 1825 τοῦ
1091 1786 1287 1838 σωτῆρος.
1355 1779 1491 1842 ἡμέρα
1516 1782 1559 1824 δὲ
1582 1798 1732 1824 τεσσα-

253 1858 432 1915 ρακοστῇ
454 1853 635 1912 ἄφαντος
658 1852 850 1912 γεγονώς,
887 1851 1023 1897 ἐλθών
1042 1849 1265 1910 διηγήσατο
1288 1857 1374 1903 τοῖς
1397 1849 1734 1911 πρωτοπλάστοις

256 1987 358 2023 Sethi
380 1986 550 2034 progenie
572 1990 769 2034 separatus.
817 1986 964 2022 Cainum
987 1986 1081 2023 hunc
1103 1998 1215 2033 parva
1238 1986 1412 2032 Genesis,
1449 1997 1540 2032 quae
1557 1984 1653 2022 Mosi
1676 1983 1734 2019 in-

257 2035 444 2079 scribitur,
468 2035 570 2070 ruina
592 2037 712 2070 domus
736 2046 821 2069 suae
843 2046 1049 2080 oppressum
1072 2035 1181 2069 vitam
1203 2034 1365 2070 finivisse
1387 2034 1510 2069 tradit.
1558 2031 1738 2078 lapidibus

257 2082 517 2163 entimffrztitrem
539 2094 638 2117 suum
659 2081 807 2117 Abelum
830 2087 1039 2117 necaverat:
1076 2081 1198 2128 itaque
1219 2081 1298 2128 ipse
1320 2091 1461 2128 quoque
1484 2079 1662 2127 lapidibus
1683 2083 1740 2115 est

256 2140 293 2163 1n
313 2140 349 2163 er
367 2140 406 2162 ec
424 2140 476 2163 us.

351 2175 479 2210 Sethus
502 2174 624 2210 Adami
647 2174 775 2210 tertius
796 2173 891 2209 filius
914 2176 1141 2219 recensetur,
1167 2173 1228 2221 qui
1248 2185 1416 2221 germana
1433 2185 1556 2210 sorore
1574 2184 1657 2218 sua,
1681 2171 1740 2207 cui

258 2232 384 2257 nomen
414 2222 584 2267 Asuama,
617 2221 654 2256 in
686 2221 942 2257 matrimonium
972 2222 1078 2256 ducta
1097 2222 1256 2256 Enosum
1283 2221 1500 2267 procreavit.
1547 2220 1652 2256 Sethi
1673 2231 1740 2254 no-

258 2281 337 2303 men
358 2268 614 2303 restitutionem
634 2272 747 2304 notat.
794 2269 880 2303 deus
900 2279 1041 2314 quoque
1063 2267 1157 2302 idem
1180 2268 1377 2315 appellatus
1396 2273 1469 2314 est,
1506 2268 1552 2303 ob
1571 2267 1742 2314 splendo-

259 2327 332 2350 rem
358 2314 488 2360 faciei,
524 2327 626 2361 quem
655 2327 721 2361 per
750 2327 883 2350 omnem
913 2314 1024 2350 vitam
1055 2314 1192 2350 habuit.
1240 2327 1310 2361 qua
1339 2316 1455 2362 gratia
1483 2314 1590 2350 etiam
1618 2314 1742 2350 Moses

259 2361 440 2407 praeditus
473 2362 589 2397 velata
620 2362 713 2397 facie
738 2374 814 2396 cum
839 2361 982 2397 Iudaeis
1004 2361 1215 2408 loquebatur
1236 2361 1344 2382 ****
1367 2362 1604 2408 quadraginta
1625 2361 1742 2396 annis.

259 2408 353 2443 idem
376 2409 507 2443 sethus
530 2413 665 2455 septem
690 2409 890 2444 errantibus
912 2407 1048 2454 stellis,
1077 2408 1211 2443 Graeci
1234 2408 1394 2456 planetas
1418 2414 1570 2454 vocant,
1600 2407 1742 2443 nomina

258 2454 445 2500 imposuit3
478 2455 751 2502 caelestiumque
774 2455 1043 2491 conversionum
1061 2455 1245 2491 scientiam
1265 2456 1502 2502 excogitavit,
1527 2466 1630 2501 quam
1653 2454 1742 2489 dua-

258 2502 326 2536 bus
356 2501 542 2547 columnis‚
583 2502 746 2548 lapideae
772 2502 854 2548 uni,
897 2502 1002 2537 alteri
1029 2501 1233 2548 lateficiae,
1266 2502 1463 2549 inscripsit.
1520 2502 1742 2547 praesciebat

262 2546 354 2582 enim
377 2548 534 2583 universi
557 2548 757 2595 interitum,
787 2557 899 2596 ‘quem
923 2548 955 2584 si
978 2560 1070 2594 aqua
1093 2550 1258 2596 afferret,
1288 2549 1464 2597 lapideam
1489 2553 1742 2594 superaturam,

264 2592 320 2628 sin
337 2593 441 2638 ignis,
465 2594 678 2640 latericiam3
703 2601 809 2643 atque
827 2596 918 2631 hanc
941 2595 1128 2631 etiamnum
1147 2602 1286 2632 exstare
1306 2597 1346 2632 in
1365 2595 1485 2631 Sirido
1506 2600 1624 2630 monte
1644 2596 1742 2630 Iose-

263 2639 354 2685 phus
379 2643 540 2676 testatur.
587 2642 680 2677 idem
703 2644 834 2679 Sethus
856 2643 1032 2679 Ebraicas
1056 2642 1180 2679 literas
1204 2642 1429 2690 conscripsit.
1475 2654 1554 2678 nam
1575 2643 1742 2678 ducente-

266 2685 353 2720 simo
377 2686 555 2731 trigesimo
574 2688 697 2724 Adami
725 2702 815 2726 anno
840 2695 943 2726 natus
968 2694 1044 2735 est,
1070 2701 1217 2736 cumque
1241 2695 1337 2726 esset
1359 2688 1528 2726 annorum
1552 2689 1742 2733 duodecim⁴¹

269 2732 486 2777 ablactatus3
516 2746 675 2781 annoque
700 2737 824 2773 Adami
845 2749 954 2783 supra
977 2737 1251 2773 ducentesimum
1272 2736 1534 2784 septuagesimo
1556 2741 1679 2782 raptus
1704 2737 1742 2770 ab

269 2777 395 2833 angelo
418 2779 568 2816 imbutus
590 2786 644 2817 est
661 2785 861 2829 cognitione
880 2785 1023 2820 futurae
1045 2795 1186 2820 suorum
1203 2789 1425 2832 posterorum
1443 2783 1656 2830 impietatis,
1689 2782 1742 2828 qui

268 2825 385 2879 ndem·
411 2826 612 2872 Egregores
638 2831 857 2876 appellantur
890 2836 927 2867 et
956 2830 1023 2865 filii
1054 2831 1132 2876 dei,
1169 2844 1211 2866 ac
1245 2830 1372 2866 diluvii
1403 2834 1439 2865 et
1469 2831 1640 2866 adventus
1672 2839 1742 2864 ser-

272 2876 419 2925 vatoris.
467 2885 543 2908 cum
575 2879 689 2911 autem
720 2878 990 2924 quadragesima
1011 2877 1072 2913 die
1094 2889 1231 2913 rursum
1253 2877 1292 2912 in
1315 2876 1492 2912 hominum
1526 2881 1742 2924 conspectun

274 2918 459 2966 rediisset,
494 2922 698 2968 parentibus
735 2937 778 2961 ea
811 2926 938 2973 quibus
969 2926 1016 2963 ab
1046 2924 1172 2972 angelo
1196 2924 1372 2961 initiatum
1395 2924 1546 2961 diximus
1569 2923 1742 2960 recitavit
