1742 3184
199 166 299 214 360
637 176 640 179 ’
679 166 919 214 GEORGII
946 165 1192 212 CEDRENI

198 283 265 325 καὶ
297 282 341 325 ἐκ
371 285 445 337 τῆς
472 282 810 339 συγκαταθέσεως
827 279 854 338 ἦ
874 285 1019 340 πρᾶξις
1039 282 1295 336 ἐπιτελεῖται,
1322 282 1392 326 διᾶ
1414 286 1532 327 τοῦτο
1556 284 1624 326 καὶ
1645 283 1666 327 ὃ

147 354 176 388 Β
200 350 383 409 Χριστὸς
400 351 470 394 τὸν
487 350 722 403 ἀκολάστως
737 350 932 395 ἑστιῶντα
948 352 1022 403 τὰς
1040 351 1157 408 ὄψεις
1171 351 1315 407 μοιχὸν
1330 351 1499 410 ἔκρινεν,
1530 353 1577 396 οὗ
1595 353 1670 409 τὴν

199 423 345 478 πρᾶξιν
372 419 499 476 μόνην
524 421 629 463 ἀλλὰ
653 423 721 464 καὶ
743 421 817 477 τὴν
836 420 990 464 ἔννοιαν
1007 422 1356 479 προαναστέλλων.
1417 424 1492 464 καὶ
1521 420 1542 464 ὅ
1574 425 1668 466 Σω-

200 487 354 546 κράτης
389 491 432 532 δὲ
466 488 587 533 πάλιν
620 488 901 548 φυλάττεσθαι
938 489 1104 548 σφόδρα
1136 493 1204 534 καὶ
1234 496 1563 549 παρατηρεῖσθαι
1594 492 1669 547 τὴν

202 559 402 615 ἀκρασίαν
429 557 634 602 διδάσκων
658 559 736 617 ἔφη
763 559 821 616 μὴ
851 565 1068 610 πεινῶντας
1089 561 1179 603 λίαν
1198 561 1255 616 μὴ
1278 561 1430 604 ἐσθίειν
1439 592 1453 613 ,
1478 561 1582 616 μηδὲ
1604 563 1702 604 δι--5

198 633 368 683 ψῶντας
387 628 517 670 πολλὰ
537 628 594 683 μὴ
617 630 766 672 πίνειν·
800 630 868 672 καὶ
888 629 966 688 γὰρ
986 628 1007 672 ὃ
1027 628 1166 688 κύριος
1186 628 1405 688 ἐμακάρισε
1424 630 1520 681 τοὺς
1534 627 1671 674 τοιού-

199 713 294 748 τους
316 697 357 739 ἐν
376 703 460 748 τοῖς
477 704 765 755 μακαρισμοΐς.

334 766 461 812 Μετὰ
480 767 524 809 δὲ
539 766 750 811 Κλαύδιον
769 767 1002 822 ἐβασίλευσε
1019 767 1164 826 Νέρων
1184 764 1205 811 ὅ
1227 766 1316 820 υῗός
1337 767 1464 811 αῧτοῦ
1474 800 1487 821 ,
1517 765 1584 824 ἴτη
1605 765 1671 811 ιδ’.

198 835 289 892 περὶ
311 829 360 878 οὗ
380 833 514 892 λόγιον
536 831 587 892 ἦν
607 834 806 893 “ἐ’σχατος
825 839 1042 880 Αἷνεαδῶν
1062 836 1336 895 μητροκτόνος
1353 835 1667 893 ἧγεμονεύσει·”

199 901 391 960 κατήγετο
412 905 494 963 γὰρ
517 906 559 948 ἐκ
579 911 651 961 τῆς
669 911 805 963 γενεᾶς
823 909 990 950 Αἰνείου
1011 909 1079 949 καὶ
1093 905 1301 962 Ῥωμύλου
1323 909 1389 949 καὶ
1409 905 1669 963 Αὐγούστου.
1682 913 1728 948 10

199 966 317 1023 οὗτος
349 976 669 1031 κραταιουμένης
698 977 810 1034 αὐτῷ
837 981 910 1032 τῆς
938 976 1066 1033 ἀρχῆς
1095 978 1151 1027 εἷς
1179 976 1366 1028 ἀνοσίους
1386 976 1551 1035 πράξεις
1572 975 1671 1028 ἐξώ-

199 1046 302 1084 κειλε
322 1046 390 1085 καὶ
413 1043 607 1100 ἀλλότρια
629 1050 702 1100 τῆς
719 1047 928 1100 βασιλείας
946 1045 1154 1101 ἐπετήδευε
1173 1044 1416 1103 πράγματα,
1452 1047 1673 1102 κιθαρίζων

146 1112 177 1147 C
200 1112 268 1154 καὶ
286 1115 508 1171 τραγῳδῶν
527 1116 594 1156 καὶ
614 1113 858 1171 ὀρχούμενος
877 1116 939 1157 ἐπὶ
959 1119 1040 1158 τῶν
1056 1113 1260 1173 θεάτρων.
1308 1117 1376 1158 καὶ
1396 1115 1498 1172 πρὸς
1515 1114 1674 1166 τούτοις

198 1181 239 1222 ἓν
270 1179 422 1232 πάσαις
451 1183 577 1226 αὐτοῦ
601 1184 932 1241 ἀθεμιτουργίαις
949 1187 1015 1227 καὶ
1033 1184 1079 1227 τὸ
1101 1189 1175 1240 τῆς
1194 1185 1423 1240 θεομαχίας
1443 1185 1672 1242 προσέθηκε

194 1247 327 1304 μύσος
335 1282 349 1303 ,
390 1250 564 1307 διώκτης
595 1257 755 1310 πρῶτος
783 1253 993 1312 γενόμενρς
1024 1258 1096 1296 τοῦ
1128 1248 1244 1297 θείου
1278 1252 1413 1310 λόγου.
1481 1253 1585 1308 μετὰ
1626 1254 1670 1298 δὲ
1684 1258 1727 1295 15

196 1323 327 1365 ταῦτα
347 1320 564 1376 ἐπιβουλῆς
582 1322 675 1365 κατ’
701 1323 829 1366 αὐτοῦ
847 1325 1099 1380 μηνυθείσης
1120 1323 1254 1382 αὐτῷ,
1290 1325 1346 1374 εἷς
1374 1322 1500 1380 ἄκρον
1525 1325 1674 1378 μανιάς

196 1388 332 1431 ἐλθών
366 1389 495 1433 ἀνεῖλε
527 1391 600 1445 τὴν
629 1393 786 1450 μητέρα
819 1393 944 1435 αὐτοῦ
966 1395 1033 1435 καὶ
1057 1393 1130 1448 τὴν
1153 1393 1338 1450 ἀδελφὴν
1361 1392 1486 1436 αὐτοῦ
1509 1394 1577 1435 καὶ
1601 1392 1674 1448 τὴν

196 1464 368 1513 γυναῖκα
388 1460 516 1502 αὐτοῦ
534 1462 600 1502 καὶ
621 1460 770 1513 ἄλλους
793 1464 963 1519 μυρίους
984 1466 1043 1520 τῷ
1064 1462 1165 1519 γε’νει
1188 1460 1466 1520 προσήκοντας
1489 1464 1556 1504 καὶ
1580 1462 1675 1513 τοὺς

199 1527 242 1568 ἐν
273 1525 410 1585 Ῥώμῃ
449 1527 671 1584 ἐπισήμους
678 1563 692 1582 ,
737 1531 811 1586 τὴν
844 1532 887 1582 ἐξ
921 1531 1054 1575 αὐτῶν
1087 1530 1358 1575 ἐπανάστασιν
1394 1529 1673 1589 ὑφορώμενος.

196 1596 302 1649 μετὰ
333 1597 378 1639 δὲ
403 1597 448 1639 τὸ
477 1598 628 1641 ἀνελεῖν
657 1600 731 1654 τὴν
765 1607 934 1656 γυναῖκα
964 1600 1106 1657 ἔγημεν
1131 1601 1333 1655 εὐνοῦχον.
1404 1594 1523 1651 οὗτος
1541 1600 1729 1644 ‹iven-220

197 1663 294 1714 τοὺς
333 1668 585 1723 κορυφαίους
623 1668 876 1720 ἀποστόλους
905 1670 1068 1727 Πέτρον
1096 1671 1164 1712 καὶ
1193 1672 1367 1712 Παῦλον
1399 1671 1467 1712 καὶ
1498 1671 1674 1722 πολλοὺς

201 1730 362 1791 ἑτέρους
377 1733 605 1793 μάρτυρας.
675 1738 744 1795 ἐφ’
767 1732 816 1781 οὗ
835 1740 902 1781 καὶ
917 1738 1105 1781 Ἰουδαῖοι
1123 1738 1193 1781 τὸν
1211 1736 1465 1797 ἀδελφόθεον
1478 1738 1673 1794 Ἰάκωβον

143 1807 178 1843 D
202 1801 457 1857 ἀπέκτειναν,
490 1803 535 1856 ὃς
558 1803 678 1862 ἁγνὸς
694 1805 888 1866 ὑπάρχων
909 1808 952 1851 ἐκ
972 1809 1125 1859 κοιλίας
1144 1808 1299 1868 μητρὸς
1317 1806 1424 1852 οἶνον
1442 1810 1510 1851 καὶ
1534 1810 1673 1867 σίκερα

195 1934 306 1980 igitur
330 1948 374 1971 ex
397 1936 479 1973 visu
501 1950 597 1974 amor
614 1941 788 1986 nascitur,
812 1940 914 1988 isque
933 1952 1136 1977 consensum
1149 1968 1159 1987 ‚
1181 1953 1370 1977 consensus
1390 1941 1528 1977 facinus
1547 1941 1673 1987 gignit,

195 1980 326 2017 iccirco
349 1984 512 2021 Christus
537 1998 615 2021 eum
638 1988 699 2033 qui
722 1988 841 2023 oculos
872 1988 1148 2035 intemperanter
1180 1989 1295 2035 pascit
1318 1989 1512 2024 adulterum
1535 1989 1673 2024 iudica-

195 2027 269 2073 vit,
297 2040 367 2064 non
391 2043 412 2066 a
433 2033 528 2067 facto
553 2038 708 2079 tantum,
735 2035 800 2070 sed
823 2035 992 2070 maturius
1017 2035 1122 2070 etiam
1147 2048 1168 2070 a
1191 2035 1406 2080 cogitatione
1431 2034 1520 2070 facti
1543 2036 1674 2070 dehor-

195 2078 289 2110 tans.
338 2088 475 2112 rursum
510 2079 696 2125 Socrates,
732 2092 809 2116 cum
843 2082 947 2116 docet
977 2082 1279 2128 intemperantiam
1302 2093 1521 2162 summopere
1543 2082 1673 2127 vitare,

194 2120 267 2155 nisi
301 2123 485 2160 admodum
520 2126 730 2162 esurientem
763 2140 833 2163 non
868 2129 973 2162 edere
1005 2141 1119 2174 neque
1151 2128 1275 2163 bibere
1297 2128 1367 2163 nisi
1388 2140 1433 2163 ve
1460 2128 1589 2163 ementi
1611 2140 1672 2163 ur-

194 2172 303 2212 gente
327 2170 389 2204 siti
411 2170 523 2206 iubet.
571 2184 613 2207 ac
643 2174 803 2209 Christus
827 2186 967 2222 quoque
989 2175 1078 2210 tales
1106 2177 1231 2211 beatos
1253 2175 1458 2221 praedicat,
1495 2175 1534 2209 in
1556 2175 1674 2210 beati-

194 2218 305 2250 tatum
329 2218 605 2254 enumeratione.

289 2261 378 2297 Post
400 2263 583 2300 Claudium
607 2265 796 2312 imperavit
818 2266 937 2311 Nero,
973 2267 1067 2303 filius
1092 2268 1187 2313 eius,
1210 2279 1321 2302 annos
1346 2266 1402 2311 14.
1450 2267 1496 2302 de
1518 2266 1586 2301 hoc
1609 2278 1674 2301 ex-

195 2307 315 2343 stabat
349 2310 524 2346 oraculum
557 2308 722 2347 “ultimus
751 2314 951 2348 Aeneadum
974 2314 1158 2350 matricida
1180 2309 1444 2360 imperitabit:”
1478 2314 1674 2348 deducebat

195 2353 287 2387 enim
319 2367 429 2400 genus
452 2359 496 2392 ab
518 2357 638 2394 Aenea
661 2371 726 2406 per
748 2359 932 2394 Romulum
957 2365 993 2395 et
1014 2362 1221 2406 Augustum.
1269 2361 1320 2405 is,
1362 2371 1437 2394 cum
1474 2360 1508 2395 ei
1544 2360 1674 2394 confir-

194 2405 324 2452 matum
349 2407 444 2438 esset
467 2404 670 2450 imperium,
693 2405 855 2452 turpibus
879 2418 957 2441 sese
983 2407 1128 2452 flagitiis
1151 2407 1287 2442 dedidit
1303 2406 1501 2450 studiisque
1524 2407 1568 2440 ab
1591 2407 1675 2440 offi-

195 2456 249 2498 ,⁰¹⁰
274 2446 498 2493 imperatoris
520 2463 663 2496 prorsus
683 2451 823 2486 alienis:
852 2453 979 2488 fidibus
1003 2453 1094 2488 enim
1118 2454 1281 2497 ludebat,
1305 2453 1506 2497 tragoedias
1531 2454 1673 2497 agebat,

193 2501 300 2536 mque
319 2495 460 2530 theatro
482 2497 647 2533 saltabat.
695 2510 800 2545 porro
826 2504 942 2534 autem
964 2500 1111 2546 reliquis
1134 2501 1208 2535 suis
1230 2499 1422 2534 sceleribus
1445 2499 1513 2533 hoc
1536 2499 1674 2534 addidit

197 2542 236 2571 ut
264 2539 365 2575 deum
397 2550 634 2589 oppugnaret,
669 2545 871 2591 primusque
907 2553 1113 2591 persecutor
1150 2546 1252 2581 verbi
1286 2546 1346 2580 dei
1378 2545 1529 2580 exstitit.
1577 2550 1672 2591 post,

196 2594 272 2618 cum
297 2586 331 2619 ei
354 2587 504 2624 insidiae
531 2591 701 2627 adversus
723 2591 837 2637 ipsum
861 2597 1017 2627 structae
1040 2599 1160 2628 essent
1182 2594 1366 2637 detectae,
1401 2597 1544 2626 matrem
1570 2603 1671 2626 soro-

195 2638 268 2663 rem
293 2642 506 2680 uxoremque
527 2648 609 2672 suas
634 2643 791 2672 extrema
812 2637 978 2673 incitatus
1001 2639 1138 2674 insania
1160 2638 1357 2683 interfecit,
1384 2638 1541 2683 aliosque
1565 2639 1670 2672 innu-

196 2685 310 2730 meros
338 2690 420 2715 suos
450 2689 619 2727 cognatos
649 2684 816 2729 virosque
843 2684 996 2720 illustres
1029 2687 1182 2731 Romae,
1216 2692 1375 2719 metuens
1399 2697 1443 2719 ne
1467 2686 1512 2719 ab
1535 2684 1580 2718 iis
1605 2696 1670 2729 per

196 2722 403 2775 seditionem
434 2727 678 2773 impeteretur.
726 2730 915 2766 interfecta
947 2742 1059 2766 uxore
1090 2732 1281 2766 eunuchum
1306 2731 1426 2766 uxoris
1450 2730 1527 2765 loco
1557 2730 1671 2765 duxit.

194 2779 226 2800 1s
250 2768 347 2823 Nero
372 2772 549 2819 principes
582 2775 820 2822 apostolorum
843 2777 987 2812 Petrum
1011 2791 1052 2813 ac
1074 2778 1219 2813 Paulum
1249 2777 1444 2823 multosque
1468 2777 1554 2812 alios
1578 2788 1671 2810 mar-

195 2819 294 2858 tyres
317 2819 509 2854 interfecit.
559 2834 601 2856 eo
625 2823 822 2868 imperante
845 2824 951 2859 etiam
969 2825 1095 2860 Iudaei
1112 2826 1276 2859 Iacobum
1294 2825 1440 2858 fratrem
1459 2822 1590 2858 domini
1608 2835 1672 2857 ne-

196 2867 379 2898 caverunt.
428 2864 457 2899 is
484 2868 529 2901 ab
555 2875 655 2904 utero
681 2870 802 2905 matris
827 2875 944 2906 castus
967 2872 1103 2917 suerat,
1131 2871 1250 2906 vinum
1274 2871 1433 2918 aliosque
1455 2869 1672 2905 inebriantes
