1742 3184
201 161 302 215 468
679 161 922 208 GEORGII
955 162 1202 207 GEDRENI

200 278 346 330 καθὼς
366 274 656 334 ὑπελάμβανον
677 277 716 322 οἳ
743 273 988 335 ἀλάστορες·
1023 275 1087 320 διὸ
1115 278 1184 321 καὶ
1211 277 1330 334 λιμὸς
1357 279 1426 322 καὶ
1448 278 1591 335 λοιμὸς
1610 281 1678 327 καὶ

199 347 370 405 αὐχμός,
395 348 465 391 καὶ
483 351 564 391 πᾶν
584 346 719 391 ὃτιοῦν
741 346 826 391 ἔστι
841 346 966 390 κακὸν
987 348 1121 401 εἰπεῖν,
1147 347 1244 398 τοὺς
1262 346 1512 405 ἀνθρώπους
1526 353 1680 405 μετῆλ·

53 430 82 466 Ρ
104 429 174 467 267
197 423 249 463 θε
261 451 275 471 ‚
310 418 382 461 καί
398 433 506 468 τινος
527 415 665 474 ἑτέρου
689 414 921 471 νοσήματος
940 422 1082 474 μοΐρα.
1152 416 1268 468 ἕλκος
1289 417 1334 460 δὲ
1354 412 1405 473 ἦν
1428 416 1680 476 φερωνῦμως

196 492 269 533 τοῦ
286 485 504 545 πυρώδους
526 485 737 544 ἄνθρακος
753 483 979 541 λεγόμενον,
1008 484 1106 528 καθ’
1129 484 1224 528 ὅλον
1239 487 1314 540 μὲν
1336 486 1458 544 ἕρπον
1476 487 1523 530 τὸ
1541 492 1677 541 σῶμα,

197 556 430 615 σφαλεροὺς
451 555 496 597 δὲ
514 561 599 605 τοῖς
619 553 868 597 πεπονθόσιν
888 555 1054 597 ἐνεποίει
1074 552 1297 606 κινδύνους.
1343 555 1391 597 οὗ
1409 555 1491 611 μὴν
1510 556 1554 598 δὲ
1573 556 1711 598 ἀλλὰό

151 671 155 675 ,
198 628 268 672 καὶ
285 626 390 669 κατὰ
408 628 487 667 τῶν
506 624 741 682 ὀφθαλμῶν
759 622 971 681 ἐξαιρέτως
989 623 1053 666 ἐπὶ
1069 627 1255 667 πλεῖστον
1274 622 1488 680 γενόμενον
1506 626 1681 682 μυρίους

198 695 321 747 ὅσους
341 693 493 751 ἄνδρας
507 692 594 747 ἅμα
606 694 764 748 γυναιξὶ
783 693 851 735 καὶ
867 694 982 735 παισὶ
998 692 1154 750 πηροὺς
1171 691 1462 750 ἀπειργάσατο.
1515 695 1584 736 καὶ
1605 694 1681 737 σὺν

197 764 357 815 τούτοις
377 762 746 819 προσεπανίσταται
773 766 832 820 τῷ
855 759 1040 819 τυράννῳ
1063 760 1084 804 ὃ
1105 761 1207 819 πρὸς
1230 762 1464 820 Ἀρμενίους
1489 760 1682 817 πόλεμος,

200 831 369 891 ἀθρόως
386 829 462 889 ὑφ’
488 831 559 873 ἵνα
578 832 645 873 καὶ
667 830 738 873 τὸν
756 829 880 873 αὐτὸν
908 830 1051 888 καιρὸν
1079 828 1362 888 συρρεύσαντα
1390 835 1464 886 τῆς
1485 835 1559 874 τοῦ
1580 834 1682 874 δυσ-

197 906 345 957 σεβοῦς
370 898 632 958 θρασύτητος
657 899 732 955 τὴν
758 899 864 943 κατὰ
894 903 969 943 τοῦ
994 903 1097 942 θεοῦ
1127 901 1418 956 μεγαλαυχίαν,
1456 899 1519 943 ὅτι
1539 901 1590 956 δὴ
1610 905 1682 956 τῆς
1693 905 1739 950 10

198 973 289 1028 περὶ
322 970 374 1013 τὰ
403 970 553 1012 εἴδωλα
577 971 759 1025 σπουδῆς
782 969 910 1012 αὐτοῦ
927 970 994 1011 καὶ
1014 973 1087 1024 τῆς
1107 969 1214 1011 καθ’
1238 967 1355 1024 ἡμῶν
1379 970 1494 1012 ἕνεκα
1513 974 1683 1027 πολιορ-

144 1050 175 1086 Β
199 1042 290 1091 κιάς
306 1040 365 1094 μὴ
387 1038 506 1093 λιμὸν
525 1039 631 1093 μηδὲ
651 1038 795 1094 λοιμὸν
813 1035 915 1093 μήτε
933 1038 1017 1093 μὴν
1039 1036 1216 1093 πόλεμον
1244 1039 1307 1081 ἐπὶ
1331 1038 1403 1082 τὸν
1424 1039 1553 1081 αὐτοῦ
1573 1057 1684 1094 συμ-

196 1114 320 1166 βῆναι
341 1107 483 1167 καιρὸν
505 1105 758 1166 ἐνηβρύνετο.
825 1111 958 1150 ταῦτα
990 1106 1042 1161 δὴ
1071 1102 1144 1149 οὗν
1176 1106 1264 1162 ἅμα
1295 1110 1364 1150 καὶ
1396 1107 1502 1150 κατὰ
1533 1108 1683 1151 ταυτὸν

197 1180 393 1234 ἐπῆλθον,
430 1180 498 1219 καὶ
522 1182 596 1232 τῆς
615 1177 710 1220 κατ’
744 1175 870 1218 αὐτὸν
892 1180 1183 1233 καταστροφῆς
1200 1174 1450 1234 περιειλήφει
1467 1176 1520 1219 τὰ
1539 1177 1684 1234 προοί-

195 1265 286 1305 μια.
356 1245 481 1296 αὐτὸς
497 1246 571 1300 μὲν
591 1240 662 1288 οὖν
682 1244 753 1288 τὸν
775 1244 878 1302 πρὸς
890 1245 1122 1302 Ἀρμενίους
1143 1244 1320 1300 πόλεμον
1342 1244 1430 1300 ἅμα
1447 1253 1532 1296 τοῖς
1555 1246 1683 1289 αὐτοῦ
1695 1248 1739 1285 15

197 1315 490 1373 στρατοπέδοις
507 1321 761 1357 κατεπονεῖτο
772 1346 786 1366 ,
815 1313 911 1364 τοὺς
929 1315 975 1356 δὲ
991 1313 1157 1365 λοιποὺς
1177 1319 1259 1358 τῶν
1277 1314 1353 1365 τὰς
1368 1313 1446 1356 ὕπ’
1467 1314 1592 1358 αὐτὸν
1607 1313 1685 1357 πό-

199 1390 282 1436 λεις
313 1387 381 1427 καὶ
403 1383 547 1441 χώρας
569 1381 788 1427 οἰκούντων
817 1380 994 1433 δεινῶςὸ
1016 1383 1136 1438 λιμὸς
1159 1383 1248 1438 ἅμα
1270 1385 1339 1426 καὶ
1357 1381 1378 1426 ὅ
1402 1384 1547 1438 λοιμὸς
1567 1383 1687 1427 κατέ-

196 1471 320 1513 τρυχε
331 1486 345 1507 ,
394 1456 460 1496 καὶ
490 1454 630 1509 μυρίοι
660 1453 734 1508 μὲν
771 1450 989 1508 ἐτύγχανον
1026 1452 1065 1494 οἶ
1099 1452 1205 1495 κατὰ
1247 1451 1383 1504 πόλεις
1425 1452 1688 1509 θνήσκοντες,

199 1524 362 1574 πλείους
391 1523 435 1565 δὲ
463 1522 502 1564 οἳ
528 1523 621 1565 κατ’
656 1521 810 1579 ἀγροὺς
837 1523 906 1564 καὶ
935 1518 1079 1577 κώμας
1086 1554 1100 1574 ,
1136 1519 1327 1565 ἁπάντων
1356 1521 1501 1578 σχεδὸν
1530 1526 1690 1580 τροφῆς

200 1593 332 1652 ἐνδείᾳ
351 1593 420 1634 καὶ
440 1589 633 1646 λοιμώδει
655 1590 763 1648 νόσῳ
787 1590 1115 1648 διεφθαρμένων.
1184 1593 1253 1634 καὶ
1273 1591 1352 1649 γὰρ
1375 1591 1415 1634 οἳ
1436 1592 1513 1646 μὲν
1533 1589 1742 1650 χόρτον20

201 1659 508 1716 διαμασώμενοι
528 1662 596 1703 καὶ
626 1660 700 1715 τὴν
731 1661 813 1711 ἕξιν
839 1657 1129 1714 λυμαινόμενοι
1152 1659 1399 1713 διώλλυντο,
1444 1660 1483 1702 οἱ
1512 1661 1558 1703 δὲ
1585 1660 1688 1703 ἄπε-

202 1728 421 1786 σκληκότες
440 1728 575 1786 ὥσπερ
600 1728 748 1771 εἴδωλα
767 1726 911 1786 νεκρά,
956 1723 1036 1771 ὧδε
1055 1728 1214 1772 κάκεῖσε
1234 1734 1596 1787 ψυχορραγοῦντες
1621 1731 1688 1772 ἒν-

151 1810 183 1847 c
207 1797 408 1855 σειόμενοί
421 1815 463 1843 τε
483 1799 552 1841 καὶ
571 1798 989 1856 περιολισθαίνοντες,
1024 1798 1266 1842 κατέπιπτον
1291 1799 1334 1842 ἓν
1354 1805 1443 1850 ταῖς
1467 1799 1689 1851 πλατείαις.

295 1919 318 1954 9
342 1912 369 1952 ἃ
392 1913 874 1963 α’θρόως-συρρεύσοιντα
897 1913 1090 1963 ἐξήλεγχον
1111 1916 1208 1962 wie?

205 2020 328 2057 evenit
350 2031 453 2066 quam
485 2019 590 2055 furiis
616 2018 698 2054 istis
721 2019 836 2054 visum
857 2018 940 2055 fuit.
987 2030 1067 2055 nam
1095 2024 1132 2055 et
1157 2019 1268 2055 fames
1292 2023 1329 2056 et
1352 2020 1464 2067 pestis
1489 2025 1525 2057 et
1546 2020 1689 2058 siccitas

202 2068 362 2103 homines
390 2067 596 2109 infestavit3
632 2077 675 2101 ac
695 2065 814 2101 ulcera
837 2077 926 2111 quos
950 2066 1182 2101 carbunculos
1203 2072 1353 2112 vocant,
1388 2080 1455 2113 per
1475 2073 1586 2104 totum
1611 2081 1690 2104 ser-

203 2114 327 2161 pentia
348 2125 475 2160 corpus
499 2112 717 2160 periculosos
740 2113 880 2148 morbos
902 2113 1119 2158 afferebant,
1146 2113 1355 2159 praesertim
1375 2119 1492 2150 autem
1516 2114 1628 2149 oculis
1651 2118 1692 2149 ut

204 2160 390 2207 plurimum
414 2159 609 2206 occupatis,
633 2158 742 2194 multa
763 2159 919 2194 virorum
943 2159 1125 2194 mulierum
1147 2171 1406 2205 puerorumque
1430 2160 1526 2195 milia
1549 2161 1692 2195 mutila-

204 2211 348 2242 verunt.
395 2205 498 2241 simul
521 2211 559 2241 et
580 2205 710 2241 bellum
732 2205 933 2240 Armenium
957 2211 1108 2250 tyranno
1133 2205 1272 2241 incidit.
1320 2211 1374 2242 tot
1397 2212 1566 2253 tantaque
1589 2207 1694 2242 simul

204 2253 297 2288 mala
321 2252 445 2288 eodem
466 2257 625 2299 tempore
647 2251 849 2298 ingruentia
869 2251 1011 2298 impiam
1035 2254 1205 2288 adversus
1228 2253 1331 2288 deum
1353 2254 1591 2299 audacemque
1614 2254 1692 2289 eius

204 2299 409 2334 iactantiam
431 2300 696 2343 refutaverunt,
731 2310 808 2334 cum
832 2298 864 2333 is
889 2310 931 2333 eo
957 2299 1051 2344 quod
1073 2299 1268 2334 simulacris
1293 2299 1451 2335 divinum
1474 2300 1604 2335 cultum
1627 2311 1691 2335 ex-

205 2346 347 2380 hiberet
368 2345 662 2391 christianosque
686 2349 931 2392 oppugnaret,
962 2345 1090 2380 nullum
1115 2357 1257 2391 eorum,
1287 2346 1415 2381 nedum
1437 2346 1539 2381 simul
1563 2347 1694 2392 omnia,

208 2391 279 2428 sibi
301 2393 524 2429 metuendum
547 2403 672 2427 secure
693 2391 902 2438 putavisset.
951 2392 1039 2427 haec
1058 2404 1144 2438 ergo
1167 2392 1355 2427 confertim
1375 2393 1566 2438 irruerunt,
1590 2393 1694 2438 prin-

207 2438 408 2485 cipiumque
431 2438 542 2474 simull
557 2438 657 2473 exitii
680 2444 833 2483 tyranno
856 2439 1020 2483 appetiit.
1069 2445 1177 2485 atque
1208 2439 1240 2474 is
1271 2438 1412 2484 quidem
1437 2450 1514 2474 cum
1537 2439 1613 2474 suis
1635 2439 1692 2474 le·-

206 2485 372 2530 gionibus
393 2486 485 2521 bello
505 2485 671 2520 Armenio
689 2484 926 2528 incumbebat,
949 2484 1104 2530 reliquos
1127 2489 1243 2520 autem
1269 2485 1303 2519 ei
1319 2484 1487 2520 subditas·
1503 2486 1610 2520 urbes
1633 2486 1691 2520 in-

207 2531 407 2567 habitantes
438 2532 598 2578 graviter
629 2533 739 2567 fames
771 2531 940 2576 iuxtaque
964 2532 1074 2578 pestis
1098 2532 1327 2577 affligebant3
1363 2543 1405 2566 ac
1427 2532 1602 2566 innumeri
1624 2544 1692 2578 per

208 2578 329 2622 urbes,
354 2579 471 2624 plures
495 2579 599 2614 etiam
622 2591 688 2626 per
711 2589 816 2624 agros
839 2583 876 2612 et
899 2589 1010 2624 pagos
1033 2578 1211 2625 peribant,
1240 2583 1276 2613 et
1298 2589 1410 2624 prope
1435 2577 1595 2613 universi
1613 2589 1691 2614 cum

208 2622 449 2660 alimentorum
481 2626 626 2661 defectu
656 2630 729 2660 tum
752 2629 866 2671 ,peste
896 2625 1224 2671 exstinguebantur.
1271 2623 1404 2670 quippe
1435 2624 1499 2660 alii
1530 2625 1691 2669 gramine

210 2675 395 2705 vescentes
416 2671 585 2717 'corporis
617 2671 773 2706 habitum
804 2670 1005 2716 vitiabant,
1042 2670 1164 2717 itaque
1186 2682 1227 2706 sc
1249 2670 1467 2716 perdebant3
1497 2671 1559 2706 alii
1578 2671 1692 2707 macie

211 2716 420 2761 consumpti,
443 2718 575 2754 umbris
597 2724 813 2753 mortuorum
837 2717 1007 2753 assimiles
1032 2717 1115 2752 hinc
1135 2717 1221 2752 iude
1242 2717 1470 2763 delinquente
1487 2718 1603 2752 animo
1627 2719 1691 2753 ob-

212 2762 388 2806 errabant,
412 2763 677 2811 titubantesque
700 2765 738 2799 in
760 2763 888 2810 plateis
911 2764 1157 2800 concidebant.
1181 2763 1265 2799 inde
1288 2764 1381 2799 nuda
1399 2765 1572 2800 cadavera
1594 2776 1690 2799 com-

210 2806 332 2853 plures
354 2808 430 2842 dies
452 2811 651 2854 sepulturae
672 2810 834 2858 expertia
853 2811 1006 2857 sparsim
1032 2811 1195 2847 iacebant
1217 2823 1260 2846 ac
1281 2811 1518 2855 spectaculum
1538 2821 1690 2845 cernen-

211 2853 309 2888 tibus
344 2853 544 2892 miserabile
577 2856 809 2905 exhibebant,
843 2859 1015 2906 quaedam
1045 2858 1151 2895 etiam
1183 2869 1206 2893 a
1237 2857 1384 2894 canibus
1418 2857 1689 2906 diripiebantur.
