1742 3184
375 150 783 197 HISTORIARUM
816 149 1216 196 COMPENDIUM.
1487 149 1553 198 73

52 264 309 325 πορεύσομαι
337 267 381 311 ἓν
408 271 460 326 τῇ
486 266 732 327 ἀναστροφῇ
752 272 827 325 τῆς
846 269 1024 327 καρδίας
1041 285 1125 323 μου
1148 271 1224 325 τῆς
1247 270 1456 325 πονηρᾶς,
1485 268 1553 311 καὶ

52 337 138 394 ῧψέ
154 356 251 382 ποτε
271 337 514 395 μετανοῆσω
523 371 539 391 ‚
574 337 711 397 ὥσπερ
725 338 860 395 Ἀμώς
880 337 903 383 ὃ
923 343 998 382 τοῦ
1021 341 1254 395 Μανασσῆ.
1327 337 1392 382 διὸ
1416 339 1483 382 καὶ
1504 338 1552 382 τὸ

49 406 177 464 τάχος
201 406 508 467 ἓξωλόθρευσεν
529 408 655 452 αὐτὸν
679 407 702 453 ὃ
725 407 839 461 θεός.

181 477 273 522 ’Ότι
304 480 555 536 γεωμετρίαν
586 479 662 535 μὲν
690 478 916 537 ,Αἰγύπτιοι
942 482 1098 538 πρῶτοι
1123 479 1311 536 ἐξεῦρον,
1347 475 1552 536 ἀστρολο-

15 550 141 606 5γίαν
162 549 292 592 δὲκαὶ
312 551 646 606 γενεθλιαλογίαν
663 552 876 593 Χαλδαῖοι
888 581 909 603 ,-
929 549 1106 607 Ἄραβες
1125 551 1193 592 καὶ
1220 546 1384 608 Φρύγες
1405 550 1552 591 οἶωνο-

47 620 247 672 σκοπίαν,
275 623 392 671 θεοῖς
414 620 460 662 δὲ
482 619 603 664 θύειν
625 622 838 664 λἀλδαῖοι
868 620 946 664 εἴτ’
974 615 1047 664 οὖν
1073 618 1254 678 Κύπριοι
1293 619 1552 677 (διφοροῦν-

47 707 117 733 ται
136 688 239 747 γάρ,
269 688 393 741 ἔθνος
407 691 619 745 Περσικὸν
638 690 781 746 ὄντες)
791 723 805 744 ,
837 691 1114 748 ἀστρονομίαν
1132 691 1177 734 δὲ
1194 687 1459 744 Βαβυλώνιοι
1481 689 1551 732 διὰ

47 758 359 818 Ζωροάστρου,
393 761 437 812 ἐξ
466 754 523 804 ὧν
554 762 791 819 παρέλαβον
809 759 1034 818 Αἰγύπτιοι
1045 794 1059 814 ,
1094 762 1269 817 μαγείαν
1293 760 1338 803 δὲ
1357 762 1426 802 καὶ
1451 777 1551 816 γοη-

46 831 158 873 τειάν
186 832 256 873 καὶ
294 832 558 889 φαρμακείαν
588 834 739 888 Μῆδοι
770 833 838 875 καὶ
868 832 1047 890 Πέρσαι.
1118 831 1203 875 ἔστι
1230 831 1275 873 δὲ
1296 832 1447 887 μαγειά
1472 831 1548 884 μὲν
1571 839 1602 874 Β

0 901 255 957 [Οέπίκλησις
277 899 486 956 δαιμόνων
506 902 778 958 ἀγαθοποιῶν
801 904 933 957 δῆθεν
951 902 1056 960 πρὸς
1077 901 1245 959 ἀγαθοῦ
1263 901 1374 952 τινὸς
1392 899 1549 944 σι’-στα-

45 988 133 1023 σιν,
160 970 298 1030 ὥσπερ
319 971 371 1014 τὰ
391 976 467 1015 τοῦ
488 973 684 1024 Τυανέως
694 972 992 1016 Ἀπολλωνίου·
1021 974 1184 1029 γοητεία
1205 973 1249 1014 δὲ
1267 975 1449 1014 καλεῖται
1467 970 1547 1014 ἀπὸ

44 1046 128 1085 *nav
148 1040 258 1099 γόων
280 1043 348 1084 καὶ
371 1041 542 1099 θρήνων
565 1047 648 1086 τῶν
673 1045 764 1100 περὶ
787 1043 884 1094 τοὺς
904 1042 1063 1102 τάφους
1086 1050 1173 1094 τοῖς
1193 1042 1244 1085 τὰ
1265 1046 1438 1085 τοιαῦτα
1458 1043 1548 1084 ἐπι-

42 1110 263 1168 τηδεῦουσι
292 1113 533 1169 γινομένων·
564 1115 804 1172 φαρμακεία
841 1114 909 1166 δέ,
945 1113 1047 1156 ὅταν
1076 1113 1330 1156 ovone-vaula
1355 1116 1547 1168 θανατη-

45 1177 224 1241 ᾳόροςῇ
247 1181 352 1240 πρὸς
374 1183 546 1241 φίλτρον
571 1182 746 1228 δοθεΐσά
769 1202 848 1227 τιιιι
873 1182 944 1226 διὰ
971 1189 1045 1227 τυῦ
1066 1181 1285 1238 στόματος.

0 1262 35 1300 [5
178 1253 338 1296 Ἷστέον
370 1252 433 1296 ὅτι
463 1253 509 1296 τὸ
534 1254 695 1311 Φαραὼ
720 1254 855 1297 κοινὸν
877 1253 1009 1309 ὄνομα
1032 1252 1196 1296 πάντων
1218 1258 1300 1296 τῶν
1322 1249 1544 1309 Αῗγῦπτου

41 1322 248 1377 βασιλέων
270 1323 403 1376 ἐστίν,
435 1323 516 1366 ἀπὸ
534 1329 608 1367 τοῦ
627 1323 793 1382 πρώτου
820 1323 1005 1381 Φαραώ,
1042 1322 1179 1382 ὥσπερ
1199 1325 1267 1365 καὶ
1284 1325 1544 1377 Πτολεμαῖοι

40 1391 238 1450 ὕστερον,
276 1394 344 1436 καὶ
380 1393 620 1451 Αὕγουστοι
656 1394 695 1437 οἶ
728 1398 914 1449 βασιλεῖς
934 1391 1149 1450 Ῥωμαίων
1173 1393 1254 1436 ἀπὸ
1278 1398 1352 1435 τοῦ
1373 1390 1544 1449 Αὐγού-

39 1480 142 1506 στου
164 1463 397 1506 ἐκαλοῦντο.
467 1465 560 1523 ῗὸίῳ
583 1464 628 1506 δὲ
648 1462 820 1519 ὀνόματι
843 1465 1014 1516 ἕκαστος
1034 1466 1183 1522 ἐχρῆτο
1195 1496 1210 1516 ‚
1251 1462 1389 1521 ὥσπερ
1420 1465 1486 1505 καὶ
1522 1460 1544 1504 ὁ

40 1531 366 1591 σκληροκάρδιος
392 1526 512 1585 οὗτος
533 1534 694 1591 Φαραὼ
713 1532 1018 1587 Πετισσώνιος,
1055 1532 1113 1585 ὥς
1141 1534 1375 1590 ἱστοροῦσιν
1398 1533 1437 1576 οἱ
1459 1550 1542 1575 πα-
1566 1542 1600 1578 C

0 1604 171 1655 Ώλαιοί,
218 1605 309 1662 ἰδίῳ
347 1602 564 1659 ὠνόμαστο
596 1603 790 1660 ὀνόματι,
834 1604 881 1656 ὃς
907 1602 988 1647 ὑπὸ
1020 1610 1102 1647 τιῖον
1130 1601 1348 1659 θεηλάτων
1378 1607 1545 1659 πληγῶν

41 1672 432 1731 περιστατοῦμενος,
468 1676 526 1727 εἷς
555 1674 602 1718 τὸ
631 1674 879 1733 περιβόητον
902 1677 945 1718 ἓν
965 1675 1143 1734 ΠΙέμφει
1163 1680 1357 1729 μαντεῖον
1377 1672 1542 1730 γενόμε-

40 1761 112 1796 νος
151 1745 221 1787 καὶ
260 1742 499 1798 θυσιάσας,
546 1743 724 1789 ἐπύθετο
766 1745 882 1804 παρὰ
923 1749 997 1801 τῆς
1024 1746 1203 1796 Πυθίας
1235 1743 1344 1788 οὕτω
1373 1741 1548 1803 φάσκων

131 1877 156 1914 2
176 1873 291 1922 Ἀμών
313 1889 435 1925 margo
458 1878 489 1913 P
633 1878 678 1916 14
700 1874 726 1925 ἢ
752 1891 874 1927 margo
899 1878 928 1914 P

36 1993 156 2029 vivam
179 1996 372 2031 secundum
396 1995 504 2031 animi
527 1995 599 2032 mei
622 1997 727 2044 pravi
749 1996 904 2042 dictata,
931 2002 969 2032 et
992 1994 1101 2031 multo
1123 1998 1204 2042 post
1221 1999 1381 2042 tempore
1399 1995 1542 2031 tandem

35 2039 281 2089 resipiscam,”
312 2041 427 2089 qualis
463 2043 533 2078 fuit
563 2044 678 2080 Amon
709 2045 902 2081 Manassae
931 2043 1048 2089 filius,
1084 2054 1188 2089 quem
1214 2049 1409 2090 propterea
1433 2043 1542 2078 etiam

36 2088 125 2124 deus
148 2088 315 2125 celeriter
336 2090 509 2136 perdidit.

130 2159 376 2194 Geometriam
399 2160 505 2206 primi
527 2161 701 2209 Aegyptii
724 2161 959 2206 invenerunt,
983 2158 1212 2205 astrologiam
1237 2166 1275 2195 et
1298 2160 1539 2196 natalitiorum

34 2203 245 2241 iudiciorum
270 2213 383 2241 artem
406 2207 597 2255 Chaldaei,
620 2209 859 2255 auspiciorum
881 2209 1019 2244 Arabes
1044 2213 1079 2242 et
1101 2207 1280 2252 Phryges.
1328 2207 1398 2242 diis
1422 2207 1536 2242 sacri-

34 2251 147 2286 ficare
179 2252 356 2288 Chaldaei
388 2253 641 2302 instituerunt,
677 2256 756 2292 sive
782 2255 932 2303 Cyprii,
967 2267 1055 2302 gens
1079 2253 1249 2300 Persica,
1285 2254 1538 2289 astronomiam

33 2298 227 2345 Babylonii
243 2306 390 2335 auctore
406 2301 621 2338 Zoroastre:
645 2304 691 2339 ab
716 2303 771 2339 his
792 2302 965 2350 Aegyptii
986 2307 1214 2347 acceperunt.
1263 2300 1411 2346 magiam
1430 2313 1538 2348 prae-

35 2345 162 2391 stigias
186 2352 224 2382 et
245 2348 456 2383 veneficium
484 2350 584 2386 Medi
612 2356 650 2386 et
675 2350 824 2386 Persae.
874 2356 931 2386 est
954 2356 1070 2385 autem
1094 2347 1211 2393 magia
1236 2347 1418 2382 invocatio
1449 2349 1537 2383 dae..

32 2404 174 2428 monum
203 2394 470 2441 beneficorum,
506 2397 592 2433 boni
622 2397 773 2433 alicuius
806 2396 1021 2433 conciliandi
1045 2395 1182 2441 gratia,
1220 2394 1334 2440 qualis
1357 2395 1540 2440 Apollonii

33 2439 180 2485 Tyanei
204 2441 326 2486 goetia
358 2442 490 2488 (quam
509 2444 727 2491 praestigias
753 2445 883 2480 Latine
903 2444 1003 2489 dixi)
1038 2444 1083 2478 ab
1109 2441 1298 2476 eiulatibus
1324 2447 1362 2476 et
1383 2441 1538 2478 luctibus

32 2498 160 2522 nomen
193 2487 352 2534 habens,
390 2501 479 2535 quos
512 2492 556 2527 ad
584 2491 775 2539 sepulchra
798 2498 970 2527 exercent
993 2490 1054 2537 qui
1078 2489 1147 2524 ista
1171 2494 1340 2523 tractant·
1396 2490 1538 2524 venefi-

30 2534 124 2590 cium
154 2540 230 2582 est,
267 2547 346 2572 cum
380 2548 449 2585 per
481 2549 521 2573 os
555 2538 664 2575 alicui
691 2539 870 2586 ingeritur
897 2542 1098 2585 temperata
1128 2535 1245 2571 letalis
1279 2540 1342 2571 aut
1364 2536 1539 2573 amatoria

28 2586 146 2627 potio.

124 2650 322 2688 Pharaonis
354 2665 483 2689 nomen
518 2654 670 2691 omnium
704 2656 865 2703 Aegypti
895 2665 1018 2700 regum
1051 2663 1234 2688 commune
1264 2657 1341 2697 est,
1377 2664 1399 2688 a
1422 2653 1538 2700 primo

29 2696 239 2745 Pharaone,
271 2699 366 2736 sicut
394 2701 502 2736 etiam
534 2702 731 2739 Ptolemaei
755 2716 797 2739 ac
819 2701 973 2749 Augusti
997 2701 1236 2735 Romanorum
1263 2711 1368 2745 reges
1392 2702 1437 2736 ab
1460 2701 1538 2736 Au-

28 2750 136 2790 gusto
169 2745 389 2783 denominati
421 2755 517 2784 sunt.
580 2749 707 2786 habuit
738 2756 855 2786 autem
888 2749 996 2785 etiam
1026 2746 1209 2794 proprium
1242 2758 1369 2781 nomen
1401 2748 1536 2794 quivis.

30 2798 142 2837 atque
165 2792 250 2828 huic
273 2794 455 2830 obstinato
490 2796 673 2832 Pharaoni
707 2810 833 2833 nomen
865 2796 978 2831 fuisse
1003 2794 1208 2829 Petissonio
1240 2793 1378 2840 antiqui
1412 2795 1537 2840 perhi-

30 2838 131 2873 bent.
181 2839 243 2886 qui
268 2852 347 2876 cnm
369 2842 543 2878 divinitus
566 2843 734 2881 immissis
769 2842 1029 2880 calamitatibus
1052 2847 1151 2877 esset
1170 2841 1432 2876 circumventus
1446 2869 1456 2887 ,
1490 2842 1535 2876 ad

30 2885 151 2922 nobile
188 2887 368 2924 oraculum
400 2890 496 2938 quod
528 2891 686 2939 Memphi
719 2898 798 2928 erat
821 2902 862 2927 se
885 2888 1058 2934 contulit;
1096 2887 1282 2937 sacrisque
1311 2893 1480 2936 operatus
1514 2900 1536 2925 a
