1742 3184
378 175 776 221 HISTORIARUM
815 175 1209 223 COMPENDIUM.
1431 178 1528 227 173

56 290 258 349 λήψομαι.
326 295 532 350 σκῆπτρον
549 288 594 335 (ἐν
614 289 736 342 δώσω
757 309 823 336 σοι
845 290 915 335 διὰ
937 291 1082 347 Δαβὶδ
1097 291 1169 336 τὸν
1189 290 1336 337 δοῦλόν
1355 311 1438 350 μου
1460 296 1529 339 καὶ

55 364 124 406 διὰ
148 363 222 417 τὴν
243 363 455 416 βασιλείαν
480 361 529 417 ἣν
553 360 836 417 ἒξελεξάμην.”

181 430 453 475 >laos-avam
485 432 529 474 δὲ
555 436 614 490 τῷ
632 432 773 485 Δαβὶδ
797 432 958 487 ἐποίησε
980 434 1178 486 Σολομῶν
1198 438 1392 488 μνημεῖον
1415 434 1531 492 παρὰ

46 505 111 558 τῷ
139 501 310 555 Σιλωὰμ
344 501 545 558 ἀντρῶδες
577 501 646 544 διὰ
676 499 865 555 βάθους,
901 502 1003 559 πρὸς
1032 501 1079 544 τὸ
1106 501 1166 556 μὴ
1192 499 1373 558 ὁρᾶσθαι
1395 520 1530 559 μεμη-

19 569 292 625 5χανημένον.
361 568 644 628 συγκατώρυξε
671 571 717 613 δὲ
745 575 804 629 τῷ
833 573 957 628 πατρὶ
982 573 1047 613 καὶ
1067 572 1242 627 χρυσίου
1269 573 1425 623 πολλὰς
1446 590 1530 628 μυ-

51 638 199 697 ριάδας
209 671 224 691 ,
259 637 317 690 ὥς
339 637 543 695 Ἰώσηπός
572 657 710 698 φησιν.
780 641 865 683 ἐκεῖ
876 642 943 683 καὶ
964 641 1087 692 αὐτὸς
1106 638 1128 682 ὅ
1148 643 1345 696 Σολομῶν
1363 642 1530 685 ἀποθα-

48 709 131 752 νὼν
158 707 317 766 ἐτάφη-
373 711 475 766 φασὶ
509 710 553 752 δὲ
585 711 654 752 καὶ
678 706 880 766 εΥρκανὸν
904 708 1071 767 ὕστερον
1094 709 1169 757 τὸνι
1185 710 1318 768 ἱερέα,
1353 716 1427 767 τῆς
1451 710 1530 755 πό-

49 783 150 828 λεως
180 779 541 836 πολιορκουμένης,
577 779 738 830 ἀνοῖξαι
769 779 815 822 τὸ
841 787 1036 835 μνημεῖον
1054 781 1122 822 καὶ
1140 785 1298 837 χρυσοῦ
1321 783 1523 839 τρισχίλια
1546 788 1579 823 D

47 847 228 891 τάλαντα
243 848 399 891 ε’κεῖθεν
417 849 661 905 ἐκφορῆσαι.
697 848 802 894 ἀλλὰ
820 851 886 891 καὶ
899 847 1093 907 ςΗρώδην
1109 849 1202 904 μετ’
1222 849 1345 892 αὐτὸν
1365 851 1528 903 ἀνοῖξαι

0 918 122 973 ιομέν
152 917 224 960 τὸν
253 915 410 975 τάφον,
439 917 636 974 χρήματα
668 919 713 961 δὲ
740 918 799 973 μὴ
831 916 976 975 εὖρεῖν·
1012 918 1166 974 κόσμον
1189 920 1233 962 δὲ
1250 924 1432 977 χρυσοῦν
1456 922 1526 964 καὶ

47 984 235 1042 κειμήλια
268 985 491 1041 πάμπολλα
522 991 666 1030 τοῦτον
693 987 911 1031 ἀνελέσθαι
944 989 1172 1046 ἱστοροῦσι,
1207 990 1453 1047 πειραθέντα
1478 991 1525 1033 δὲ

48 1057 115 1099 καὶ
137 1056 331 1113 ἐνδοτέρω
348 1064 498 1113 χωρεῖν
517 1058 614 1114 πυρὶ
637 1059 913 1112 ἐπισχεθῆναι.

177 1124 479 1176 Ἀποθανόντος
518 1127 562 1168 δὲ
598 1131 675 1169 τοῦ
707 1129 976 1181 Σολομῶντος
997 1124 1179 1181 Ῥοβοὰμ
1210 1127 1283 1182 τὴν
1309 1130 1522 1182 βασιλείαν

46 1194 287 1249 διαδέχεται.
354 1197 422 1238 καὶ
445 1194 568 1246 αὐτὸς
586 1195 770 1251 ἀπῆλθεν
786 1198 842 1247 εἷς
861 1198 1012 1251 Σίκιμα
1022 1228 1036 1248 ,
1071 1195 1133 1239 ὅτι
1152 1196 1238 1238 ε’κεῖ
1252 1202 1332 1248 πᾶς
1347 1197 1522 1254 Ἰσραὴλ,

0 1271 34 1311 [6
48 1263 229 1322 ἀπῄεσαν
246 1268 319 1307 τοῦ
337 1268 580 1319 βασιλεῦσαι
597 1263 741 1308 αὐτόν·
773 1268 839 1308 καὶ
858 1264 1050 1321 ἐλάλησεν
1069 1263 1091 1308 ὅ
1112 1265 1211 1316 λαὸς
1227 1267 1329 1324 πρὸς
1340 1265 1522 1323 Ῥοβοάμ

39 1331 79 1376 ‘5
99 1332 234 1390 πατήρ
253 1350 329 1377 σου
349 1332 519 1390 ἐβάρυνε
540 1334 609 1377 τὸν
630 1335 769 1378 κλοιὸν
792 1332 929 1389 ἡμῶν,
957 1337 1023 1377 καὶ
1045 1335 1096 1378 σὺ
1119 1340 1188 1378 νῦν
1206 1334 1427 1393 κούφισον,
1454 1339 1523 1379 καὶ

44 1402 315 1457 δουλεύσομέν
348 1402 445 1446 σοι.’
515 1405 584 1446 καὶ
611 1401 715 1446 εἶπεν
744 1402 765 1446 ὃ
791 1403 986 1458 βασιλεύς
1013 1402 1231 1447 ςἀπέλθετε
1257 1406 1333 1456 ἕως
1360 1404 1523 1463 ἡμερῶν

41 1476 187 1529 τριῶν·
216 1471 520 1529 ἀναστρέψατε,
547 1475 614 1514 καὶ
634 1471 801 1528 λαλήσω
820 1471 949 1527 ὖμΐν.’
1020 1476 1088 1516 καὶ
1112 1472 1324 1530 ἀπήγγειλε
1342 1473 1522 1531 Ῥοβοὰμ
1546 1484 1575 1520 Ρ
1599 1485 1646 1522 99

42 1548 126 1592 τοῖς
144 1541 434 1599 πρεσβυτέροις
450 1541 496 1584 τὸ
517 1541 629 1599 ῥῆμα
651 1547 726 1584 τοῦ
750 1546 865 1584 λαοῦ.
933 1544 1000 1585 καὶ
1034 1543 1149 1585 αὐτοὶ
1183 1541 1293 1586 εἶπον
1322 1542 1396 1595 ‘u‘zg
1423 1544 1526 1603 ᾐτή-

0 1609 169 1659 ιοσαντό
199 1627 244 1654 σε
277 1609 479 1666 ποιήσεις,
524 1613 592 1654 καὶ
627 1611 742 1654 αὐτοὶ
773 1613 918 1654 δοῦλοί
949 1628 1024 1655 σου
1059 1610 1195 1662 πάσας
1226 1613 1302 1663 τὰς
1333 1612 1521 1672 ἧμέρας.’

41 1682 110 1723 καὶ
141 1678 489 1734 συνεβουλεύσατο
516 1681 621 1735 μετὰ
651 1685 732 1723 τῶν
758 1682 987 1738 παιδαρίων
1009 1686 1090 1724 τῶν
1114 1681 1386 1738 παρεστώτων
1410 1684 1524 1742 αὐτῷ

40 1751 132 1807 περὶ
157 1748 329 1803 τούτου,
364 1751 432 1792 καὶ
462 1749 577 1792 αὐτοὶ
608 1748 719 1792 εἶπον
748 1748 946 1806 ’λάλησον
968 1754 1025 1809 τῷ
1046 1754 1135 1809 λαῷ
1156 1750 1299 1802 οὕτως.
1368 1749 1395 1808 ἡ
1423 1770 1521 1807 σμι-

39 1818 187 1878 κρότης
206 1835 289 1875 μου
310 1819 520 1878 παχυτέρα
542 1820 626 1863 ἐστὶ
646 1823 719 1875 τῆς
740 1819 898 1878 ὀσφύος
916 1824 990 1863 τοῦ
1008 1818 1163 1879 πατρός
1175 1837 1272 1876 μου.
1343 1818 1365 1864 ὅ
1385 1821 1520 1880 πατήρ

39 2000 135 2033 esset
155 1997 334 2043 facturus,
358 2008 474 2043 neque
496 2003 609 2034 totum
629 2009 775 2044 regnum
800 1998 1000 2044 ablaturus,
1025 1998 1087 2034 sed
1110 2010 1215 2035 unam
1238 1998 1369 2035 tribum
1392 2004 1517 2047 poste-

35 2044 88 2080 ris
111 2044 187 2080 eius
211 2045 378 2090 daturus,
404 2045 535 2079 Davidi
561 2057 668 2080 causa
689 2045 786 2080 servi
812 2045 868 2081 sui
892 2052 929 2081 et
953 2046 1088 2080 electae
1111 2058 1133 2080 a
1155 2059 1195 2081 se
1218 2046 1330 2081 urbis.

127 2090 215 2126 Vita
245 2092 366 2126 functo
396 2091 530 2126 Davidi
563 2092 757 2137 sepulcrum
782 2093 949 2128 Solomon
971 2093 1064 2139 apud
1085 2092 1275 2127 Siloamum
1299 2091 1517 2139 aedificavit,

34 2142 147 2174 totum
170 2137 209 2172 in
230 2149 358 2184 specus
381 2138 529 2173 formam
554 2139 739 2184 effectum,
771 2151 817 2174 ne
847 2145 943 2174 esset
966 2139 1204 2185 conspicuum.
1252 2144 1288 2173 et
1313 2150 1389 2173 cum
1414 2145 1517 2186 patre

37 2196 114 2220 eum
136 2183 189 2219 ibi
212 2183 392 2220 defodisse
414 2184 520 2219 multa
546 2185 756 2221 talentorum
780 2186 858 2221 auri
885 2186 982 2221 milia
1003 2185 1174 2230 Iosephus
1198 2185 1336 2220 scribit.
1384 2185 1517 2220 ibidem

36 2237 74 2267 et
96 2230 263 2266 Solomon
288 2230 387 2265 obita
415 2237 527 2266 morte
559 2231 718 2278 sepultus
743 2238 810 2268 est.
858 2233 1048 2279 perhibent
1071 2237 1195 2278 postea
1218 2231 1388 2277 temporis
1416 2232 1518 2278 Hyr-

35 2288 158 2312 canum
182 2277 405 2323 pontificem,
441 2289 518 2312 cnm
551 2280 635 2313 urbs
662 2278 846 2314 obsidione
871 2285 1109 2325 premeretur,
1146 2283 1269 2323 aperto
1294 2284 1516 2314 monumento

35 2323 112 2360 auri
135 2324 271 2359 talenta
293 2328 349 2358 ter
370 2323 465 2358 mille
489 2323 572 2359 inde
595 2331 816 2372 exportasse.
864 2332 947 2372 post
977 2325 1070 2359 hunc
1098 2325 1276 2360 Herodem
1309 2324 1402 2359 idem
1434 2330 1516 2360 ten-

33 2376 166 2407 tantem
188 2370 361 2416 pecuniae
378 2370 466 2405 nihil
484 2370 663 2406 invenisse
675 2398 684 2415 ‚
709 2373 773 2407 sed
791 2384 899 2408 aurea
918 2376 1121 2407 ornamenta
1144 2377 1251 2416 atque
1273 2371 1430 2416 reposita
1449 2371 1516 2414 do-

33 2416 337 2499 narijabpermulta
366 2416 576 2461 abstulisse3
610 2417 831 2465 interiusque
856 2424 1047 2465 penetrare
1074 2428 1278 2463 aggressum
1305 2417 1379 2463 igni
1403 2417 1516 2453 fuisse

56 2476 97 2500 ro
123 2464 136 2500 i
160 2469 260 2499 ltum.

31 2477 55 2548 Ι.)
125 2510 307 2546 solomoni
331 2510 532 2545 Roboamus
556 2510 740 2547 successit.
789 2523 886 2557 eum,
923 2523 1000 2546 cum
1026 2511 1070 2546 ad
1094 2509 1237 2545 comitia
1256 2509 1379 2565 populi
1395 2521 1517 2556 regem

32 2557 148 2604 ipsum
171 2557 384 2593 declaraturi
411 2556 607 2592 Sichemam
632 2558 811 2603 venisset,
842 2558 991 2613 populus
1015 2557 1158 2602 rogavit
1182 2557 1234 2592 uti
1257 2568 1396 2602 lugum,
1422 2557 1517 2603 quod

34 2604 88 2639 eis
125 2609 229 2650 pater
256 2603 370 2651 ipsius
402 2608 656 2649 affirmasset,
690 2604 848 2640 levaret:
894 2611 948 2640 xta
984 2616 1023 2639 se
1062 2608 1207 2649 paratos
1241 2615 1320 2639 esse
1354 2603 1400 2638 ad
1438 2614 1516 2639 ser-

33 2651 201 2685 viendum
232 2650 316 2696 ipsi.
363 2650 566 2686 Roboamus
599 2651 783 2687 discedere
816 2650 946 2698 populo
977 2656 1083 2696 atque
1110 2649 1227 2685 triduo
1255 2654 1336 2696 post
1353 2650 1399 2686 ad
1419 2651 1516 2686 acci-

29 2697 195 2743 piendum
216 2708 422 2743 responsum
445 2697 564 2732 redire
585 2697 702 2743 iusso,
726 2698 849 2744 populi
872 2696 1047 2744 postulata
1065 2707 1141 2731 cum
1158 2695 1303 2732 senibus
1322 2696 1514 2732 communi-

31 2743 140 2779 cavit.
187 2743 216 2778 ii
247 2743 498 2779 consuluerunt
520 2743 574 2778 uti
597 2745 727 2791 populo
750 2757 881 2780 morem
903 2748 1064 2789 gereret,
1099 2743 1152 2778 ita
1174 2754 1252 2779 eum
1274 2744 1339 2778 sub
1362 2755 1402 2778 se
1425 2755 1511 2790 per-

57 2794 138 2825 etuo
161 2790 375 2826 habiturum.
423 2789 573 2826 consulti
597 2790 701 2826 etiam
725 2803 747 2827 a
773 2803 859 2836 rege
883 2788 1157 2834 adolescentuli,
1191 2800 1281 2836 quos
1314 2789 1445 2825 circum
1469 2803 1511 2826 se

54 2837 162 2872 abere
193 2837 354 2881 solebat,
388 2836 523 2872 hortati
549 2848 627 2871 eum
652 2843 736 2873 aunt
758 2842 796 2873 ut
819 2836 950 2883 populo
974 2836 1027 2871 sic
1049 2837 1303 2882 responderet,
1338 2836 1509 2873 tenuissi-

29 2893 118 2918 mam
142 2883 200 2920 sui
219 2883 378 2931 corporis
402 2888 539 2930 partem
563 2883 771 2921 crassiorem
788 2883 916 2919 lumbis
940 2882 1097 2930 paternis
1121 2895 1213 2920 esse.
1259 2887 1396 2931 patrem
1419 2883 1509 2929 ipsis
