1742 3184
234 200 335 252 438
446 252 447 255 ,
595 243 598 246 .
716 204 959 251 GEORGII
993 205 1241 251 GEDRENI

234 318 416 379 γῦρευσε.
486 323 557 366 καὶ
578 318 734 377 στήσας
750 321 798 365 τὸ
819 318 966 365 ἑαυτοῦ
988 318 1156 364 εἴδωλον
1181 320 1224 365 ἐν
1248 324 1308 381 τῷ
1332 324 1441 382 ναῷ,
1479 323 1600 365 οἰκεῖν
1618 319 1715 365 Ἔλ-

236 395 362 447 ληνας
389 390 433 434 ἐν
457 395 509 449 τῇ
541 389 656 435 πόλει
687 390 924 449 προσέταξε.
994 396 1161 446 σημεῖον
1193 390 1238 435 δὲ
1267 391 1400 448 γε’γονε
1428 395 1502 446 τῆς
1526 389 1716 442 ἁλώσεως

237 461 366 504 αὐτοῦ
401 458 457 511 ὥς
489 460 536 504 τὸ
566 466 641 504 τοῦ
672 463 940 515 Σολομῶντος
981 467 1146 516 σημεῖον
1183 458 1417 516 αὐτόματον
1452 463 1715 516 διαλυθῆναι.

238 531 419 586 Σίμηλον
439 530 488 573 δέ
501 547 593 574 τινα
614 529 656 573 ἕν
674 548 718 574 τε
746 528 942 588 φρονήσει
970 532 1038 573 καὶ
1059 531 1247 591 ἐπιεικείᾳ
1266 532 1334 573 καὶ
1362 530 1526 587 ἀρεταῖς
1544 534 1716 581 πολλαῖς

235 600 536 656 κεκοσμημένον
557 597 664 643 πάνυ
684 600 816 655 ἐτίμα,
851 601 919 646 καὶ
939 600 980 643 ἐν
996 599 1153 658 μεγάλῃ
1175 602 1282 657 ἀρχῇ
1302 600 1544 656 κατέστησεν
1567 598 1742 648 αὖτόν·5

184 673 218 709 D
243 667 337 713 ἀλλ’
362 669 430 712 ἐπ’
456 668 591 726 ὀλίγον
611 674 686 726 τῆς
709 669 839 728 ἀρχῆς
858 668 1067 727 κρατήσας
1090 669 1242 725 ἀπέστη
1261 670 1389 725 αὐτῆς
1397 701 1410 722 ,
1453 670 1522 712 καὶ
1544 670 1586 711 ἐν
1603 669 1718 727 ἀγρῷ

236 736 341 783 ἔπτὰ
369 737 438 795 ἴτη
471 740 697 796 διατρίψας
725 737 992 795 ἐτελεύτησεν,
1035 740 1311 798 ἐπιγραφῆναι
1331 737 1565 796 προστάξας
1593 739 1634 782 ἐν
1658 742 1718 798 τῷ

234 809 419 867 μνημείῳ
450 807 579 852 αὐτοῦ
603 806 816 865 “Σί,ιιηλος
834 810 1019 852 ἐνταῦθα
1038 806 1271 852 κατάκειται
1292 807 1450 863 βιώσας
1465 809 1541 864 μὲν
1561 807 1629 864 ἔτη
1653 839 1666 851 .
1679 838 1691 850 .
1702 840 1716 861 ,

236 876 362 933 ζήσας
385 878 430 921 δὲ
450 876 601 921 ἕπτά.”
672 873 792 930 οὗτος
816 878 1028 937 Ἀδριανὸς
1043 878 1178 937 χρέων
1201 877 1370 938 ὄφειλὰς
1391 883 1472 921 τῶν
1491 876 1567 920 ὕπ’
1592 877 1718 921 αὐτὸν

235 945 392 992 πόλεων
411 948 482 991 καὶ
501 950 678 991 πολιτῶν
704 952 761 1007 τῷ
787 950 973 1008 δημοσίῳ
997 946 1103 1006 λόγῳ
1124 946 1356 1004 ἀνηκούσας
1372 948 1579 1003 ἀπέκοψε,
1614 945 1742 993 nab-1

235 1033 313 1068 σας
329 1017 425 1068 τοὺς
445 1014 621 1075 χάρτας.
695 1015 873 1062 Νίκαιάν
895 1035 939 1062 τε
961 1019 1028 1061 καὶ
1048 1015 1331 1074 Νικομήδειαν
1354 1022 1509 1076 σεισμῷ
1538 1018 1719 1060 πτωθεί-

237 1103 314 1137 σας
335 1085 597 1143 ἀνεκτήσατο.
666 1087 731 1130 ἐπὶ
751 1086 897 1131 τούτου
921 1088 1136 1138 Ἰουστῖνος
1157 1086 1178 1132 ὃ
1198 1085 1428 1146 φιλόσοφος
1449 1086 1555 1129 κατὰ
1575 1091 1719 1129 πασῶν

236 1155 431 1213 αἱρέσεων
458 1155 689 1214 ἠνδριζετο·
744 1154 799 1208 ὥς
826 1154 905 1215 γάρ
938 1173 1040 1215 φησι
1070 1156 1246 1213 Κλήμης
1278 1155 1300 1201 ὃ
1333 1154 1618 1214 στρωματεύς,
1654 1157 1719 1199 ἐπὶ

229 1223 447 1283 Ἀδριανοῦ
472 1223 656 1284 ὑπῆρχον
685 1226 944 1284 αἱρεσιῶται,
991 1227 1135 1284 ἐχθροὶ
1159 1231 1234 1282 τῆς
1260 1230 1343 1270 τῶν
1365 1228 1629 1286 Χριστιανῶν
1652 1226 1720 1268 πί-

86 1297 116 1331 Ρ
141 1297 212 1334 250
241 1311 391 1347 στεως,
439 1297 685 1354 Σατορνῖνος
713 1298 960 1352 Βασιλείδης
990 1298 1059 1339 καὶ
1085 1294 1403 1355 Καρποκράτης.
1470 1293 1644 1351 θνήσκει
1675 1295 1742 1341 δὲ]

229 1363 445 1422 Ἀδριανὸς
472 1366 548 1425 βίᾳ
576 1369 650 1420 τῆς
679 1363 824 1418 νόσου,
862 1365 1022 1423 κράζων
1050 1361 1115 1408 “cd
1145 1369 1252 1418 Ζεῦ,
1298 1363 1426 1410 πόσον
1455 1363 1581 1408 κακόν
1613 1366 1721 1408 ἐστιν

236 1432 521 1488 ἐπιθυμοῦντά
548 1452 641 1478 τινα
671 1434 895 1478 ἀποθανεῖν
923 1437 991 1478 καὶ
1021 1435 1080 1491 μὴ
1111 1433 1367 1492 τυγχάνειν.”
1448 1439 1644 1478 τελευτῶν
1676 1434 1722 1477 δὲ

237 1504 531 1561 προχειρίζεται
546 1502 804 1548 Ἀντωνῖνον·
838 1503 1153 1560 τελευτήσαντος
1172 1505 1251 1563 γὰρ
1275 1507 1487 1563 Τραϊανοῦ
1514 1503 1720 1548 ἐπλάσατο

237 1572 454 1628 ἐπιστολὴν
475 1571 531 1624 ὥς
550 1575 679 1629 δῆθεν
697 1572 792 1631 παρ’
818 1575 945 1617 αὐτοῦ
964 1581 1192 1633 γραφεῖσαν
1209 1574 1313 1632 πρὸς
1332 1573 1406 1630 τὴν
1422 1572 1591 1629 βουλήν,
1616 1572 1722 1617 ἔνθα

235 1640 325 1683 υἱὸν
345 1643 414 1684 καὶ
433 1640 626 1697 διάδοχον
645 1648 719 1698 τῆς
735 1644 946 1697 βασιλείας
963 1642 1186 1698 ὠνόμασεν.
1729 1653 1742 1688 Ξ

369 1710 602 1762 Ἀντωνῖνος
632 1710 653 1753 ὃ
686 1712 855 1766 εὐσεβὴς
882 1714 1139 1767 ἐβασίλευσεν
1167 1711 1235 1767 ἔτη
1263 1709 1341 1764 κδ’,
1385 1710 1641 1768 ὐἷοποιηθεὶς
1661 1715 1722 1771 τῷ

229 1776 446 1840 Ἀδριανῷ,
480 1781 549 1823 καὶ
567 1784 730 1838 πρῶτος
749 1780 1012 1840 αὐτοκράτωρ
1032 1781 1201 1838 εὐσεβὴς
1224 1778 1429 1838 ἐπεκλήθη
1443 1794 1456 1807 ·
1482 1786 1621 1826 πᾶσαν
1640 1781 1720 1840 γὰρ

329 1887 354 1923 3
374 1888 555 1934 μνημεῖον
579 1890 684 1925 alias.
714 1901 835 1936 margo
856 1889 887 1924 P

237 1991 307 2026 que
330 1979 460 2026 templo
485 1992 550 2016 sua
575 1985 693 2017 statua
716 1981 845 2028 posita,
867 1982 988 2017 urbem
1011 1983 1173 2018 Graecos
1195 1982 1360 2018 habitare
1381 1982 1499 2018 iussit.
1546 1983 1720 2019 excidium

237 2025 307 2060 hoc
329 2027 428 2062 urbis
455 2028 638 2074 portendit
660 2033 787 2075 sponte
811 2040 876 2063 sua
899 2029 1084 2064 disiectum
1111 2029 1310 2064 Solomonis
1334 2029 1595 2065 monimentum.
1641 2031 1721 2077 plu-

236 2072 327 2108 rimo
367 2073 503 2111 honore
541 2074 663 2110 affecit
689 2075 866 2110 Adrianus
901 2076 1068 2111 Simelum
1105 2077 1278 2122 quendam
1314 2075 1502 2122 prudentia
1540 2077 1724 2123 aequitate

236 2119 426 2166 multisque
456 2120 649 2156 virtutibus
680 2127 839 2156 ornatum
862 2122 995 2168 virum,
1028 2135 1176 2169 eumque
1200 2125 1245 2158 ad
1267 2134 1428 2169 magnam
1450 2123 1572 2159 evexit
1594 2129 1724 2170 poten-

237 2165 338 2202 tiam.
371 2168 435 2203 sed
458 2167 611 2204 Simelus
635 2180 706 2203 non
729 2168 791 2203 diu.
809 2174 909 2214 gesto
935 2169 1085 2215 imperio
1108 2181 1168 2205 rus
1188 2181 1227 2205 se
1247 2169 1408 2214 contulit,
1432 2169 1554 2216 ibique
1576 2175 1724 2216 septen-

237 2212 334 2247 nium
357 2214 520 2259 privatus
545 2226 622 2249 cum
645 2214 814 2258 vixisset,
843 2219 999 2251 mortuus
1024 2221 1099 2262 est,
1123 2228 1200 2252 cum
1225 2217 1365 2262 quidem
1391 2216 1554 2252 iussisset
1574 2228 1638 2251 suo
1663 2229 1723 2252 se-

236 2258 361 2304 pulcro
385 2260 474 2296 haec
496 2260 644 2297 inscribi
675 2257 849 2297 “Simelus
874 2262 932 2296 hic
956 2268 1011 2297 est
1033 2264 1143 2308 situs,
1177 2263 1238 2309 qui
1273 2275 1387 2298 annos
1420 2263 1548 2298 aetatis
1571 2263 1723 2308 adeptus

238 2305 368 2340 multos
400 2318 472 2342 non
504 2308 574 2343 nisi
607 2312 744 2355 septem
777 2321 888 2344 annos
922 2307 1051 2344 vixit.''
1095 2310 1188 2345 idem
1215 2309 1390 2345 Adrianus
1419 2321 1497 2345 cum
1528 2309 1725 2346 audivisset

237 2352 411 2398 rationes,
434 2359 602 2399 quantum
627 2361 663 2390 et
685 2357 793 2390 urbes
815 2360 852 2390 et
874 2356 971 2391 cives
996 2357 1135 2392 aerario
1159 2357 1344 2401 deberent,
1371 2355 1487 2394 omnia
1508 2356 1580 2391 ista
1602 2356 1725 2392 debita

236 2398 345 2434 iussis
364 2400 515 2437 cremari
541 2401 674 2438 chartis
694 2402 920 2437 condonavit.
967 2403 1138 2438 Nicaeam
1166 2409 1203 2438 et
1224 2402 1467 2438 Nicomediam
1488 2407 1609 2438 terrae
1626 2408 1724 2438 motu

237 2444 395 2483 deiectas
425 2448 566 2484 refecit.
616 2461 658 2484 eo
682 2448 878 2496 imperante
903 2449 1057 2485 Iustinus
1079 2450 1310 2496 philosophus
1332 2449 1478 2485 fortiter
1499 2450 1660 2484 omnibus
1683 2461 1724 2484 se

237 2490 445 2528 haeresibus
469 2494 650 2541 opposuit.
699 2507 776 2530 nam
801 2501 840 2530 ut
863 2495 1023 2531 Clemens
1046 2497 1177 2540 tradit,
1214 2496 1276 2543 qui
1298 2506 1321 2530 a
1343 2496 1555 2543 scriptorum
1581 2507 1724 2531 suorum

238 2539 410 2575 materiae
440 2541 619 2576 varietate
653 2542 873 2577 stromateus
909 2549 1118 2590 usurpatur,
1162 2542 1334 2578 haeretici
1369 2554 1411 2577 eo
1445 2547 1605 2590 tempore
1637 2542 1723 2577 fidei

239 2584 466 2622 Christianae
487 2587 620 2623 infensi
643 2594 767 2634 erant,
790 2589 1001 2624 Saturninus
1024 2590 1201 2625 Basilides
1224 2594 1260 2624 et
1283 2589 1533 2634 Carpocrates.
1580 2590 1723 2624 morbus

237 2630 429 2668 Adrianum
452 2634 613 2680 necavit,
640 2647 716 2671 cum
734 2647 821 2681 prae
843 2635 882 2670 vi
903 2636 978 2671 eius
1001 2637 1234 2671 exclamasset
1251 2632 1299 2670 “o
1322 2635 1504 2682 Iuppiter,
1529 2646 1633 2681 quam
1655 2635 1722 2670 mi-

238 2687 354 2712 serum
378 2685 433 2714 est
456 2686 626 2726 expetere
647 2688 795 2717 mortem
813 2694 927 2728 neque
953 2683 1030 2718 voti
1051 2684 1132 2718 fieri
1155 2679 1388 2728 compotem-'⁵
1435 2682 1587 2716 moriens
1606 2682 1721 2716 Anto-

241 2722 361 2759 ninum
382 2725 453 2761 sibi
476 2727 629 2763 suffecit.
678 2729 835 2764 Traiano
872 2729 964 2764 enim
995 2735 1132 2765 mortuo
1162 2728 1343 2775 epistolam
1376 2728 1529 2763 finxerat
1559 2733 1724 2774 tanquam

243 2769 286 2802 ab
319 2769 396 2814 ipso
429 2773 596 2820 scriptam
626 2775 672 2810 ad
704 2781 881 2820 senatum,
919 2787 990 2822 qua
1023 2788 1102 2811 eum
1130 2776 1240 2811 filium
1272 2781 1310 2810 et
1338 2786 1579 2810 successorem
1602 2774 1721 2810 deela-

240 2821 351 2850 raret.

240 2903 250 2912 .
331 2861 527 2900 Antoninus
550 2866 740 2914 imperavit
763 2879 873 2903 annos
896 2867 961 2914 24,
997 2869 1184 2915 adoptatus
1210 2868 1253 2903 ab
1275 2866 1449 2904 Adriano.
1496 2866 1556 2901 hic
1587 2866 1721 2921 primus

239 2913 487 2952 nuperatorum
510 2911 599 2957 Pius
632 2919 688 2950 est
717 2914 983 2961 cognominatus
1010 2917 1056 2952 ob
1091 2914 1203 2951 omnis
1224 2914 1367 2960 generis
1389 2913 1562 2960 virtutes,
1593 2915 1721 2960 qulbus
