1742 3184
192 170 296 221 666
677 177 920 223 GEORGII
955 177 1204 222 CEDRENI

194 309 337 351 ρησαν,
373 294 456 336 δεῖν
474 290 671 351 ᾠήθημεν
682 286 802 348 Ιὀλίγα
821 293 911 348 περὶ
930 289 1077 335 τούτου
1096 292 1198 351 πρὸς
1218 293 1368 346 αὐτοὺς
1385 296 1508 339 εἷπεΐν
1530 295 1671 349 οὕτως.

142 377 154 394 ·
190 357 226 406 ὦ
244 361 409 419 ἀνόητοι
424 364 490 406 καὶ
509 362 635 418 μόνον
654 361 803 411 εἰδότες
820 369 1102 420 συκοφαντεῖν,
1123 367 1210 414 πῶς
1224 366 1280 415 εἲς
1293 369 1411 409 τοῦτο
1430 365 1671 424 παρήχθητε

188 430 353 489 γνώμης
373 434 441 475 καὶ
461 431 662 487 τοσαύτην
681 429 920 486 νενοσήκατε
941 434 1115 488 plurim,-
1160 433 1240 476 ἔδει
1259 434 1338 492 γὰρ
1361 439 1506 492 σαφῶς
1524 437 1670 479 ἐννοεῖν

187 501 249 545 ὅτι
274 502 420 558 σχεδὸν
440 500 548 552 ἅπας
569 501 665 557 ἡμῖν
683 499 705 542 ὃ
725 498 827 558 ὑπὲρ
849 505 923 556 τῆς
942 502 1113 554 πίστεως
1132 503 1240 559 ἀγὼν
1260 504 1556 562 συγκεκρότητο
1576 507 1669 549 δια-

41 575 71 610 Ρ
95 574 164 610 380
185 572 495 628 βεβαιουμένοις
529 570 591 613 ὅτι
621 568 816 621 θεοτόκος
848 571 955 613 ἐστὶν
985 569 1134 629 ἡ”ἆγιά
1152 573 1317 630 ΖΙίῙαρία.
1388 575 1482 617 ἀλλ’
1510 577 1702 633 ἐπείπερό

186 644 229 694 ἐξ
254 643 430 699 οὐρανοῦ
451 644 518 683 καὶ
538 641 611 683 οὐκ
633 641 676 691 ἐξ
694 641 821 695 αὐτῆς
841 642 1106 697 γεγεννῆσθαι
1130 642 1176 686 τὸ
1195 647 1310 705 θεῖον
1329 648 1450 699 σῶμα
1466 649 1540 687 τοῦ
1557 647 1670 702 Χρι-

186 717 287 757 στοῦ
311 713 489 768 λέγομεν,
526 708 581 761 ὡς
602 712 727 768 φασί,
759 715 845 761 πῶς
865 709 915 754 ἂν
935 718 1067 756 νοοῖτο
1089 711 1309 768 θεοτόκος,·
1353 715 1442 756 τίνα
1461 714 1539 771 γὰρ
1565 714 1671 767 ὅλως

186 782 358 833 τέτοκεν,
392 783 427 823 εἰ
447 778 506 835 μή
527 781 634 823 ἔστιν
658 779 814 835 ἀληθές
833 779 894 823 ὅτι
917 781 1122 838 γεγέννηκε
1142 782 1247 825 κατὰ
1268 781 1403 840 σάρκα
1422 783 1493 835 ‘cdv
1507 784 1669 838 Ἐμμα-

185 850 336 906 νουήλ;
371 849 644 907 γελάσθωσαν
662 851 797 893 τοίνυν
816 850 854 892 οἱ
872 855 1003 894 ταῦτα
1025 853 1092 894 καὶ
1113 852 1165 895 τὰ
1185 857 1356 895 τοιαῦτα
1377 853 1428 896 τὰ
1449 853 1543 896 κατ’
1569 855 1669 907 ἐμοῦ

187 918 534 979 πεφλυαρηκότες.
617 919 664 963 οὗ
697 920 776 977 γὰρ
811 918 1009 974 ψεύδεται
1041 922 1168 978 λέγων
1200 919 1222 964 ὅ
1253 918 1457 980 μακάριος
1488 923 1669 974 ’,Ησαΐας
1682 928 1727 964 10

181 989 290 1033 ίἰδοὺ
321 988 347 1046 ἡ
382 990 590 1048 παρθένος
623 990 665 1033 ἓν
694 991 840 1047 γαστρὶ
864 990 942 1041 ἕξει
963 992 1031 1034 καὶ
1057 992 1210 1043 τέξεται
1225 990 1329 1045 υἱόν,
1365 994 1432 1035 καὶ
1456 993 1672 1037 καλε-’σουσι

186 1060 234 1103 τὸ
259 1059 390 1115 ὄνομα
414 1061 540 1103 αὐτοῦ
557 1058 836 1115 Ἐμμανουήλ,
865 1059 886 1102 ὅ
912 1062 996 1103 ἔστι
1015 1061 1110 1116 μεθ’
1135 1059 1252 1116 ἡμῶν
1275 1059 1296 1104 ὃ
1316 1060 1436 1113 θεός-3
1450 1090 1459 1101 .
1475 1060 1672 1117 ἀληθεύει

189 1131 234 1173 δὲ
247 1128 409 1180 πάντως
423 1132 490 1173 καὶ
514 1127 536 1172 ὃ
557 1128 807 1186 ἀρχάγγελος
820 1131 1011 1188 Γαβριὴλ
1030 1130 1134 1189 πρὸς
1147 1131 1220 1187 τὴν
1233 1133 1440 1188 παρθένον
1455 1131 1576 1175 dauht
1595 1130 1672 1187 ζμὴ

190 1205 328 1258 φοβοῦ
342 1198 550 1257 Μαριάμ·
586 1193 699 1256 εὗρες
730 1199 809 1256 γὰρ
836 1198 960 1258 χάριν
992 1199 1107 1258 παρὰ
1138 1205 1197 1259 τῷ
1223 1205 1335 1258 θεῷ’,
1371 1203 1438 1244 καὶ
1459 1202 1549 1244 idm>
1572 1204 1673 1244 συλ-

138 1277 168 1312 Β
192 1269 310 1327 λήψῃ
333 1271 374 1312 ἓν
394 1272 539 1326 γαστρὶ
559 1271 626 1312 καὶ
651 1269 743 1326 τέξῃ
767 1267 877 1321 υἱόν,
924 1271 992 1312 καὶ
1011 1271 1194 1321 καλέσεις
1212 1272 1257 1314 τὸ
1281 1270 1410 1326 ὄνομα
1432 1271 1558 1314 αὐτοῦ
1579 1271 1671 1327 '177-
1686 1279 1729 1316 15

189 1345 313 1383 σοῦν·
345 1339 468 1390 αὐτὸς
484 1339 561 1396 γὰρ
583 1337 706 1383 σώσει
726 1338 796 1381 τὸν
816 1339 916 1381 λαὸν
936 1341 1064 1383 αὐτοῦ
1083 1340 1163 1382 ἀπὸ
1185 1345 1265 1383 τῶν
1284 1339 1496 1397 ἁμαρτιῶν
1514 1341 1671 1384 αὐτῶν.)

188 1409 288 1453 ὅταν
317 1410 361 1452 δὲ
392 1409 569 1466 λέγωμεν
601 1408 762 1452 ἄνωθεν
798 1409 840 1460 ἕξ
875 1410 1054 1467 οὐρανοῦ
1086 1409 1157 1453 τὸν
1188 1408 1330 1468 κύριον
1361 1408 1477 1466 ἡμῶν
1506 1411 1674 1467 Ἰησοῦν

186 1477 387 1536 Χριστόν,
422 1481 490 1522 καὶ
513 1480 589 1534 οὐχ
609 1477 665 1530 ὥς
686 1477 848 1522 ἄνωθεν
873 1481 917 1541 ἐξ
936 1480 1115 1537 οὐρανοῦ
1132 1482 1443 1535 κατενεχθείσης
1463 1485 1538 1536 τῆς
1559 1479 1675 1537 ἁγίας

188 1550 317 1592 αὐτοῦ
340 1548 494 1605 σαρκὸς
514 1553 646 1592 ταῦτα
667 1549 818 1606 φαμέν,
854 1550 949 1591 ἀλλ’
982 1547 1038 1600 ὡς
1070 1548 1258 1604 ἑπόμενοι
1290 1554 1349 1608 τῷ
1384 1550 1480 1608 ἱερῷ
1513 1550 1675 1609 Παύλῳ

189 1617 389 1678 φάσκοντι
409 1617 450 1661 εὃ
474 1624 636 1676 πρῶτος
659 1617 882 1675 ἄνθρωπος
903 1620 946 1661 ἔκ
964 1624 1039 1675 γῆς
1056 1619 1208 1674 χοϊκός,
1247 1617 1268 1662 ὃ
1289 1617 1513 1677 ὃεύτεροςὸ
1535 1619 1732 1676 mimos-20

187 1691 231 1740 ἐξ
251 1688 451 1746 οὖρανοῦἶ
499 1686 748 1743 μεμνήμεθα
768 1688 813 1730 δὲ
836 1691 904 1731 καὶ
927 1689 1056 1731 αὐτοῦ
1073 1693 1148 1731 τοῦ
1162 1690 1302 1746 κυρίου
1324 1687 1675 1745 λέγοντοςιιοῦὃεὶς

188 1758 439 1814 ἀναβέβηκεν
463 1759 519 1808 εἷς
540 1758 610 1801 τὸν
631 1757 806 1814 οὐρανὸν
826 1761 861 1801 εἰ
882 1757 940 1813 μὴ
957 1756 977 1800 ὃ
993 1759 1035 1800 ἐκ
1055 1762 1130 1801 τοῦ
1142 1758 1319 1816 οὐρανοῦ
1334 1756 1534 1813 καταβάς,
1552 1757 1676 1810 ὃυῖὸς

188 1833 263 1872 τοῦ
282 1826 532 1885 ἀνθρώπουῖ
571 1829 704 1870 καίτοι
724 1827 954 1884 γεγέννηται
973 1827 1080 1870 κατὰ
1101 1826 1250 1886 σάρκα,
1274 1826 1330 1879 ὡς
1347 1828 1517 1886 εἴρηται,
1542 1830 1586 1871 ἐκ
1604 1833 1677 1885 τῆς

189 1959 360 1996 adversus
384 1959 482 2005 ipsos
505 1971 621 2005 pauca
647 1958 684 1994 in
707 1958 798 1994 hanc
820 1959 1031 1995 sententiam
1055 1959 1188 1994 dicere.
1247 1971 1269 1995 o
1293 1959 1384 1995 fatui
1408 1963 1446 1995 et
1469 1960 1598 1996 nullius
1621 1961 1676 1996 rei

190 2007 262 2043 nisi
286 2006 517 2041 calumniandi
542 2005 664 2052 gnari,
698 2006 871 2051 quomodo
895 2006 934 2041 in
955 2006 1045 2040 hanc
1068 2006 1265 2041 devenistis
1284 2007 1497 2042 sententiam
1522 2012 1677 2043 tantum-

191 2065 262 2100 que
295 2054 456 2088 insaniae
492 2052 735 2098 concepistis?
793 2053 933 2087 omnino
966 2053 1058 2087 enim
1092 2055 1282 2099 oportebat
1307 2055 1374 2088 hoc
1400 2066 1465 2089 vos
1489 2055 1679 2102 perspicue

192 2100 340 2145 sentire,
371 2105 481 2134 totam
506 2100 595 2134 hanc
619 2106 771 2134 nostram
795 2100 839 2134 de
862 2100 934 2134 fide
958 2099 1230 2146 disputationem
1253 2100 1337 2135 inde
1360 2105 1472 2135 ortam
1496 2102 1591 2146 quod
1614 2113 1679 2137 nos

192 2147 341 2182 Mariam
367 2147 548 2192 deiparam
573 2158 651 2181 esse
675 2147 928 2181 contendimus.
978 2147 1078 2192 atqui
1100 2147 1144 2190 si,
1168 2153 1208 2182 ut
1230 2146 1281 2181 illi
1303 2147 1437 2192 dicunt,
1461 2160 1525 2182 nos
1549 2160 1679 2194 corpus

194 2193 332 2228 Christi
362 2193 518 2228 divinum
552 2192 697 2228 caelitus
732 2193 899 2238 venisse,
923 2205 1011 2229 ,non
1036 2205 1080 2228 ex
1102 2193 1182 2239 ipsa
1205 2199 1323 2228 natum
1350 2194 1517 2240 dicimus,
1550 2195 1611 2240 qui
1636 2207 1680 2230 ea

190 2240 308 2287 possit
331 2239 478 2286 deipara
499 2239 599 2275 dici?
639 2251 742 2286 quem
766 2240 859 2275 enim
882 2241 1023 2275 tandem
1047 2241 1201 2286 peperit,
1227 2240 1258 2275 si
1280 2241 1348 2275 hoc
1371 2252 1493 2275 verum
1518 2253 1587 2275 non
1612 2247 1679 2285 est,

192 2287 287 2333 quod
317 2287 508 2322 secundum
544 2298 683 2322 carnem
716 2287 898 2333 pepererit
928 2286 1220 2322 Emmanuelum‘?
1266 2287 1448 2323 rideantur
1491 2299 1576 2333 ergo
1618 2288 1680 2334 qui

193 2334 281 2368 haec
306 2339 342 2368 et
369 2333 455 2368 talia
481 2334 526 2368 de
550 2345 605 2369 me
629 2334 818 2369 blaterant.
867 2345 936 2368 nou
962 2334 1053 2369 enim
1077 2334 1244 2368 mentitur
1267 2334 1410 2380 Esaias,
1437 2345 1512 2368 cum
1538 2337 1589 2369 ita
1612 2347 1679 2370 va-

191 2380 362 2415 ticinatur
387 2382 484 2426 (cap.
508 2382 569 2424 7):
601 2378 700 2415 ‘ecce
722 2381 825 2426 virgo
850 2380 1047 2426 concipiet,
1082 2386 1119 2415 et
1140 2380 1258 2426 pariet
1278 2380 1398 2425 filium,
1433 2386 1470 2415 et
1494 2380 1528 2414 ei
1552 2392 1680 2416 nomen

193 2427 328 2462 facient
349 2427 600 2470 Emmanue103
635 2428 730 2473 quod
754 2433 826 2472 est,
859 2427 1039 2462 nobiscum
1062 2424 1175 2462 deus-³
1222 2431 1258 2462 et
1289 2427 1379 2462 haud
1413 2428 1520 2462 dubie
1557 2439 1680 2462 verum

193 2474 286 2509 dixit
310 2474 514 2519 Gabrieius,
539 2474 741 2520 angelorum
765 2475 944 2520 princeps,
979 2474 1128 2508 Mariam
1150 2474 1201 2508 ita
1223 2473 1403 2519 alloquens
1429 2475 1534 2518 (Luc.
1561 2476 1597 2519 1)
1621 2471 1680 2509 ‘ne

194 2525 329 2555 metuas
363 2521 430 2556 tibi
463 2521 599 2556 Maria:
634 2533 713 2555 nam
743 2521 894 2566 gratiam
927 2520 1022 2565 apud
1055 2522 1157 2555 deum
1191 2520 1374 2555 invenisti.
1423 2533 1506 2555 ecce
1529 2521 1680 2566 gravida

196 2567 285 2611 eris,
322 2572 358 2602 et
389 2568 507 2613 paries
540 2567 666 2613 filium,
698 2568 802 2613 eique
834 2579 959 2602 nomen
987 2568 1070 2602 Iesu
1098 2567 1280 2613 impones,
1313 2567 1398 2614 quia
1419 2567 1584 2613 populum
1609 2568 1679 2602 iste

194 2624 293 2648 suum
319 2615 474 2658 peccatis
499 2612 639 2650 solvet.’
687 2626 764 2649 cum
797 2618 912 2649 autem
944 2614 1120 2648 dominum
1159 2619 1317 2648 nostrum
1349 2615 1466 2649 Iesum
1497 2614 1678 2648 Christum

195 2659 342 2694 dicimus
367 2662 519 2706 desuper
542 2662 587 2696 de
611 2660 708 2696 caelo
732 2661 894 2706 venisse,
928 2672 999 2696 non
1025 2673 1065 2695 eo
1090 2671 1197 2695 sensu
1220 2660 1258 2695 id
1280 2659 1427 2696 dicimus
1449 2661 1551 2706 quasi
1572 2668 1677 2707 pute-

196 2716 272 2740 mus
309 2717 386 2741 eum
418 2713 574 2742 sanctam
605 2720 701 2743 suam
732 2719 872 2743 carnem
904 2708 948 2742 de
978 2707 1076 2742 caelo
1110 2706 1297 2742 detulisset
1332 2707 1396 2742 sed
1425 2707 1605 2752 sequimur
1634 2707 1676 2740 S.

195 2751 357 2798 Paulum,
390 2754 449 2798 qui
471 2754 523 2788 ita
547 2755 598 2790 ait
621 2756 667 2800 (1
688 2754 774 2789 Cor.
802 2755 872 2798 15)
904 2750 1050 2800 ‘primus
1074 2754 1175 2788 homo
1201 2765 1246 2787 ex
1267 2758 1366 2788 terra
1386 2753 1594 2799 pulvereus,
1619 2764 1675 2787 se—

199 2798 345 2844 cundus,
381 2800 539 2836 dominus
576 2814 596 2836 e
619 2798 745 2836 caelo?
790 2801 1016 2835 recordamur
1051 2801 1157 2836 etiam
1188 2799 1303 2846 ipsum
1337 2799 1512 2834 dominum
1545 2798 1679 2834 dixisse

200 2844 318 2887 (ioan.
342 2846 382 2890 3)
404 2842 529 2881 “nemo
555 2848 740 2882 adscendit
763 2847 801 2881 in
825 2847 968 2892 caelum,
993 2847 1063 2881 nisi
1086 2847 1148 2892 qui
1171 2847 1356 2881 descendit
1375 2842 1472 2889 inde}
1495 2845 1590 2879 filius
1614 2845 1678 2879 ho-

201 2888 341 2927 minis-'³
387 2897 424 2928 at
447 2900 533 2929 vero
561 2895 663 2940 quod·
678 2895 724 2931 ad
748 2904 890 2930 carnem
912 2893 1064 2939 attinet,
1098 2898 1200 2929 natus
1223 2898 1296 2940 est,
1323 2892 1416 2928 sicut
1439 2892 1611 2937 diximus,
1635 2903 1679 2926 ex
