1742 3184
195 160 294 208 592
522 194 524 198 Α
672 161 910 210 GEORGII
945 160 1168 205 CEDREN
1169 161 1189 206 1

335 282 408 338 Τῷ
440 276 499 322 ιθ’
528 275 604 321 ε’τει
631 281 706 322 τοῦ
726 274 939 335 προφήτου
961 278 1174 336 Ζαχαρίου
1201 277 1254 321 τὰ
1284 278 1459 334 λείψανα
1489 279 1558 321 καὶ
1590 282 1663 321 τοῦ

196 346 312 405 ἆγιόυ
352 347 698 406 πρωτομάρτυρος
734 344 947 404 Στεφάνου
984 349 1053 390 καὶ
1088 348 1350 405 Λαυρεντιόυ
1393 347 1666 403 ἅπετέθησαν.

193 415 283 460 τότε
321 416 491 475 πρώτως
527 419 596 460 καὶ
636 414 663 472 ἡ
699 414 840 472 μνήμη
876 420 950 460 τοῦ
985 414 1164 473 μεγάλου
1195 414 1499 475 Χρυσοστόμου
1532 419 1666 460 ἐπετε-

193 487 339 543 λέσθη.
1392 496 1395 499 ’

336 559 410 612 Τῷ
431 552 467 596 κ’
488 552 563 597 ἔτει
589 552 811 605 Θεοδόσιος
829 553 935 598 κατὰ
956 555 1127 611 μίμησιν
1148 559 1223 610 τῆς
1247 554 1455 611 μακαρίας
1475 556 1702 608 Πουλχε-5

195 626 288 683 ρίας
314 624 445 667 πολλὰ
473 621 670 680 χρήματα
702 628 761 682 τῷ
792 622 1092 683 ἇρχιεπισκόπῷ
1119 622 1412 683 Ἱεροσολύμων
1439 624 1668 666 ἀπέστειλεν

197 697 254 745 εἷς
283 693 467 736 διάδοσιν
494 698 575 735 τῶν
599 694 742 751 χρείαν
761 691 956 747 ἐχόντων,
993 696 1060 736 καὶ
1082 693 1260 751 σταυρὸν
1278 697 1462 751 χρυσοῦν
1479 691 1669 735 διάλιθον

197 763 301 821 πρὸς
322 762 367 805 τὸ
388 766 562 817 παγῆναι
585 763 627 805 ἓν
645 767 700 820 τῷ
726 764 908 821 Κρανίῷ.
979 761 1000 805 ὃ
1033 764 1077 806 δὲ
1108 764 1418 820 ἀρχιεπίσκοπος
1447 762 1671 818 ἀντίδωρον

198 833 402 876 ἀπέστειλε
424 832 601 886 λείψανα
621 836 693 887 τῆς
715 834 848 882 δεξιᾶς
873 832 1011 888 χειρὸς
1039 837 1114 875 τοῦ
1140 831 1488 890 πρωτομάρτυρος
1507 828 1672 888 Στεφά-

54 908 83 943 Ρ
106 909 174 945 338
198 919 285 945 νου.
353 899 498 944 τούτου
527 902 572 943 δὲ
602 903 657 952 εἷς
674 900 928 956 Χαλκηδόνα
958 900 1221 959 φθάσαντος,
1256 906 1412 958 θεωρεῖ
1436 899 1461 956 ἡ
1488 900 1669 956 μακαριά
1684 907 1728 943 10

197 972 434 1027 Πουλχερία
462 974 513 1026 τῇ
542 970 648 1027 αὐτῇ
675 972 787 1013 νυκτὶ
814 970 885 1012 τὸν
911 969 1027 1026 ἅγιον
1056 972 1267 1028 Στέφανον
1297 970 1463 1026 λέγοντα
1491 967 1613 1012 αἰδοὺ
1646 967 1671 1023 ἦ

197 1038 404 1097 προσευχή
433 1056 507 1081 σου
541 1038 792 1094 εἰσηκούσθη
823 1041 890 1098 καὶ
919 1038 945 1095 ἦ
979 1040 1135 1095 αἴτησίς
1166 1057 1240 1084 σου
1262 1040 1420 1096 γέγονε,
1455 1040 1523 1082 καὶ
1541 1034 1673 1094 ἦλθον

202 1113 259 1160 εἷς
287 1106 582 1163 Χαλκηδόνα.”
653 1106 680 1163 ἡ
713 1109 756 1151 δὲ
791 1109 1004 1152 ἀναστᾶσα
1033 1112 1101 1152 καὶ
1132 1110 1202 1152 τὸν
1233 1109 1412 1167 ἀδελφὸν
1441 1099 1674 1163 azimis-'Za-

200 1182 338 1236 βοῦσα
365 1180 537 1232 ἐξῆλθεν
572 1180 630 1228 εἷς
662 1176 902 1233 συνάντησιν
928 1182 1001 1221 τοῦ
1031 1177 1144 1234 ἁγίου
1170 1177 1381 1234 λειψάνου.
1451 1179 1518 1220 καὶ
1545 1181 1675 1220 ταῦτα

202 1252 260 1299 εἷς
285 1248 330 1291 τὸ
362 1244 559 1290 παλάτιον
590 1249 863 1303 εἰσαγαγοῦσα
895 1250 1012 1300 κτίζει
1034 1246 1142 1290 οἷκον
1164 1247 1325 1299 ἔνδοξον
1345 1250 1405 1307 τῷ
1426 1245 1673 1305 πρωτομάρ-
1687 1248 1731 1285 15

194 1336 294 1376 ,τυρι
305 1349 319 1370 ,
355 1317 474 1359 κάκεῖ
486 1316 538 1358 τὰ
562 1314 657 1372 ἅγια
680 1319 944 1359 κατατίθεται
964 1318 1154 1372 λείψανα.

341 1390 416 1443 Τῷ
433 1383 496 1427 κα’
514 1384 660 1427 τούτου
685 1384 761 1426 ἔτει
785 1385 1014 1440 ἄγαθότητι
1034 1390 1164 1441 πολλῇ
1184 1382 1417 1438 κινούμενος
1443 1380 1676 1434 Θεοδόσιος,

200 1457 343 1512 καίπερ
361 1453 529 1509 νικήσας
550 1454 655 1496 κατὰ
673 1451 821 1511 κράτος
838 1454 933 1504 τοὺς
949 1455 1133 1510 Πέρσας,
1163 1451 1325 1510 εἰρήνην
1345 1451 1565 1503 ἀσπάζεται
1586 1469 1677 1507 φει-

201 1528 274 1569 δοῖ
298 1528 379 1568 τῶν
411 1522 706 1566 κατοικούντων
736 1525 1000 1580 Χριστιανῶν
1029 1524 1070 1565 ἐν
1099 1523 1297 1580 Περσίδι,
1350 1523 1417 1564 καὶ
1444 1520 1678 1563 ἀποστέλλει

148 1605 178 1641 Β
203 1591 467 1652 πρεσβευτάς.
514 1594 581 1635 καὶ
603 1591 755 1647 ταύτης
775 1593 988 1648 γενομένης
1009 1590 1030 1635 ὅ
1051 1593 1156 1635 κατὰ
1174 1596 1254 1635 τῶν
1271 1593 1533 1649 Χριστιανῶν
1552 1587 1734 1633 {uad-20

199 1681 299 1707 σατο
324 1660 514 1718 διωγμός.

340 1736 416 1788 Τῷ
431 1729 496 1784 κβ
519 1729 596 1772 ἔτει
614 1730 792 1780 Σισίνιος
813 1727 834 1771 ὃ
856 1727 1110 1786 πατριάρχης
1129 1726 1371 1783 ἐτελεύτησε.

343 1805 417 1857 Τῷ
443 1801 486 1842 δὲ
507 1797 566 1854 κγ’
586 1799 689 1852 μετὰ
709 1798 781 1853 τὴν
800 1797 946 1841 τούτου
968 1798 1154 1852 τελευτὴν
1175 1795 1399 1853 Νεστόριος
1419 1794 1493 1850 τὴν
1517 1794 1680 1838 ἐπισκο-

206 1870 285 1926 πὴν
308 1870 536 1923 διαδέχεται
556 1866 1044 1920 Κωνσταντινουπόλεως,
1079 1865 1352 1925 Γερμανικεὺς
1372 1869 1431 1925 τῷ
1449 1864 1565 1920 γένει.
1613 1862 1681 1905 καὶ

299 2025 400 2060 Anno
422 2023 688 2069 undevigesimo
706 2023 882 2069 reliquiae
905 2022 1100 2058 Zachariae
1122 2022 1234 2067 vatis,
1271 2033 1314 2056 ac
1342 2020 1516 2068 principis
1545 2023 1679 2066 marty-

207 2085 283 2109 rum
306 2071 478 2117 Stephani
502 2076 539 2106 et
560 2071 745 2106 Laurentii
765 2070 949 2116 depositae
972 2076 1066 2104 sunt.
1112 2074 1196 2104 tunc
1219 2069 1366 2115 prunum
1388 2067 1556 2103 memoria
1573 2068 1680 2102 Ioan-

206 2120 262 2155 nis
286 2118 530 2163 chrysostomi
552 2117 746 2152 solenniter
767 2118 944 2152 celebrata
965 2122 1031 2151 est.

298 2164 478 2210 vigesimo
512 2176 602 2198 anno
634 2164 858 2199 Theodosius
889 2163 1083 2198 imitatione
1105 2161 1312 2197 Pulcheriae
1344 2159 1486 2196 multum
1510 2159 1684 2206 pecuniae

205 2212 302 2248 misit
324 2212 367 2246 ad
388 2210 690 2256 archiepiscopum
711 2209 1068 2254 Hierosolymitanum
1091 2209 1212 2255 egenis
1236 2207 1518 2248 distribuendam
1541 2218 1582 2240 ac
1601 2217 1683 2240 cru-

205 2271 280 2293 cem
312 2269 453 2292 auream
484 2257 660 2304 lapidibus
694 2256 859 2304 pretiosis
891 2262 1115 2300 exornatam,
1149 2267 1239 2300 quae
1270 2255 1307 2289 in
1340 2253 1471 2289 Granio
1500 2253 1683 2297 figeretur.

205 2304 493 2350 archiepiscopus
526 2304 682 2338 vicissim
707 2304 741 2338 ei
763 2304 854 2338 dono
878 2303 974 2337 misit
995 2303 1162 2347 reliquias
1194 2302 1341 2336 dextrae
1365 2311 1486 2335 manus
1509 2298 1685 2345 Stephani

232 2351 311 2386 rimi
345 2350 524 2394 martyris.
573 2362 637 2385 eae
670 2362 746 2385 cum
779 2354 898 2384 essent
921 2349 1174 2384 chalcedonem
1198 2347 1374 2394 perlatae,
1412 2358 1453 2380 ea
1476 2346 1555 2391 ipsa
1579 2350 1686 2382 noct·

203 2363 389 2432 guicheria
414 2397 454 2431 S.
478 2396 694 2442 Stephanum
717 2397 809 2431 vidit
837 2396 907 2430 sibi
929 2395 1103 2431 dicentem
1130 2391 1200 2429 “en
1226 2392 1424 2440 impetrasti
1448 2392 1543 2437 quod
1566 2391 1685 2436 preci-

205 2445 271 2479 bus
294 2445 461 2490 petebas,
488 2449 525 2478 et
548 2455 612 2487 ego
636 2443 892 2477 chalcedonem
910 2439 1031 2476 veni.'’
1075 2442 1196 2487 itaque
1218 2452 1260 2474 ea
1283 2444 1459 2485 assumpto
1483 2439 1595 2473 fratre
1619 2439 1683 2472 ob-

206 2490 300 2524 viam
324 2489 436 2524 sacris
459 2489 618 2535 reliquiis
640 2489 718 2524 istis
741 2489 901 2534 profecta
926 2495 1000 2532 est3
1031 2487 1146 2534 iisque
1169 2487 1206 2522 in
1229 2486 1393 2532 palatium
1417 2485 1524 2520 illatis
1548 2484 1685 2530 magni-

204 2537 308 2572 ficum
331 2536 496 2582 templum
520 2537 556 2570 b.
583 2536 766 2580 Stephano
791 2535 968 2579 condidit,
992 2535 1099 2580 inque
1124 2546 1165 2568 eo
1191 2532 1359 2578 reliquias
1383 2531 1560 2577 deposuit.

297 2583 398 2617 Anno
422 2583 467 2617 21
493 2582 718 2616 Theodosius
744 2593 867 2626 magna
893 2582 1024 2627 pietate
1048 2582 1191 2624 ductus,
1230 2591 1306 2614 cum
1327 2579 1456 2613 Persas
1480 2577 1685 2622 devicisset,

206 2632 322 2663 tamen
356 2628 477 2663 habita
510 2628 648 2663 ratione
682 2628 961 2663 Christianorum
984 2628 1022 2662 in
1045 2627 1193 2661 Perside
1216 2625 1411 2660 viventium
1436 2625 1515 2670 paci
1538 2623 1685 2667 studuit,

209 2686 355 2754 ea‘rlnqne
378 2674 493 2710 missis
516 2674 641 2720 legatis
665 2674 898 2710 confirmavit.
958 2686 1000 2710 ea
1021 2686 1079 2709 res
1102 2672 1381 2709 Christianorum
1402 2670 1686 2718 persecutionem

208 2732 248 2755 se
275 2721 362 2755 avit.

299 2767 400 2801 Anno
424 2768 469 2802 22
491 2767 668 2802 Sisinnius
690 2767 892 2813 patriarcha
915 2766 1075 2802 moritur.

300 2812 401 2847 Anno
423 2815 469 2849 23
493 2814 526 2848 ei
549 2814 708 2849 succedit
740 2814 949 2858 Nestorius,
985 2810 1269 2848 Germanicensis
1299 2809 1429 2856 patria.
1476 2807 1686 2853 simulatque

210 2857 272 2894 ille
293 2858 382 2894 solio
406 2860 582 2907 consedit,
607 2861 683 2897 eius
706 2872 747 2896 se
770 2860 860 2897 mala
882 2860 971 2898 fides
996 2865 1033 2896 et
1055 2858 1257 2906 opinionum
1280 2855 1497 2904 perversitas
1517 2855 1687 2891 exseruit.
