1742 3184
203 202 304 250 280
685 201 925 248 GEORGII
953 200 1203 246 CEDRENI

200 319 272 365 τὸν
290 317 360 362 ἕνα
376 317 475 363 θεὸν
493 316 642 376 εῗσάγει
663 320 731 363 καὶ
748 317 875 368 θεοὺς
893 313 1104 374 γεννητοῦς
1113 348 1126 369 ,
1160 316 1227 359 καὶ
1247 314 1317 360 διὰ
1337 315 1412 372 μέν
1429 320 1503 360 τοῦ
1518 322 1679 375 γεγενῆ-

199 393 304 434 σθαι
338 388 488 440 αὐτοὺς
516 387 678 440 πάντως
705 385 884 444 ἀνάγκην
912 385 1015 442 ἔχειν
1045 387 1113 428 καὶ
1142 390 1382 444 φθαρῆναι,
1427 386 1496 429 διὰ
1527 388 1573 430 δὲ
1603 388 1678 443 τὴν

196 457 395 514 βούλησιν
427 462 501 501 τοῦ
525 463 629 501 θεοῦ
649 455 887 507 ἀθανάτους
904 453 1026 499 πάλιν
1045 454 1160 499 εἶναι.
1229 453 1251 499 ὃ
1276 455 1400 507 αὐτὸς
1421 457 1490 498 καὶ
1512 457 1583 499 τὸν
1602 460 1676 499 τοῦ

195 526 348 578 παντὸς
374 528 621 586 δημιουργὸν
648 528 824 570 δείκνυσι
849 523 1053 581 κηδεμόνα
1079 526 1147 568 καὶ
1176 523 1452 583 μακρόθυμον
1472 526 1541 568 ε’πί
1556 543 1677 569 τινων

195 598 369 649 ἀδίκων,
405 598 473 640 καὶ
504 596 580 652 τὴν
607 597 796 639 ἐντεῦθεν
822 594 960 646 αὐτοῖς
983 594 1301 652 προσγινομένην
1319 593 1483 650 βλάβην
1510 597 1577 638 καὶ
1601 595 1708 652 τὴνὸ

154 673 156 675 ’
193 665 409 723 ἐσύστερον
428 666 587 718 τούτοις
605 664 898 724 ἐπιφερομένην
915 665 1225 720 πανωλεθρίαν,
1256 665 1323 706 καὶ
1341 662 1403 706 ὅτι
1422 666 1457 706 εἰ
1475 666 1543 707 καὶ
1565 667 1682 708 δοκεῖ

732 733 798 749 tat

191 738 298 780 τισὶν
314 735 414 780 εἶναι
432 735 536 793 πρὸς
555 735 703 792 μικρὸν
726 752 748 777 ο
771 736 910 786 αδικος
919 766 932 787 ,
969 733 1065 777 ἀλλ’
1088 728 1160 777 οὖν
1178 730 1283 788 μετά
1301 750 1393 776 τινα
1409 731 1560 791 χρόνον
1578 733 1675 778 ἔαυ-

191 805 264 849 τόν
293 824 336 849 τε
370 806 440 848 καὶ
472 803 582 848 οἷκον
609 806 678 847 καὶ
702 802 820 847 πόλιν
841 802 972 860 ἄρδην
994 802 1222 846 ἀνάστατον
1240 809 1358 845 ποιεῖ.
1427 800 1450 846 ὃ
1481 803 1604 855 αὐτὸς
1633 806 1676 848 ἐν

626 871 678 888 (tt

45 884 75 919 P
101 885 170 922 160
191 879 251 934 τῷ
272 876 457 918 Φαίδωνι
481 875 604 932 φησίν
658 891 680 917 ο
704 875 779 928 μὲν
798 873 1010 924 ἀτέλεστος
1029 874 1095 915 καὶ
1117 871 1359 930 ἀκάθαρτος
1375 873 1432 923 εἷς
1450 870 1556 933 ᾅδου
1574 875 1675 931 ἀφι-
1724 923 1729 926 ,

188 944 378 1000 κόμενος,
420 944 506 986 ἐκεῖ
534 941 856 1001 μεταχωρήσας,
901 943 1005 998 μετὰ
1036 946 1141 985 θεοῦ
1175 940 1372 994 davion-'³
1444 944 1512 984 καὶ
1549 939 1674 994 αὖθις
1687 949 1731 984 10

181 1012 285 1058 κτὸν
311 1015 387 1069 μὲν
416 1013 496 1071 γὰρ
527 1014 694 1064 δικαίως
723 1013 796 1056 τὸν
823 1013 915 1067 βίον
948 1009 1223 1068 διεληλυθότα
1250 1012 1316 1053 καὶ
1344 1008 1485 1063 ὁσίως,
1511 1012 1674 1056 ἐπειδὰν

189 1082 432 1140 τελευτήσῃ,
468 1085 524 1134 εἷς
555 1081 754 1140 μακάρων
783 1081 935 1138 νήσους
961 1083 1081 1124 οῗκεῖν
1103 1081 1145 1123 ἐν
1165 1079 1277 1138 πάσῃ
1299 1080 1560 1141 εὐδαιμονίᾳ,
1596 1099 1673 1125 κα-

187 1157 271 1196 κῶν
297 1151 431 1206 ἐκτός,
462 1152 534 1196 τὸν
564 1152 608 1195 δὲ
638 1153 788 1203 ἀδίκως
816 1152 885 1195 καὶ
916 1150 1054 1202 ἀθέως
1079 1152 1135 1202 εἷς
1165 1150 1212 1192 τὸ
1242 1154 1316 1205 τῆς
1346 1148 1516 1206 κρίσεώς
1538 1169 1581 1194 τε
1604 1153 1673 1194 καὶ

187 1223 303 1278 δίκης
329 1220 633 1280 δεσμωτήριον,
669 1221 692 1264 ὃ
727 1221 779 1275 δὴ
811 1218 1033 1279 Τάρταρον
1065 1223 1260 1271 καλοῦσι,
1296 1220 1365 1261 καὶ
1390 1221 1446 1271 εἷς
1469 1220 1540 1263 τὸν
1557 1221 1672 1276 Ἀχέ-

908 1288 922 1303 t

187 1308 312 1349 ροντα
345 1293 412 1334 καὶ
448 1291 647 1334 Κωκυτόν
684 1290 831 1333 ἲέναι.”
904 1307 926 1332 ο
967 1288 1090 1339 αὐτὸς
1128 1289 1400 1346 παραδέχεται
1431 1291 1499 1332 καὶ
1530 1289 1672 1347 φύσεις
1685 1299 1728 1336 15

185 1356 414 1415 δαιμόνων,
445 1363 513 1404 καὶ
548 1360 645 1412 τοὺς
673 1361 748 1415 μὲν
779 1359 915 1403 αὐτῶν
940 1357 1127 1416 ἀγαθοὺς
1151 1356 1252 1402 εἶναι
1274 1357 1370 1409 τοὺς
1394 1358 1440 1401 δὲ
1464 1357 1672 1417 φαύλους·

185 1431 254 1472 καὶ
291 1430 367 1486 τὴν
401 1429 543 1486 ψυχὴν
579 1430 676 1472 ποτὲ
710 1430 785 1485 μὲν
812 1428 1035 1488 ἄφθαρτον
1063 1429 1133 1471 καὶ
1166 1427 1405 1484 ἀγέννητον,
1449 1426 1548 1471 ὅταν
1576 1430 1671 1487 λέγῃ

179 1496 328 1554 ιεψυχὴ
357 1504 472 1543 πᾶσα
503 1498 734 1550 ἀθάνατος·
769 1498 816 1542 τὸ
837 1499 916 1555 γὰρ
938 1499 1161 1552 ἀεικίνητον
1181 1499 1249 1539 καὶ
1269 1495 1482 1540 ἀθάνατον
1489 1498 1537 1550 ,²²
1573 1500 1671 1543 ποτὲ

130 1574 162 1610 Β
188 1569 233 1611 δὲ
258 1569 452 1625 γεννητὴν
482 1570 550 1611 καὶ
581 1568 804 1627 ἄφθαρτον
835 1567 905 1610 διὰ
935 1568 1010 1623 τὴν
1038 1571 1111 1610 τοῦ
1137 1570 1240 1609 θεοῦ
1266 1565 1488 1621 βούλησιν,
1525 1566 1670 1612 ἄλλοτε

181 1635 383 1681 σύνθετον
414 1640 482 1680 καὶ
514 1638 705 1693 γεννητὴν
734 1638 804 1680 καὶ
831 1636 1028 1694 φθαρτὴν
1056 1636 1124 1678 καὶ
1154 1633 1276 1678 πάλιν
1305 1634 1531 1679 ἀθάνατον.
1600 1640 1727 1681 ‚caleo

181 1707 313 1763 κρίσιν
344 1708 470 1764 φησὶν
500 1704 600 1749 εἶναι
628 1705 733 1761 μετὰ
765 1705 840 1762 τὴν
866 1704 1055 1760 τελευτὴν
1084 1705 1152 1747 καὶ
1185 1706 1227 1747 ἐν
1256 1702 1359 1765 ᾅδου
1392 1704 1668 1765 δικαστήριον,

182 1777 253 1818 καὶ
279 1775 354 1827 τὰς
381 1776 456 1831 μὲν
486 1775 652 1832 ἀγαθὰς
681 1776 847 1833 ἀγαθοῦ
874 1778 1035 1830 μισθοῦ
1055 1772 1287 1831 τυγχάνειν,
1323 1773 1399 1825 τὰς
1422 1776 1468 1818 δὲ
1488 1777 1671 1835 πονηρὰς

181 1849 264 1887 τῶν
304 1843 548 1889 ἀκολούθων
591 1847 728 1889 δικῶν.
799 1842 820 1887 ὃ
857 1844 980 1896 αὐτὸς
1013 1846 1091 1887 καὶ
1115 1843 1482 1899 μετενσωμάτωσιν
1521 1851 1670 1902 ψυχῶν

179 2025 379 2068 gnatorum.
427 2022 532 2059 unico
559 2024 626 2059 deo
650 2027 785 2060 statuto
817 2021 1011 2059 introducit
1043 2020 1147 2057 etiam
1171 2024 1272 2057 natos
1295 2022 1402 2067 deos3
1437 2025 1566 2069 quibus
1590 2037 1668 2062 cum

177 2069 377 2105 intereundi
403 2070 649 2106 necessitatem
673 2076 772 2106 ortus
794 2081 878 2105 suus
902 2070 1077 2116 imponat,
1114 2080 1175 2103 eos
1198 2069 1383 2104 voluntate
1406 2070 1464 2105 dei
1487 2072 1669 2108 immorta—

177 2115 231 2151 les
263 2116 392 2162 redigi.
440 2117 534 2153 idem
564 2117 724 2152 universi
757 2117 920 2165 opificem
945 2127 1063 2150 curam
1085 2127 1202 2150 rerum
1226 2115 1450 2152 humanarum
1475 2129 1603 2164 gerere
1626 2131 1670 2155 ac

177 2162 359 2207 patienter
392 2164 562 2209 quosdam
592 2164 771 2211 improbos
805 2168 843 2199 et
874 2162 1045 2198 scelestos
1068 2162 1165 2197 ferre
1188 2163 1362 2206 ostendit3
1398 2168 1471 2199 tum
1495 2165 1581 2211 quid
1605 2178 1668 2201 eos

178 2209 297 2243 damni
321 2215 478 2256 maneat,
515 2222 557 2245 ac
581 2211 724 2246 exitium
749 2221 819 2257 quo
843 2210 986 2245 tandem
1015 2209 1089 2243 sint
1121 2208 1281 2244 funditus
1314 2210 1485 2256 perituri,
1520 2212 1668 2247 demon-

178 2259 287 2299 strat3
320 2257 514 2303 docetque,
548 2262 663 2293 tamen
688 2257 758 2292 etsi
781 2256 996 2303 aliquamdiu
1019 2255 1209 2290 videantur
1231 2256 1330 2291 beati
1355 2269 1435 2292 esse
1457 2257 1566 2303 tales,
1603 2270 1666 2294 eos

177 2305 296 2336 tamen
318 2308 401 2348 post
424 2303 567 2350 aliquod
589 2309 728 2351 tempus
750 2304 848 2350 ipsos
867 2304 1005 2338 domum
1023 2303 1216 2347 urbemque
1234 2305 1526 2348 pessundaturos.
1571 2305 1667 2340 idem

176 2346 215 2381 in
238 2348 430 2384 Phaedone
455 2351 580 2385 scribit
603 2348 657 2386 “is
684 2351 824 2397 quidem
847 2349 909 2395 qui
932 2348 1044 2384 sacris
1068 2348 1230 2383 initiatus
1255 2354 1291 2383 et
1311 2349 1479 2385 lustratus
1502 2363 1574 2386 non
1598 2356 1666 2397 est,

176 2394 223 2428 ad
253 2394 389 2430 inferos
421 2397 588 2441 devenit3
620 2397 704 2432 inde
735 2397 889 2443 migrans
914 2406 991 2430 cum
1015 2395 1081 2430 deo
1108 2392 1323 2430 habitabit.'’
1370 2401 1406 2431 et
1433 2409 1554 2433 rursus
1579 2394 1667 2444 “qui

177 2440 270 2475 enim
290 2441 385 2477 iuste
408 2455 451 2478 ac
473 2448 595 2479 sancte
614 2444 723 2488 vixit,
747 2444 778 2478 is
799 2448 878 2488 post
896 2447 1041 2476 mortem
1061 2443 1154 2488 apud
1173 2441 1308 2477 insulas
1326 2443 1527 2489 beatorum,
1552 2444 1666 2480 omnis

177 2486 260 2521 mali
282 2500 432 2535 expers,
469 2490 507 2525 in
529 2502 663 2526 summa
686 2489 858 2526 felicitate
882 2489 991 2524 vitam
1014 2489 1133 2523 ducet.
1181 2487 1244 2533 qui
1270 2495 1386 2524 autem
1413 2490 1522 2536 impie
1546 2496 1584 2526 et
1606 2491 1664 2525 in—

176 2531 271 2568 iuste
295 2535 408 2581 vixit,
443 2535 475 2572 is
509 2538 555 2572 ad
586 2537 714 2573 iudicii
741 2548 937 2580 carcerem,
973 2546 1075 2580 quem
1100 2534 1290 2570 Tartarum
1313 2535 1455 2581 dicunt,
1489 2541 1596 2583 atque
1619 2538 1665 2573 ad

176 2578 410 2616 Acherontem
435 2587 472 2618 et
495 2584 669 2628 Cocytum
686 2578 961 2631 proficiscitur.”
1007 2582 1196 2616 daemonas
1218 2593 1358 2627 quoque
1381 2582 1484 2618 Plato
1504 2584 1664 2629 agnovit,

177 2624 265 2660 alios
296 2628 426 2673 bonos,
466 2630 575 2665 malos
610 2631 712 2666 alios.
776 2629 925 2666 animam
958 2627 1147 2674 aliquando
1183 2634 1263 2662 ortu
1293 2628 1512 2676 interituque
1540 2642 1665 2666 carere

178 2674 402 2719 pronuntiat,
434 2681 475 2711 ut
503 2676 541 2711 in
574 2677 629 2712 his
662 2676 784 2712 verbis
816 2671 953 2710 “omnis
977 2675 1093 2709 anima
1113 2673 1317 2709 immortalis
1341 2681 1410 2710 est.
1455 2678 1550 2722 quod
1569 2678 1663 2712 enim

177 2727 319 2770 semper
348 2727 524 2768 movetur,
559 2723 597 2759 id
626 2722 820 2759 immortale
848 2718 941 2756 est.'’
986 2720 1175 2766 aliquando
1206 2721 1240 2755 ei
1271 2726 1384 2755 ortum
1411 2721 1663 2769 interitumque

178 2764 324 2816 trlbuit,
356 2775 520 2812 respectu
548 2770 688 2806 scilicet
709 2770 852 2805 divinae
875 2766 1081 2802 voluntatis.
1131 2766 1218 2802 alias
1247 2769 1498 2815 compositam,
1532 2776 1662 2815 natam,

176 2810 338 2845 mteritui
367 2814 572 2860 obnoxiam,
607 2828 730 2851 rursus
756 2812 998 2850 immortalem.
1047 2813 1215 2848 iudicium
1246 2825 1386 2860 quoque
1409 2822 1492 2860 post
1514 2822 1661 2851 mortem

176 2855 278 2900 fieri,
314 2860 352 2891 et
381 2870 458 2894 esse
488 2863 590 2907 apud
612 2863 747 2898 inferos
776 2860 932 2897 tribunal
955 2860 1125 2905 affirmat,
1160 2871 1202 2894 ac
1224 2861 1336 2895 bonas
1361 2862 1502 2906 quidem
1526 2862 1662 2898 animas

176 2902 303 2939 bonam
325 2907 518 2942 mercedem
536 2910 728 2957 consequi,
751 2907 860 2945 malas
881 2907 990 2954 digna
1011 2906 1200 2954 supplicia.
1248 2907 1360 2943 tradit
1380 2908 1486 2945 etiam
1503 2914 1659 2946 mortuo-
