1742 3184
191 176 292 224 266
676 178 916 226 GEORGII
950 181 1198 227 CEDRENI

193 294 419 338 Γαλιλαίαν
437 293 540 340 ἕλὼν
560 296 617 348 εἷς
632 295 706 354 τὴν
725 297 938 354 Αἷᾷιυπτον
957 296 1140 355 ἄφίκετο.
1208 295 1313 342 ἔνθα
1339 295 1417 355 τήν
1433 317 1477 345 τε
1495 297 1672 358 ἄνυδρον

135 368 168 405 D
186 364 332 423 χώραν
357 367 423 408 καὶ
444 365 518 421 τὴν
541 366 790 424 πικροτάτην
817 368 961 423 λίμνην
988 368 1035 411 τό
1061 384 1104 412 τε
1127 368 1235 426 ἱερὸν
1256 367 1472 425 ’Άμμωνος
1496 372 1565 414 καὶ
1593 371 1673 415 ὅσα

191 435 295 490 παρ’
330 435 545 492 Αἴγυπτον
571 435 797 492 μυθεύεται
829 434 1111 491 θεασάμενος,
1157 439 1224 480 καὶ
1265 438 1387 495 ἱεροῖς
1426 438 1671 496 ἀναθήμασι

192 503 394 560 τιμήσας,
427 506 531 561 πρὸς
556 510 615 564 τῷ
640 511 712 561 τῆς
739 504 959 562 θαλάσσης
979 506 1152 562 στόματι
1174 505 1291 551 πόλιν
1311 507 1522 564 ἐπώνυμον
1539 508 1673 569 ἑαυτῷ

191 575 266 630 τὴν
296 573 601 632 Ἀλεξάνδρειαν
636 577 779 628 κτίζει,
809 579 868 634 τῷ
901 574 1067 635 ἑβδόμῳ
1098 576 1175 620 ἴτει
1200 581 1274 633 τῆς
1298 580 1510 632 βασιλείας
1531 580 1705 625 witoni-5

191 645 260 687 καὶ
287 644 357 687 διὰ
379 649 454 700 τῆς
476 648 550 688 τοῦ
573 647 724 688 Νείλου
750 643 950 703 διώρυγος
975 646 1039 688 ἐπὶ
1068 647 1142 702 τὴν
1160 651 1242 690 τῶν
1257 647 1482 705 Ἀσσυρίων
1503 653 1580 706 γῆν
1603 649 1672 707 ἕρ-

187 731 305 769 χεται
319 746 332 766 ,
367 716 435 758 καὶ
457 712 693 769 πολεμήσας
713 715 892 772 Δαρεῖον
911 713 1055 759 ἑκατὸν
1073 715 1108 758 λ’
1125 716 1317 772 χιλιάδας
1331 717 1557 775 Ἀσσυρίων
1579 721 1672 762 δια-

191 785 366 841 φθείρει.
436 783 560 835 αὗτός
586 785 630 827 δὲ
652 786 833 840 Δαρεῖος
858 783 1017 842 φεύγων
1042 784 1122 829 ὑπὸ
1146 789 1251 830 ι’δίου
1271 786 1483 844 σατράπου
1514 787 1674 844 (ὄνομα

188 851 321 910 τούτῳ
341 853 499 907 Βέσος)
529 853 603 908 τὴν
628 854 810 912 κεφαλὴν
831 854 1075 913 ἀφαιρεθεὶς
1093 860 1273 916 τελευτᾷ.
1343 857 1436 899 ἀλλ’
1461 855 1482 900 ὃ
1502 860 1576 913 μὲν
1595 876 1674 901 σα-

189 921 350 980 τράπης
367 924 481 972 δίκας
499 921 623 974 ἔτισε,
659 923 705 967 τὸ
729 925 773 968 δὲ
792 925 973 981 Δαρείου
994 929 1115 980 σῶμα
1136 927 1303 981 ἐντίμως
1323 925 1548 982 κηδεύεται.
1601 926 1675 983 τήν
1689 936 1731 972 10

190 1009 233 1035 ’τε
255 992 511 1045 Περσέπολιν
532 991 704 1047 διαβάς,
740 993 843 1036 ἔνθα
864 995 916 1036 τὰ
937 997 1114 1050 Περσῶν
1134 998 1344 1048 βασίλεια,
1381 995 1508 1052 αὐτήν
1529 1014 1571 1040 τε
1596 995 1675 1040 εἷλε

194 1064 261 1106 καὶ
283 1065 449 1104 Σοῦσαν
469 1063 537 1104 καὶ
557 1063 633 1113 τὰς
653 1063 833 1120 Δαρείου
855 1065 1089 1121 θυγατέρας
1109 1063 1196 1119 ἅμα
1215 1070 1266 1122 τῇ
1283 1067 1407 1122 μητρὶ
1425 1069 1492 1108 καὶ
1510 1065 1676 1123 μάμμῃ.

49 1140 77 1174 Ρ
106 1139 172 1174 152
196 1133 263 1174 καὶ
282 1129 516 1182 καταλύσας
531 1132 607 1187 τὴν
617 1134 796 1189 Περσῶν
813 1133 943 1189 ἀρχὴν
962 1134 1235 1191 διαρκέσασαν
1253 1135 1332 1177 ἀπὸ
1346 1134 1490 1192 Κύρου
1510 1136 1578 1192 ἔτη
1598 1134 1678 1188 σδ’,

194 1200 271 1252 τάς
293 1219 334 1244 τε
355 1199 492 1251 πόλεις
519 1200 787 1259 πυρπολήσας
806 1205 873 1245 καὶ
894 1203 965 1245 τὸν
987 1203 1031 1251 ἓν
1050 1204 1192 1254 αὐταῖς
1215 1203 1467 1262 ἀφελόμενος
1488 1209 1677 1257 πλοῦτον,

195 1271 299 1328 πρὸς
321 1268 532 1327 Μάρδους
553 1272 621 1313 καὶ
643 1273 923 1327 Κεδρουσίους
948 1274 1015 1314 καὶ
1034 1270 1260 1330 (Υρκανοὺς
1287 1276 1356 1316 καὶ
1383 1275 1481 1325 τοὺς
1510 1276 1677 1331 λεγομέ-
1691 1279 1734 1315 15

195 1358 292 1391 νους
315 1340 616 1396 Ἀριμασπούς,
652 1341 695 1392 ἐξ
717 1335 775 1384 ὧν
798 1341 1012 1396 Θαλευτὴν
1033 1341 1108 1396 τὴν
1123 1342 1326 1397 Ἀμαζόνα
1347 1342 1565 1400 σύμμαχον
1589 1346 1679 1388 ἐδί-

195 1413 318 1461 ξατο,
352 1411 668 1467 Παραπανίταις
691 1428 734 1453 τε
758 1412 826 1453 καὶ
859 1417 945 1462 τοῖς
976 1413 1068 1468 περὶ
1099 1412 1170 1454 τὸν
1199 1411 1478 1469 Θερμώδοντα
1508 1416 1575 1456 καὶ
1605 1414 1680 1469 τὴν

195 1480 412 1535 λεγομένην
446 1478 596 1535 ἄορνον
623 1481 775 1537 πέτραν
798 1482 1037 1538 ε’πεφοίτησε
1047 1513 1060 1533 ,
1090 1480 1193 1538 πρός
1214 1500 1258 1525 τε
1278 1483 1352 1538 τὴν
1369 1483 1508 1526 Ἰνδῶν
1520 1482 1680 1538 χώραν,

192 1543 243 1602 ’ἧς
267 1550 421 1604 Πῶρος
454 1549 735 1602 ε’βασιλευσεν,
772 1550 874 1607 ἀνὴρ
899 1550 993 1593 εἴδει
1018 1568 1060 1593 τε
1084 1553 1150 1593 καὶ
1175 1550 1279 1609 ἔργῳ
1299 1553 1488 1607 μέγιστος
1497 1584 1509 1604 ,
1546 1552 1591 1603 ὃς
1612 1555 1681 1596 καὶ

194 1621 252 1668 εἰς
277 1624 417 1673 χεῖρας
448 1618 585 1659 ἐλθὼν
603 1618 896 1675 Ἀλεξάνδρου,
927 1619 1104 1670 πολλούς
1132 1638 1173 1663 τε
1201 1626 1283 1663 τῶν
1300 1622 1440 1665 Ἰνδῶν
1461 1624 1739 1677 ζημιωθεὶςὲθ

194 1688 265 1730 καὶ
295 1688 473 1744 τρωθεὶς
503 1687 574 1729 τὸν
605 1687 767 1743 ἀγκῶνα
776 1720 790 1740 ,
826 1688 902 1731 σὺν
919 1693 979 1746 τῷ
997 1690 1185 1746 ἐλέφαντι
1207 1691 1423 1744 κατέπεσε,
1456 1695 1611 1747 πολλῆς
1639 1710 1682 1736 τε

193 1757 419 1813 θεραπείας
460 1755 595 1811 τυχών
637 1754 855 1812 σύμμαχος
888 1757 1174 1815 Ἀλεξάνδρου
1207 1760 1378 1816 γέγονεν.
1448 1762 1604 1804 ἐκεῖθέν
1640 1779 1684 1805 τε

143 1834 173 1870 Β
197 1824 346 1879 διαβὰς
370 1827 426 1875 εἷς
448 1824 500 1867 τὰ
524 1823 667 1883 πρόσω
689 1831 763 1881 τῆς
781 1827 936 1877 Ἰνδίας
958 1828 1064 1885 μέρη
1089 1830 1158 1870 καὶ
1182 1829 1256 1884 τὴν
1275 1832 1488 1883 βασιλείαν
1512 1830 1686 1874 Κανδάο

197 1912 272 1951 κης
300 1898 374 1950 τῆς
398 1892 556 1952 χήρας,
590 1893 665 1938 ὑπ’
692 1897 828 1952 >αὐτῆς
853 1896 1096 1955 συνελήφθη
1118 1895 1257 1958 τρόπῳ
1278 1902 1435 1960 τοιῷδε.
1506 1899 1606 1952 ἔθος
1635 1896 1687 1957 ἦν

199 2062 286 2087 rene
310 2053 347 2086 et
371 2050 534 2085 Galilaea
563 2050 744 2098 occupatis
767 2050 806 2086 in
829 2050 1031 2098 Aegyptum
1054 2064 1095 2087 se
1120 2053 1280 2089 contulit.
1329 2054 1381 2090 ibi
1411 2058 1542 2091 terram
1573 2067 1689 2102 aquae

199 2103 404 2144 expertem,
441 2096 692 2132 amarissimam
722 2097 907 2143 paludem,
942 2099 1107 2145 templum
1139 2100 1335 2146 Ammonis,
1374 2105 1411 2137 et
1442 2114 1534 2148 quae
1557 2103 1627 2138 alia
1651 2103 1690 2138 in

198 2145 364 2191 Aegypto
387 2143 550 2180 fabulosa
571 2150 654 2179 sunt
675 2144 951 2191 contemplatus,
987 2158 1030 2180 ac
1052 2146 1145 2181 fanis
1169 2147 1316 2182 donaria
1337 2148 1509 2195 largitus,
1538 2150 1584 2185 ad
1607 2150 1690 2185 fau-

200 2203 259 2226 ces
288 2191 395 2226 maris
428 2192 552 2226 urbem
583 2191 653 2226 sibi
684 2191 924 2236 cognominem
948 2191 1204 2228 Alexandream
1222 2194 1363 2240 posuit,
1397 2207 1490 2230 anno
1508 2196 1564 2231 sui
1587 2196 1691 2241 regni

202 2238 367 2284 septimo.
414 2237 498 2272 hinc
521 2249 586 2282 per
609 2237 685 2272 Nili
708 2239 837 2273 fossam
862 2237 900 2272 in
923 2238 1106 2284 Assyriam
1124 2241 1314 2286 advectus,
1340 2253 1460 2287 pugna
1482 2253 1558 2278 cum
1578 2243 1689 2278 Dario

200 2286 315 2329 facta,
355 2284 424 2319 130
457 2283 555 2319 milia
589 2284 815 2329 Assyriorum
848 2284 994 2320 delevit.
1041 2286 1171 2322 Darius
1195 2287 1234 2322 in
1256 2288 1341 2333 fuga
1367 2300 1389 2322 a
1410 2289 1523 2323 Besso
1546 2296 1691 2335 satrapa

201 2343 266 2366 suo
299 2330 419 2377 capite
450 2335 633 2366 truncatus
667 2331 789 2377 periit.
836 2331 899 2366 sed
933 2332 1065 2367 Bessus
1097 2345 1231 2380 poenas
1263 2334 1409 2369 sceleris
1433 2335 1555 2380 dedit,
1588 2336 1691 2371 Darii

201 2389 331 2423 corpus
354 2376 557 2412 Alexander
579 2378 772 2412 honorifice
792 2377 972 2424 sepelivit.
1020 2391 1126 2424 porro
1150 2381 1383 2427 Persepolin,
1406 2381 1469 2416 ubi
1491 2381 1592 2427 regia
1613 2388 1693 2418 erat

200 2424 402 2467 Persarum,
428 2424 624 2470 profectus,
649 2436 724 2459 eam
744 2425 878 2469 urbem,
903 2436 945 2459 ac
968 2425 1062 2460 Susa
1085 2428 1191 2462 etiam
1218 2434 1254 2463 et
1276 2427 1367 2462 filias
1391 2433 1535 2463 matrem
1555 2428 1689 2464 aviam-

202 2482 272 2516 que
295 2470 395 2503 Darii
418 2470 528 2516 cepit.
575 2470 621 2505 iis
640 2471 787 2506 urbibus
803 2470 980 2514 incensis,
1005 2473 1264 2519 Persarumque
1280 2485 1413 2519 regno,
1436 2475 1530 2520 quod
1549 2487 1570 2510 a
1591 2476 1691 2520 Cyro

202 2527 314 2550 annos
339 2515 409 2551 204
431 2517 633 2562 duraverat,
660 2529 798 2561 everso,
821 2518 998 2552 thesauris
1023 2520 1159 2555 urbium
1182 2532 1301 2556 earum
1324 2520 1465 2565 ablatis,
1487 2521 1525 2556 in
1547 2521 1693 2557 Mardos

204 2563 402 2597 Gedrosios
426 2563 616 2609 Hyrcanos
641 2570 678 2599 et
700 2564 904 2610 Arimaspos
927 2564 1049 2609 duxit3
1088 2579 1133 2600 ex
1164 2567 1292 2613 quibus
1314 2567 1515 2602 Thaleutan
1539 2568 1691 2603 Amazo-

204 2620 284 2642 nem
316 2609 447 2643 sociam
480 2610 565 2645 belli
595 2610 760 2646 adscivit.
808 2610 891 2645 inde
924 2611 1175 2658 Paropanitas,
1215 2619 1252 2648 et
1273 2625 1335 2647 eos
1359 2613 1421 2659 qui
1443 2614 1489 2648 ad
1513 2613 1689 2649 Thermo-

205 2655 346 2688 dontem
372 2656 517 2691 fluvium
547 2669 588 2692 ac
613 2669 735 2692 saxum
766 2659 922 2692 Aornum
953 2659 1134 2705 habitant,
1168 2659 1286 2706 petiit.
1335 2661 1379 2694 ab
1415 2660 1469 2695 his
1494 2660 1532 2694 in
1554 2661 1692 2696 Indiam

206 2700 409 2745 contendit,
443 2702 504 2737 ubi
535 2704 651 2738 Porus
684 2705 874 2749 regnabat,
912 2704 970 2738 vir
999 2706 1112 2741 forma
1140 2706 1316 2751 factisque
1344 2717 1511 2742 summus.
1558 2707 1589 2742 is
1615 2719 1692 2742 cum

205 2745 405 2781 Alexandro
430 2755 593 2784 conserto
620 2751 776 2796 praelio,
810 2750 928 2786 multis
949 2752 1116 2787 Indorum
1138 2764 1279 2787 suorum
1300 2752 1461 2798 amissis,
1485 2759 1632 2800 accepto
1654 2754 1694 2787 in

207 2791 361 2826 cubitum
387 2793 530 2828 vulnere
553 2807 630 2831 cum
655 2798 843 2843 elephanto
868 2797 1042 2842 concidit,
1065 2798 1323 2844 diligenterque
1345 2804 1487 2835 curatus
1510 2811 1587 2834 cum
1609 2800 1695 2834 Ale-

208 2837 342 2872 xandro
367 2838 491 2874 foedus
517 2847 553 2875 et
576 2843 783 2879 societatem
807 2843 957 2890 pepigit.
1004 2845 1206 2880 Alexander
1227 2845 1265 2879 in
1292 2845 1494 2881 ulteriorem
1525 2858 1693 2892 progres-

209 2896 269 2920 sus
299 2884 436 2920 Indiam
470 2891 508 2921 et
537 2899 681 2933 regnum
718 2891 908 2926 candacae
937 2890 1089 2939 viduae,
1124 2894 1169 2928 ab
1194 2903 1238 2927 ea
1259 2898 1316 2928 est
1339 2893 1407 2928 hoc
1430 2897 1535 2939 pacto
1553 2896 1692 2939 captus.
