1742 3184
403 65 804 199 msTgRIARUM
836 153 1229 201 commumoni.
1460 157 1558 205 621

82 272 152 313 καὶ
171 270 246 326 τὴν
261 267 432 327 γυναῖκά
456 286 531 313 σου
555 269 786 320 ὃιαὸέξεταί
799 285 861 319 τις
879 268 960 311 ἀπὸ
985 270 1273 326 σιλεντιαρίων,
1309 269 1379 325 ἐμὲ
1403 273 1448 315 δὲ
1468 274 1558 316 ἀδί-

84 356 168 391 κως
189 341 433 390 ἀποκτενεῖς.
501 340 566 380 καὶ
596 337 810 396 ἀμφότερα
837 338 879 380 ἓν
908 346 1066 395 καιροῖς
1100 346 1184 390 τοῖς
1216 341 1334 390 ι’ὁίὀις
1360 342 1559 397 γεγόνασι.

85 413 144 466 τῷ
163 409 207 451 δ’
235 408 346 467 αὐτῷ
369 407 446 451 ἔτει
467 410 533 450 καὶ
553 408 716 464 Πέτρος
739 405 759 448 ὅ
779 408 974 465 Κναφεῦς
996 409 1189 463 τέθνηκε,
1224 410 1291 450 καὶ
1318 409 1406 452 ἀντ’
1433 411 1560 454 αὐτοῦ

84 476 352 529 Παλλάδιος,
386 474 662 533 πρεσβύτερος
695 479 769 531 τῆς
798 477 840 518 ἓν
868 478 1063 536 Σελευκία
1096 478 1310 532 ἐκκλησίας
1340 483 1414 532 τῆς
1444 478 1560 536 ἁγίας

51 546 436 604 ὄπρωτομάρτυρος
487 545 666 600 Θέκλης,
736 544 976 602 προεβλήθη
1025 547 1241 597 ἐπίσκοπος
1290 546 1561 604 Ἀντιοχειάς.

84 618 379 672 συνεψηφίσθη
407 615 452 657 δὲ
479 612 610 671 τούτῳ
640 615 708 656 καὶ
734 613 923 670 Ἰωάννης
954 613 974 657 ὅ
999 617 1310 660 Κωνσταντίνου
1332 620 1401 660 καὶ
1426 618 1562 662 Ἀνα-

82 683 252 735 στάσιος
273 682 296 726 ὃ
313 687 448 734 κακῶς
463 682 712 738 βασιλεύσας
732 684 1007 742 σιλεντιάριος.

216 751 268 796 ‘O
294 753 432 807 μέντοι
456 751 601 808 Ζήνων
635 754 832 810 ἐπαρθεὶς
863 751 1189 811 ὗψηλοφροσύνῃ
1220 753 1323 811 πρὸς
1354 754 1565 810 δημεύσεις

84 823 154 866 καὶ
179 819 333 880 φόνους
354 821 520 872 ἀδίκους
535 828 681 878 χωρεῖ,
725 824 792 864 καὶ
819 821 952 864 πάντα
980 822 1203 878 ἄνθρωπον
1235 822 1472 877 αἰτιώμενος
1494 827 1562 868 διὰ

31 905 76 942 10
87 896 160 946 τῆς
187 891 353 939 οἱασοῦν
374 891 506 941 αῗτίας
534 890 686 948 ἀνῄρει.
757 892 802 934 τὸ
834 893 878 934 δ”
913 892 1067 947 ἀληθὲς
1090 894 1223 943 εἰπεῖν,
1258 891 1337 934 ὑπὸ
1358 897 1560 949 μελαγχο-
1583 904 1614 939 C

86 962 176 1011 λιάς
203 962 270 1002 καὶ
301 961 497 1018 δαιμονίῳ
522 959 797 1017 κρατούμενος
819 961 972 1004 ἀνεῖλεν
995 965 1166 1017 οἰκτρῶς
1185 963 1252 1003 καὶ
1275 961 1566 1020 ἀπανθρώπως

77 1029 213 1073 ’Ἰλλον
242 1029 313 1072 τὸν
342 1029 592 1086 μάγιστρον,
637 1029 696 1071 δι’
724 1024 772 1072 οὗ
795 1032 862 1072 καὶ
891 1031 966 1085 τὴν
994 1031 1100 1085 ζωὴν
1122 1030 1266 1084 σχεδὸν
1288 1029 1377 1085 ἔσχε
1399 1034 1467 1074 καὶ
1491 1038 1565 1086 τῆς

85 1100 297 1154 βασιλείας
331 1097 562 1156 ἐκράτησεν.
634 1099 796 1154 ἀναιρεῖ
825 1100 870 1141 δὲ
905 1101 971 1141 καὶ
999 1100 1069 1142 τὸν
1097 1099 1345 1153 θαυμαστὸν
1377 1103 1445 1142 καὶ
1472 1104 1563 1159 περὶ

86 1170 248 1223 ποίησιν
277 1168 384 1210 ἐπῶν
418 1167 631 1224 ἀξιόλογον
664 1167 795 1225 ἄνδρα
821 1168 1028 1224 Πελάγιον
1050 1169 1119 1211 τὸν
1139 1170 1363 1225 πατρίκιον,
1398 1170 1564 1213 ε’λευθε-
1593 1194 1597 1197 -

33 1251 77 1288 15
90 1243 301 1296 ροστομεΐν
321 1236 472 1289 εἷδότα,
509 1234 565 1287 ὥς
581 1236 780 1295 φρόνιμον
797 1239 863 1279 καὶ
886 1240 1038 1280 δίκαιον
1057 1240 1122 1280 καὶ
1144 1243 1330 1294 φανερῶς
1351 1239 1564 1294 ἐλέγχοντα

85 1307 161 1357 τὰς
188 1308 410 1362 ἀθεμίτους
432 1305 623 1361 Ζήνωνος
647 1306 835 1364 πράξεις·
871 1306 916 1357 ὃς
935 1309 976 1350 ἕν
995 1312 1054 1365 τῷ
1074 1308 1232 1361 μέλλειν
1255 1308 1404 1358 ἀδίκως
1425 1312 1563 1351 τελευ-

86 1380 163 1420 τᾶν
191 1375 356 1420 τοιάσδε
390 1375 532 1432 φωνὰς
563 1376 673 1433 ἠφίει
704 1376 807 1432 πρὸς
839 1375 910 1418 τὸν
930 1381 1010 1418 τῶν
1035 1375 1140 1419 ὅλων
1159 1375 1274 1428 θεόν,
1311 1378 1366 1426 εἷς
1389 1377 1563 1433 οὐρανὸν

87 1445 164 1496 τὰς
180 1451 324 1503 χεῖρας
344 1444 622 1496 ἀναπετάσας,
651 1443 730 1487 “α’ῖ
761 1446 833 1487 θεὲ
866 1443 1117 1498 δικαιότατε,
1162 1446 1250 1500 ἐμοὶ
1272 1445 1346 1499 μὲν
1375 1445 1565 1502 ἐπάγεται

86 1516 223 1569 βίαιος
245 1513 446 1566 θάνατος,
492 1513 595 1556 διότι
615 1514 689 1564 τὰς
710 1514 865 1565 πολλὰς
881 1516 978 1567 βίας
1000 1513 1191 1570 Ζήνωνος
1212 1515 1568 1570 ἐλευθεροστομῶν

31 1584 349 1636 ξοᾶνέστελλον,
394 1585 462 1626 καὶ
488 1583 550 1626 ὃτι
575 1583 647 1626 τὸν
671 1584 833 1639 ἠλίθιον
863 1584 1041 1641 ἀὸἐλᾳόν
1073 1584 1200 1627 αὐτοῦ
1236 1582 1284 1626 οὗ
1309 1582 1562 1641 συνεχώρουν
1583 1597 1615 1632 D

86 1654 260 1709 βασιλέα
281 1652 495 1709 γενέσθαι·
531 1652 581 1696 σὺ
606 1654 671 1704 δέ,
703 1654 879 1695 δέσποτα
896 1651 1181 1707 παντοδῦναμε
1190 1685 1204 1704 ,
1241 1646 1275 1711 ᾧ
1294 1653 1405 1706 μέλει
1424 1653 1476 1695 τὰ
1494 1658 1569 1697 τοῦ

88 1723 271 1776 δικαίου,
302 1726 461 1765 θᾶττον
483 1721 622 1773 αὐτοῖς
643 1727 717 1777 τῆς
737 1725 978 1780 μιαιφονίας
998 1722 1236 1778 ἀπαιτήσεις
1255 1721 1330 1772 τὰς
1349 1721 1563 1773 ambazac?

86 1790 236 1836 τούτου
253 1832 258 1838 ,
278 1792 444 1851 φέρεται
482 1791 641 1850 ἱστορία
673 1791 732 1835 δι’
767 1793 874 1835 ἐπῶν
906 1793 1163 1851 γεγραμμένη
1204 1791 1283 1834 ἀπὸ
1320 1790 1567 1848 Αὐγούστου

86 1969 242 2015 accipiet
278 1968 419 2015 quidam
451 1969 496 2005 de
527 1969 765 2014 silentiariis,
803 1982 858 2005 me
891 1974 1008 2005 autem
1035 1968 1166 2004 iniuste
1197 1964 1383 2003 occides.”
1442 1969 1567 2006 horum

87 2023 273 2061 utrumque
303 2027 367 2050 suo
397 2021 557 2062 tempore
588 2017 704 2050 exitus
735 2018 993 2061 comprobavit.
1052 2018 1173 2050 eodem
1200 2027 1290 2049 anno
1316 2015 1444 2050 Petrus
1469 2017 1566 2051 Cna-

114 2063 202 2097 heus
223 2061 300 2096 vita
322 2062 474 2106 decedit,
498 2062 605 2106 inque
629 2063 705 2096 eius
728 2062 840 2096 locum
865 2063 1053 2108 episcopus
1076 2061 1293 2095 Antiocheae
1317 2067 1457 2096 creatur
1481 2063 1566 2096 Pal-

102 2109 216 2152 adius,
241 2109 430 2154 presbyter
451 2108 573 2154 templi
594 2114 738 2143 sanctae
762 2115 952 2153 martyrum
976 2108 1148 2154 principis
1172 2107 1345 2151 Theclae,
1371 2109 1465 2152 quod
1487 2112 1566 2143 erat

87 2154 287 2190 Seleuciae.
333 2155 587 2199 suffragatores
628 2154 754 2189 habuit
791 2155 959 2189 Ioannem
999 2154 1222 2200 Cpolitanum
1263 2159 1301 2188 et
1330 2153 1563 2200 Anastasium,

85 2203 186 2238 cuius
212 2202 314 2236 modo
337 2201 568 2235 meminimus.

180 2248 373 2283 Enimvero
397 2248 508 2282 elatus
532 2247 626 2281 fastu
650 2247 769 2291 Zeno,
804 2252 865 2281 aut
894 2247 956 2290 (ut
977 2247 1109 2281 rectius
1133 2246 1279 2291 loquar)
1313 2248 1414 2279 atrae
1445 2246 1565 2291 potius

86 2294 172 2332 bilis
194 2296 317 2329 morbo
341 2300 378 2329 et
401 2294 504 2329 furiis
526 2301 645 2338 actus,
673 2295 717 2328 ad
742 2295 912 2328 bonorum
939 2293 1191 2338 publicationes
1210 2298 1246 2327 et
1265 2291 1413 2326 iniustas
1437 2293 1566 2326 caedes

87 2341 239 2376 animum
265 2341 411 2376 adiecit.
458 2352 536 2375 nam
559 2340 719 2386 proximo
745 2341 872 2386 cuique
904 2340 1036 2374 crimen
1069 2339 1288 2382 intentabat,
1321 2349 1470 2383 eumque
1497 2349 1568 2384 qua

87 2389 167 2423 iure
194 2399 265 2433 qua
293 2387 424 2422 iniuria
451 2388 496 2422 de
532 2387 645 2421 medio
676 2386 834 2421 tollebat.
882 2386 1081 2420 miseranda
1110 2397 1196 2432 prae
1228 2385 1357 2419 ceteris
1389 2391 1495 2429 atque
1527 2384 1568 2420 in

87 2434 212 2481 primis
236 2434 422 2468 inhumana
443 2434 570 2468 caedes
592 2433 660 2468 suit
683 2433 738 2468 Illi
763 2433 942 2478 magistri,
968 2432 1028 2478 qui
1053 2438 1089 2466 et
1114 2432 1220 2466 vitam
1244 2431 1321 2465 eius
1343 2435 1507 2465 servarat
1527 2437 1568 2466 et

87 2492 168 2516 eum
191 2480 236 2515 ad
259 2480 443 2527 imperium
467 2485 648 2514 evexerat.
696 2479 878 2514 interfecit
900 2479 1006 2514 etiam
1028 2478 1207 2523 Pelagium
1232 2476 1427 2522 patricium,
1453 2477 1568 2513 virum

89 2527 308 2573 praeclarum
333 2534 369 2561 et
391 2526 554 2561 carminis
578 2527 773 2572 scriptione
795 2526 989 2570 insignem,
1027 2525 1118 2571 quod
1143 2525 1174 2559 is
1198 2536 1262 2571 pro
1290 2534 1353 2558 sua
1379 2523 1570 2570 prudentia

89 2579 128 2607 et
155 2573 293 2608 iustitia
321 2573 521 2608 libertatem
555 2572 696 2607 dicendi
725 2572 795 2607 sibi
819 2583 959 2607 sumens
982 2571 1137 2606 Zenonis
1163 2569 1300 2605 nefaria
1322 2570 1482 2604 facinora
1501 2581 1568 2615 pa-

88 2619 156 2654 lam
193 2620 405 2655 incessebat.
452 2619 640 2654 moriturus
674 2619 834 2653 manibus
869 2619 907 2653 in
938 2618 1069 2653 caelum
1103 2618 1250 2652 intentis
1281 2617 1383 2651 deum
1416 2616 1568 2650 omnium

90 2677 208 2701 rerum
241 2667 509 2711 gubernatorem
541 2666 594 2699 sic
628 2670 685 2700 est
715 2672 901 2711 precatus:
934 2661 979 2699 “o
1005 2664 1196 2699 iustissime
1225 2664 1331 2707 deus,
1367 2661 1452 2697 mihi
1485 2661 1567 2708 qui-

91 2713 170 2747 dem
197 2713 328 2748 iniusta
359 2725 463 2748 neces
497 2712 671 2755 insertur,
703 2717 895 2758 propterea
925 2711 1018 2757 quod
1050 2711 1163 2746 libero
1198 2722 1260 2745 ore
1285 2708 1440 2744 Zenonis
1461 2707 1570 2743 multa

88 2759 251 2794 facinora
273 2759 428 2795 violenta
447 2758 624 2804 repressi,
659 2762 696 2792 et
714 2759 807 2803 quod
832 2758 965 2793 fatuum
989 2757 1066 2792 eius
1090 2758 1237 2792 fratrem
1259 2755 1357 2791 nolui
1379 2755 1567 2790 Caesarem

90 2805 286 2851 designari.
333 2812 372 2841 tu
396 2811 524 2849 autem,
551 2804 690 2840 domine
716 2805 957 2850 omnipotens,
982 2804 1043 2849 qui
1065 2803 1224 2840 iustitiae
1248 2803 1421 2839 rationem
1445 2801 1569 2845 habes,

90 2863 194 2898 quam
216 2853 365 2899 primum
386 2851 560 2889 scelerata
584 2863 705 2887 eorum
726 2850 914 2887 homicidia
934 2846 1099 2898 punito-’²
1146 2854 1264 2887 exstat
1284 2847 1435 2884 historia
1456 2848 1501 2884 ab
1524 2859 1568 2891 eo
