1742 3184
189 178 289 228 268
671 180 911 225 GEORGII
945 179 1190 226 CEDRENI

330 297 383 341 Οἳ
407 296 540 342 τοίνυν
560 300 803 357 Βραχμᾶνες
822 294 943 348 ἔθνος
962 296 1064 340 εῗσέν
1085 293 1394 352 εὐσεβέστατον,
1428 295 1520 352 βίον
1541 293 1667 353 ἀκτή-

188 384 296 423 μονα
327 365 493 426 σφόδρα
525 368 778 423 κεκτημένοι,
826 369 892 409 καὶ
933 370 1096 422 γυμνῶς
1128 368 1342 420 διαζῶντες
1370 366 1431 409 ἀεὶ
1462 367 1533 410 τὸν
1565 366 1668 410 θεὸν

193 436 420 490 δοξάζουσι.
489 437 591 495 παρ’
617 435 678 488 οἷς
701 437 749 480 οὗ
769 433 1017 493 τετράποδον
1037 435 1144 479 ἔστιν
1155 469 1169 488 ,
1204 436 1252 479 οὗ
1279 434 1495 493 γεώργιον,
1530 435 1579 478 οὗ
1603 436 1667 479 σί-

192 509 338 564 δηρος,
381 504 455 550 οῦκ
486 504 682 562 οἰκοδομή
692 538 705 558 ,
742 505 789 549 οὗ
822 510 928 563 πῦρ,
964 505 1012 548 οὐ
1041 504 1219 562 χρυσός,
1254 505 1328 548 οὒκ
1361 505 1538 563 ἄργυρος
1546 537 1559 557 ,
1594 506 1667 549 οὐκ

192 575 337 632 ἄρτος,
390 575 464 618 οὐκ
501 573 630 627 οἶνος,
678 575 754 630 οὐχ
787 573 970 629 ἱμάτιον,
1013 574 1061 617 οὗ
1093 576 1348 632 κρεωφαγία,
1385 574 1459 617 οὐκ
1495 574 1595 617 ἄλλο
1628 592 1666 617 τι
1680 580 1701 616 5

50 648 80 686 P
106 651 174 688 153
197 645 279 689 τῶν
302 647 359 696 εἷς
380 645 572 703 ἐργασίαν
593 642 890 687 συντελούντων
921 643 948 700 ἢ
973 643 1077 702 πρὸς
1109 642 1336 687 ἀπόλαυσιν
1363 642 1669 687 συντεινόντων·

195 714 302 757 ἀλλὰ
323 714 393 757 τὸν
415 712 539 770 ὑγρὸν
556 715 624 756 καὶ
647 713 795 770 γλυκὺν
814 716 882 756 καὶ
907 713 1102 771 εὔκρατον
1123 713 1227 770 ἄγαν
1247 715 1313 756 καὶ
1334 711 1549 756 κάλλιπον
1571 713 1674 771 ἀέρα

195 786 263 827 καὶ
296 781 431 838 πάσης
462 783 692 839 ἀρρωστίας
727 784 796 825 καὶ
831 787 1000 842 φθορᾶς
1030 782 1337 839 ἀπηλλαγμένον
1368 787 1572 834 σπῶντες,
1604 783 1673 824 καὶ

196 857 347 909 μικρᾶς
374 851 542 909 ὀπώρας
569 853 636 895 καὶ
665 851 939 896 διειδεστάτου
965 852 1117 903 ὕδατος
1146 850 1438 904 ἀπολαύοντες,
1486 852 1675 906 σέβονται

194 924 367 979 γνησίως
387 921 456 964 τὸν
476 920 579 964 θεὸν
600 923 667 963 καὶ
689 922 956 973 ἀδιαλείπτως
977 920 1284 979 προσεύχονται.
1354 923 1422 964 καὶ
1446 921 1485 963 οἶ
1505 922 1579 976 μὲν
1602 920 1674 963 ἄν·
1686 925 1731 960 10

196 994 290 1048 δρες
311 993 366 1041 εἷς
387 990 432 1033 τὸ
454 995 526 1033 τοῦ
548 990 727 1034 ὠκεανοῦ
745 991 869 1048 μέρος
889 995 1178 1049 παροικοῦσιν,
1206 991 1248 1033 αἱ
1272 991 1316 1034 δὲ
1338 997 1522 1047 γυναῖκες
1542 991 1676 1032 ἐντεῦ-

196 1065 273 1103 θεν
302 1063 375 1102 τοῦ
407 1064 596 1114 ποταμοῦ
615 1058 778 1117 Γάγγου
799 1065 874 1103 τοῦ
890 1061 1192 1117 παραρρέοντος
1212 1062 1268 1111 εἷς
1287 1060 1357 1103 τὸν
1380 1057 1556 1103 ὠκεανόν
1563 1091 1577 1111 ,
1613 1060 1676 1102 ἐπὶ

197 1130 244 1173 τὸ
276 1134 350 1184 τῆς
373 1130 528 1179 Ἰνδίας
554 1129 692 1185 μέρος.
762 1130 801 1172 οἱ
820 1134 918 1186 γοῦν
937 1129 1083 1187 ἄνδρες
1104 1135 1257 1184 περῶσι
1277 1129 1380 1186 πρὸς
1395 1128 1471 1179 τὰς
1486 1135 1678 1185 γυναῖκας

195 1199 360 1255 Ἰουλίῳ
391 1200 460 1240 καὶ
492 1197 724 1256 Αὐγούστῳ
754 1200 871 1254 μηνί,
916 1200 1017 1256 παρ’
1056 1197 1118 1249 οἷς
1149 1197 1380 1256 ὑπάρχουσι
1413 1196 1678 1255 ψυχρότεροι,

145 1272 176 1306 Β
200 1272 272 1311 τοῦ
300 1265 416 1322 ἡλίου
436 1267 538 1324 πρὸς
555 1266 666 1322 ἡμᾶς
683 1270 751 1310 καὶ
772 1268 876 1326 πρὸς
893 1273 1053 1326 βορρᾶν
1071 1267 1338 1323 ὖψωθέντος·
1372 1269 1414 1310 οῗ
1437 1284 1482 1323 γε
1514 1269 1583 1310 καὶ
1611 1267 1677 1309 εὖ-
1691 1272 1734 1309 15

88 1327 92 1339 '
198 1335 434 1394 κρατότεροι
463 1335 664 1392 γινόμενοι
688 1336 790 1394 πρὸς
813 1335 975 1396 οἶστρον
995 1337 1144 1388 αὐτοὺς
1160 1344 1280 1380 κινεῖν
1302 1337 1505 1393 λέγουσιν,
1541 1335 1678 1394 ὥσπερ

200 1406 252 1462 δὴ
275 1408 344 1448 καὶ
364 1407 435 1449 τὸν
455 1405 607 1449 Νεῖλόν
625 1422 752 1463 φασιν
771 1407 820 1449 οὗ
839 1407 944 1450 κατὰ
963 1406 1034 1450 τὸν
1055 1407 1180 1450 αὐτὸν
1197 1409 1264 1449 καὶ
1283 1414 1368 1457 τοῖς
1385 1405 1525 1457 ἄλλοις
1543 1409 1680 1461 πλημ-

196 1483 339 1534 μυρεῖν
359 1477 426 1518 καὶ
447 1474 529 1532 ῥεῖν
549 1482 771 1531 ποταμοῖς,
807 1476 914 1519 ἀλλὰ
933 1478 1001 1519 καὶ
1017 1481 1238 1531 μεσοῦντος
1255 1481 1328 1520 τοῦ
1346 1476 1499 1533 θέρους
1516 1473 1681 1518 ἐπικλύ-

199 1547 278 1598 ζειν
303 1544 377 1600 τὴν
399 1545 634 1600 Αἴγυπτον,
669 1543 725 1595 ὡς
745 1549 820 1588 τοῦ
839 1562 883 1601 γε
903 1544 1065 1597 πάντως
1084 1544 1199 1600 ἡλίου
1218 1546 1292 1600 τὴν
1310 1545 1569 1602 βορειοτέραν
1588 1547 1682 1587 δια-

197 1615 368 1664 θέοντος
394 1612 520 1668 ζώνην
542 1616 609 1656 καὶ
631 1620 718 1664 τοῖς
741 1614 881 1665 ἄλλοις
902 1618 1247 1672 παρενοχλοῦντος
1272 1620 1471 1668 ποταμοῖς
1492 1616 1561 1656 καὶ
1585 1619 1740 1669 ayt-20

199 1674 437 1741 κρύνοντος,
473 1681 620 1725 τούτου
644 1683 689 1725 δὲ
710 1687 898 1726 πλεῖστον
921 1684 1154 1739 ἀπέχοντος.
1222 1685 1291 1725 καὶ
1317 1681 1558 1739 ποιήσαντες
1580 1683 1685 1738 μετὰ

200 1757 281 1796 τῶν
301 1755 501 1809 γυναικῶν
524 1751 660 1794 αὐτῶν
680 1749 837 1808 ἡμέρας
853 1750 897 1808 μ’
915 1751 1038 1796 πάλιν
1058 1753 1316 1811 ἀντιπερῶσι.
1384 1757 1456 1808 τῆς
1478 1753 1522 1795 δὲ
1545 1770 1686 1808 γυναι-

202 1821 273 1873 κὸς
306 1820 380 1865 δύο
416 1821 562 1864 παιδία
590 1819 840 1878 γεννησάσης
867 1822 1001 1866 οὐκέτι
1028 1821 1050 1866 ὅ
1079 1822 1181 1881 ἀνὴρ
1203 1822 1398 1884 ἀντιπερᾷ
1419 1821 1523 1881 πρὸς
1544 1820 1687 1878 αὐτήν,

297 1942 342 1978 17
365 1937 486 1976 αὐτὸν
508 1939 594 1986 καὶ]
620 1937 740 1975 αὐτὸν
761 1937 921 1986 ualebat?

297 2044 536 2081 Brachmanes
556 2058 665 2092 porro
687 2058 774 2092 gens
797 2049 854 2081 est
874 2044 1154 2091 religiosissima.
1200 2045 1311 2082 vitam
1335 2057 1438 2093 opum
1462 2044 1602 2081 omnino
1627 2057 1690 2080 ex-

206 2095 343 2139 pertem
367 2098 499 2138 agunt,
524 2093 681 2138 nudique
703 2094 874 2138 degentes
897 2093 1039 2127 assidue
1060 2093 1162 2128 deum
1180 2093 1336 2129 laudant.
1384 2093 1480 2139 apud
1497 2105 1558 2127 eos
1576 2103 1693 2137 neque

206 2139 454 2194 quadrupedes
493 2151 610 2185 neque
647 2139 863 2185 agricultura
901 2145 977 2184 est,
1020 2151 1136 2185 neque
1173 2140 1305 2175 ferrum
1344 2151 1460 2185 neque
1494 2139 1692 2174 aedificium

206 2197 323 2231 neque
357 2185 451 2239 ignis
486 2198 603 2232 neque
637 2198 759 2221 aurum
794 2197 909 2230 neque
943 2191 1126 2241 argentum
1161 2198 1278 2232 neque
1308 2187 1410 2233 panis
1434 2197 1549 2232 neque
1571 2185 1691 2220 vinum

207 2243 325 2277 neque
359 2230 469 2266 vestis
499 2244 614 2277 neque
636 2232 753 2267 carnis
778 2244 857 2268 esus
884 2243 999 2277 neque
1023 2233 1163 2267 omnino
1186 2233 1371 2278 quicquam
1393 2243 1511 2267 eorum
1534 2243 1626 2286 quae
1646 2231 1692 2266 ad

207 2290 299 2323 opus
325 2277 525 2312 faciendum
551 2284 613 2313 aut
633 2279 836 2314 fruitionem
861 2279 1057 2323 pertinent·
1091 2280 1155 2314 sed
1183 2279 1354 2335 liquidum
1378 2279 1513 2313 dulcem
1540 2277 1691 2324 optime-

205 2336 276 2370 que
300 2328 532 2370 temperatum
553 2331 589 2360 et
610 2325 879 2370 pulcherrimum
902 2326 1039 2371 aetem,
1077 2326 1188 2360 omnis
1209 2325 1460 2361 imbecillitatis
1484 2329 1546 2359 aut
1568 2335 1692 2359 corru-

206 2371 325 2416 ptelae
358 2383 507 2406 vacuum
538 2372 741 2407 haurientes
767 2377 804 2406 et
825 2352 1039 2416 aliquantulo
1065 2373 1204 2417 frugum
1229 2384 1271 2407 ac
1291 2371 1556 2426 limpidissimae
1580 2382 1695 2416 aquae

207 2423 414 2462 vescentes,
443 2418 545 2452 deum
569 2419 707 2453 sincere
732 2418 852 2452 colunt
873 2430 915 2452 ac
937 2424 1110 2464 perpetuo
1139 2421 1341 2465 precantur.
1389 2417 1459 2453 viri
1483 2417 1624 2462 quidem
1649 2418 1710 2452 ad‘

209 2464 392 2498 Oceanum
415 2463 592 2509 incolunt,
621 2465 784 2500 mulieres
808 2469 924 2499 autem
947 2465 1030 2499 inde
1051 2466 1096 2499 ad
1121 2467 1281 2510 Gangem
1300 2465 1446 2500 fluvium
1464 2463 1607 2508 Indiae,
1633 2463 1695 2518 qni

209 2509 247 2543 in
278 2510 458 2545 Oceanum
488 2511 618 2547 effluit.
663 2513 709 2547 ad
732 2511 895 2546 mulieres
914 2511 1094 2546 traiiciunt
1116 2512 1188 2547 viri
1211 2512 1301 2546 Iulio
1326 2517 1361 2546 et
1381 2511 1539 2555 Augusto
1562 2509 1694 2545 mensi-

210 2556 297 2599 bus,
330 2557 458 2601 quibus
482 2557 686 2603 frigidiores
710 2563 811 2602 sunt,
837 2557 910 2592 sole
938 2558 983 2592 ad
1006 2569 1069 2592 nos
1093 2564 1129 2592 et
1150 2558 1413 2612 septentriones
1436 2561 1575 2591 evecto.
1622 2556 1695 2591 ita-

212 2612 282 2645 que
314 2602 341 2635 ii
372 2614 508 2638 menses
542 2605 811 2650 temperatiores
839 2615 900 2638 eos
923 2605 967 2638 ad
991 2604 1166 2639 Venerem
1194 2604 1358 2639 dicuntur
1383 2602 1576 2637 stimulare.
1624 2614 1694 2648 quo

213 2652 320 2691 pacto
355 2649 474 2683 Nilum
505 2662 646 2696 qnoque
681 2663 751 2686 non
783 2651 905 2685 eodem
938 2662 1008 2704 quo
1042 2650 1131 2685 alios
1164 2663 1283 2685 amnes
1312 2657 1472 2695 tempore
1496 2649 1697 2683 increscere

215 2692 355 2738 dicunt,
382 2696 444 2729 sed
469 2697 585 2731 media
606 2703 743 2734 aestate
765 2697 965 2743 Aegyptum
987 2696 1182 2742 inundare,
1206 2697 1338 2742 quippe
1356 2696 1431 2730 sole
1448 2701 1534 2731 tunc
1551 2700 1695 2739 septen-

216 2738 326 2773 trioni
359 2741 565 2777 viciniorem
596 2750 825 2789 percurrente
858 2755 980 2779 zonam
1015 2743 1174 2788 aliosque
1195 2744 1323 2778 fluvios
1347 2748 1500 2777 vexante
1523 2747 1560 2776 et
1582 2741 1696 2775 immi-

218 2790 366 2838 nuente,
401 2798 423 2820 a
453 2788 534 2822 Nilo
568 2796 684 2825 autem
713 2797 786 2826 tum
816 2789 1019 2834 longissime
1039 2791 1242 2824 recedente.
1287 2790 1524 2823 Brachmanes
1546 2787 1699 2832 quadra-

219 2830 318 2876 ginta
349 2831 425 2866 dies
460 2845 536 2867 cum
566 2837 732 2871 uxoribus
767 2836 893 2872 morati
923 2848 1060 2871 rursum
1083 2837 1128 2871 ad
1151 2848 1216 2871 sna
1238 2835 1400 2870 redeunt.
1447 2835 1491 2869 ad
1519 2833 1698 2868 mulierem

219 2882 301 2923 post
331 2879 519 2914 secundum
550 2888 688 2927 partum
716 2883 862 2919 maritus
887 2894 995 2930 porro
1019 2895 1090 2918 non
1111 2882 1267 2926 traiicit3
1298 2887 1405 2928 atque
1435 2879 1507 2928 ipsi
1527 2891 1605 2916 cum
1628 2878 1698 2914 alio
