1742 3184
198 160 299 207 332
645 166 648 169 ·
671 159 915 230 *GEORGn
950 157 1193 205 GEDRENJ

197 275 276 333 πρὸ
307 273 432 332 αὗτῆς
459 275 565 318 κατὰ
582 275 656 332 τὴν
674 273 845 319 σίινοδον
863 275 991 331 αὐτὴν
1013 275 1238 332 ἀποβῆναι·
1271 279 1359 329 πῶς
1383 269 1456 321 οὗν
1488 274 1666 334 ἔκλειψις

142 349 174 385 Β
197 347 410 401 νομισθειή
431 345 535 388 κατὰ
559 344 774 402 διάμετρον
795 344 939 400 σχεδὸν
964 342 1228 403 ὓπαρχούσης
1254 349 1329 402 τῆς
1349 343 1518 403 σελήνης
1539 345 1666 406 ἦλίῳς

197 413 300 458 ἴστω
322 415 368 459 δὲ
387 413 641 473 συναρμόζον
663 417 826 464 πολλοῖς
852 413 899 457 τὸ
928 415 1209 471 γεγενημένον,
1247 417 1315 458 καὶ
1334 415 1527 470 κοσμικόν
1547 416 1667 474 τέρας

195 482 311 538 ἡλίου
333 483 511 539 ἔκλειψις
530 481 787 526 ὗπονοείσθω
807 481 852 525 ἔκ
871 500 915 540 γε
937 488 1010 539 τῆς
1033 484 1138 527 κατὰ
1160 484 1233 540 τὴν
1253 483 1352 541 ι’)’ψιν
1373 482 1540 541 πλάνης.
1607 486 1668 536 τίς

195 554 242 597 δὲ
259 551 285 609 ἦ
305 554 490 597 κοινωνία
509 556 664 611 σεισμῷ
678 553 747 595 καὶ
763 553 938 608 ἐκλείψει
956 553 1121 610 πέτραις
1136 571 1179 597 τε
1196 552 1458 612 ῥηγνυμέναις
1477 556 1546 597 καὶ
1564 553 1665 597 ἀνα-
1678 560 1700 596 5

195 621 334 667 στάσει
355 626 519 680 νεκρῶν,
558 620 736 677 τοσαύτη
767 638 810 665 τε
832 623 985 678 κίνησις
1003 621 1202 679 κοσμικῆς
1247 623 1290 666 ἓν
1314 627 1413 680 γοῦν
1437 627 1496 681 τῷ
1523 627 1670 682 μακρῷ

191 690 328 750 χρόνῳ
348 689 530 735 τοιοῦτόν
547 707 586 733 τι
604 691 767 746 συμβὰν
786 690 834 733 οὗ
854 692 1057 747 μέμνηταί
1074 709 1148 743 τις.
1217 691 1310 734 ἀλλ’
1333 687 1383 748 ἦν
1405 690 1549 744 σκότος
1568 697 1664 736 θεο-

196 763 374 816 ποίητον,
410 757 513 803 διότι
538 762 632 817 τῇδε
660 765 712 819 τῇ
743 758 878 821 ἡμέρα
900 761 970 803 τὸν
996 759 1134 818 κύριον
1156 761 1304 817 συνέβη
1327 765 1489 804 παθεῖν.
1556 763 1623 805 καὶ
1647 759 1668 804 ὃ

197 829 315 886 λόγος
346 829 648 885 ἀληθέστατος,
692 831 759 872 καὶ
792 827 814 872 ὅ
843 828 992 886 χρόνος
1019 834 1094 872 τοῦ
1127 832 1328 888 σωτηρίου
1362 828 1527 881 πάθους
1557 830 1668 889 παρὰ

192 898 407 955 Ῥωμαίοις
422 902 580 954 μᾶλλον
596 900 862 954 σεσημείωται
873 913 885 924 ·
914 900 956 942 ἓν
975 899 1053 957 γὰρ
1071 905 1121 958 τῇ
1141 902 1182 941 Γ
1178 901 1313 955 εμίνου
1333 897 1504 960 ὑπατεία
1521 917 1669 943 πεπον-
1682 903 1726 939 10

197 969 316 1011 θέναι
339 967 462 1011 αὐτὸν
482 965 779 1024 ἐσημειώσαντο
789 1000 803 1020 ,
847 968 936 1024 ἥτις
951 969 1108 1025 γέγονεν
1130 969 1171 1012 ἓν
1189 973 1247 1027 τῷ
1269 967 1308 1012 α’
1328 973 1402 1025 τῆς
1426 967 1492 1024 off
1517 970 1672 1023 Ὀλυμ-

199 1037 358 1088 πιάδος.
425 1036 639 1095 τεκμήριον
661 1040 687 1080 δ
692 1038 704 1054 ²
729 1036 779 1080 ἂν
801 1037 953 1093 γένοιτο
969 1043 1042 1081 τοῦ
1062 1038 1168 1081 κατὰ
1186 1036 1278 1081 τόδε
1299 1037 1345 1081 τὸ
1365 1038 1453 1089 ἔτος
1470 1038 1672 1081 πεπονθέ-

147 1118 180 1154 0
202 1125 269 1150 ναι
291 1107 361 1149 τὸν
381 1110 547 1165 σωτῆρα
575 1105 691 1161 ἡμῶν
711 1104 738 1162 ἦ
758 1111 833 1149 τοῦ
851 1107 958 1150 κατὰ
982 1106 1180 1162 Ἰωάννην
1198 1108 1425 1164 εὐαγγελίου
1451 1109 1671 1165 μαρτυρία,

202 1176 292 1233 ἣτις
306 1175 410 1231 μετὰ
431 1176 477 1219 τὸ
501 1174 544 1218 ιε’
571 1175 661 1226 ἔτος
679 1177 872 1233 Τιβερίου
891 1180 1027 1235 τριετῆ
1045 1175 1194 1235 χρόνον
1217 1181 1291 1233 τῆς
1310 1177 1575 1227 διδασκαλίας
1595 1176 1672 1219 αὗ-

198 1250 273 1289 τοῦ
295 1245 553 1301 διαγενέσθαι
575 1251 788 1302 μαρτυρεῖ.
1683 1253 1727 1289 15

330 1314 431 1357 ’Ὀτι
457 1316 499 1357 ἓν
525 1319 582 1373 τῷ
613 1312 673 1370 λγ’
703 1314 781 1357 ἔτει
805 1311 999 1371 εΗρώδου
1021 1312 1224 1372 Κυρήνιος
1251 1311 1331 1356 ὖπὸ
1353 1318 1427 1370 τῆς
1445 1311 1672 1371 συγκλήτου

198 1385 353 1439 βουλῆς
374 1383 676 1438 ἀπεσταλμένος
694 1385 752 1434 εἷς
772 1383 846 1438 τὴν
862 1383 1074 1426 Ἰουδαίαν
1092 1383 1336 1441 ἀπογραφὰς
1355 1381 1571 1439 ἐποιήσατο
1594 1387 1674 1427 τῶν

198 1454 348 1497 οὐσιῶν
365 1455 432 1496 καὶ
454 1458 535 1496 τῶν
555 1451 789 1510 οἶκητόρων.
859 1454 901 1495 ἓν
922 1457 981 1511 τῷ
1002 1453 1112 1511 αὐτῷ
1141 1454 1186 1496 δὲ
1213 1452 1289 1496 ἔτει
1311 1453 1477 1509 Ἰησοῦς
1491 1452 1675 1511 Χριστὸς

199 1522 221 1566 ὃ
241 1523 340 1574 θεὸς
357 1521 474 1578 ἡμῶν
491 1523 533 1565 ἓν
551 1523 744 1577 Βηθλεὲμ
764 1526 837 1577 τῆς
850 1521 1060 1572 Ἰουδαίας
1079 1526 1278 1578 γεννᾶται.

327 1590 470 1646 ζΟμυῦ
504 1590 719 1647 συνάγεται
754 1591 834 1633 ἀπὸ
861 1590 1052 1649 Ἀβραὰμ
1083 1592 1148 1634 ἐπὶ
1178 1590 1251 1645 τὴν
1274 1592 1464 1649 Χριστοῦ
1492 1590 1730 1647 γέννησιν20

196 1660 263 1717 ἔτη
288 1659 390 1716 βρέ.

327 1729 428 1773 ‘'Ou
442 1726 636 1787 Ἱτῖριῦδης
651 1726 811 1786 ὕδρωπι
833 1729 952 1788 δεινῷ
975 1730 1156 1780 πιεσθεὶς
1176 1725 1388 1785 σκώληκοῖς
1405 1745 1448 1772 τε
1470 1725 1676 1787 ε’κβρᾶσας

293 1886 316 1921 6
339 1882 479 1929 κινήσει
500 1883 653 1930 κοσμικῇ
677 1883 802 1923 scribe.
827 1893 947 1929 margo
970 1883 1000 1918 P

203 2026 322 2070 potest
343 2022 414 2059 nisi
436 2022 474 2058 in
496 2021 698 2068 novilunio,
732 2031 809 2058 cnm
831 2021 1017 2057 luminaria
1039 2026 1188 2068 coeunt,
1225 2026 1286 2058 aut
1303 2021 1483 2069 proxime,
1516 2020 1675 2058 evenire.

203 2070 376 2115 quomodo
399 2069 509 2115 igitur
536 2069 627 2104 istae
653 2070 821 2104 tenebrae
847 2069 1007 2104 defectus
1036 2069 1121 2103 solis
1148 2069 1302 2114 fuerint,
1335 2080 1411 2104 cum
1444 2080 1486 2103 eo
1518 2072 1678 2114 tempore

201 2117 284 2151 luna
307 2128 399 2162 pene
424 2128 444 2151 e
466 2116 612 2161 regione
635 2115 701 2150 soli
725 2115 890 2162 opposita
911 2115 1049 2150 fuerit?
1097 2117 1159 2151 sed
1182 2120 1258 2150 esto
1283 2122 1400 2150 tamen
1418 2114 1455 2150 id
1476 2115 1570 2160 quod
1589 2113 1675 2149 mul-

202 2163 250 2198 tis
273 2164 459 2210 probatum
481 2163 574 2205 fuit3
597 2174 824 2208 erroremque
845 2161 944 2196 visus
966 2163 1079 2197 secuti
1100 2164 1266 2197 tenebras
1290 2161 1357 2197 toti
1381 2161 1506 2196 mundo
1527 2161 1677 2195 iniectas

201 2210 378 2245 defectum
402 2209 487 2244 solis
510 2214 684 2255 putemus.
732 2208 817 2255 quid
839 2208 980 2243 interim
1003 2208 1056 2242 rei
1082 2214 1138 2244 est
1160 2208 1316 2244 defectui
1344 2208 1430 2243 solis
1451 2218 1527 2242 cum
1559 2212 1678 2242 terrae

203 2261 321 2301 motu,
354 2267 517 2291 saxorum
549 2255 712 2300 fissione,
745 2260 958 2290 mortuorum
990 2254 1029 2288 in
1063 2255 1170 2290 vitam
1200 2255 1337 2300 reditu,
1370 2267 1412 2290 ac
1436 2259 1535 2289 tanta
1559 2252 1678 2288 mundi

203 2302 464 2338 commotione‘}
511 2307 609 2337 certe
631 2314 731 2337 nemo
756 2301 939 2347 quisquam
960 2301 1033 2336 tale
1056 2302 1189 2348 aliquid
1214 2307 1315 2337 tanto
1338 2299 1507 2347 temporis
1529 2300 1679 2335 decursu

203 2350 369 2384 evenisse
393 2348 687 2384 commemoravit.
735 2348 914 2383 enimvero
937 2349 1105 2383 tenebrae
1128 2354 1230 2384 erant
1253 2360 1274 2383 a
1297 2349 1364 2383 deo
1388 2351 1550 2392 creatae,
1584 2346 1679 2392 quod

204 2408 248 2431 ea
280 2396 339 2430 die
373 2395 532 2431 dominus
564 2399 771 2430 moreretur.
819 2395 906 2429 haec
941 2400 995 2429 est
1023 2395 1208 2430 verissima
1235 2394 1340 2429 ratio.
1389 2393 1546 2429 exactius
1572 2392 1679 2427 etiam

203 2448 342 2488 tempus
365 2441 529 2477 salutaris
552 2442 655 2477 istius
682 2453 747 2487 sup
774 2440 847 2475 licii
871 2452 892 2475 a
914 2441 1080 2476 Romanis
1104 2448 1160 2477 est
1180 2446 1402 2485 annotatum,
1436 2438 1599 2474 evenisse
1621 2439 1677 2473 ni-

202 2488 327 2523 mirum
359 2488 510 2524 Gemino
534 2488 691 2523 consule.
757 2488 806 2522 uit
829 2488 896 2522 hoc
918 2487 1031 2533 primo
1055 2500 1146 2523 anno
1171 2486 1393 2534 Olympiadis
1416 2485 1680 2521 ducentesimae

205 2535 391 2569 secundae.
440 2539 547 2590 atque
577 2538 780 2580 argumento
815 2534 850 2569 ei
882 2534 936 2569 rei
968 2539 1023 2569 est
1055 2535 1160 2569 etiam
1192 2533 1428 2570 testimonium
1459 2531 1636 2577 evangelii
1659 2543 1680 2566 a

204 2581 338 2615 Ioanne
362 2582 573 2635 conscripti,
601 2582 696 2627 quod
718 2580 885 2627 scriptum
910 2586 992 2626 post
1013 2581 1186 2616 decimum
1210 2581 1368 2628 quintum
1389 2578 1530 2615 Tiberii
1553 2589 1680 2614 annum

204 2627 363 2661 docendo
386 2627 576 2662 triennium
594 2626 851 2673 consumpsisse
874 2626 1048 2672 perhibet.
1128 2663 1130 2665 ,

296 2672 397 2706 Anno
419 2674 574 2709 Herodis
592 2674 773 2720 trigesimo
793 2673 899 2708 tertio
919 2673 1097 2718 Cyrenius
1119 2685 1142 2708 a
1164 2676 1289 2708 senatu
1311 2672 1349 2706 in
1370 2672 1534 2707 Iudaeam
1552 2670 1678 2705 missus

205 2718 340 2753 incolas
366 2725 403 2753 et
424 2720 613 2756 facultates
645 2719 795 2756 censuit.
814 2743 815 2746 =
842 2720 967 2755 eodem
990 2732 1080 2755 anno
1104 2720 1268 2755 Christus
1291 2718 1540 2754 Bethlehemae
1561 2716 1679 2753 nasci-

207 2771 277 2810 tur,
301 2766 389 2798 urbe
411 2766 579 2802 Iudaeae.

300 2811 354 2845 Ab
378 2810 575 2846 Abrahamo
600 2824 711 2859 usque
734 2812 779 2847 ad
802 2811 938 2847 Christi
961 2812 1096 2848 natales
1119 2810 1203 2847 anni
1226 2813 1308 2846 sunt
1330 2810 1435 2846 2105.

300 2857 465 2894 Herodes
487 2858 648 2905 hydrope
670 2859 871 2895 vehementi
890 2859 1122 2905 excruciatus,
1141 2858 1318 2894 vermibus
1339 2858 1385 2893 de
1402 2867 1551 2904 corpore
1569 2854 1680 2903 ipsius
