1742 3184
389 214 791 266 HISTORIARUM
820 214 1217 260 COMPENDIUM.
1485 215 1550 265 91

66 330 198 392 ἡμέρᾳ
219 330 543 386 ἓπισκέπτωμαι,
578 330 713 383 ἐπάξω
742 331 810 375 ἐπ’
845 331 996 382 αὐτοὺς
1022 330 1097 386 τὴν
1131 328 1338 389 ἁμαρτίαν
1368 330 1548 374 αὖτῶν.”

65 400 169 445 ὥστε
191 401 331 444 λοιπὸν
352 399 662 460 ἀναμφήριστόν
679 402 787 445 ἔστιν
805 399 862 453 ὥς
878 398 1261 458 ὂγὸοηκονθήμερον
1281 402 1427 459 ἐφεξῆς
1445 399 1551 444 ἀπό-

60 489 175 523 σιτος
199 471 277 529 ε’φυ
298 470 631 530 θεοφορούμενος
652 469 674 514 ὅ
697 472 916 523 θεσπέσιος
936 474 1133 527 ΖΠωϋσῆς
1143 503 1156 523 ,
1200 472 1303 529 θείῳ
1328 469 1436 529 λόγῳ
1457 488 1550 528 τρε-

65 540 245 598 φόμενος
266 542 371 585 κατὰ
399 541 473 597 τὴν
494 546 566 585 τοῦ
585 543 728 600 κυρίου
754 539 908 601 φωνήν.
980 539 1098 598 ἡνίκα
1122 541 1164 583 δ’
1201 539 1252 583 ἂν
1275 539 1550 598 εἰσεπορεύετο

28 614 257 666 51Πωῦσῆς
277 612 320 654 ἐν
348 616 398 669 τῇ
423 616 551 669 σκηνῇ
573 616 645 654 τοῦ
668 613 922 669 μαρτυρίου,
968 609 1139 667 εἱστήκει
1161 615 1242 662 πᾶς
1272 609 1294 654 ὃ
1326 611 1426 662 λαὸς
1452 627 1551 654 σκο-

63 679 262 732 πεῦοντες.
330 679 389 732 ὥς
421 681 462 723 δ’
496 680 546 724 ἂν
577 683 743 737 εἶσῆλθε
768 685 960 738 Μωυσῆς
983 683 1025 725 ἕν
1043 685 1096 739 τῇ
1117 685 1267 739 σκηνῇ,
1316 682 1550 735 κατέβαινεν
1570 687 1602 726 Β

63 748 85 794 ὃ
107 754 255 802 στῦλος
271 756 343 806 τῆς
366 752 537 808 νεφέλης
557 753 623 793 καὶ
643 749 664 794 ὁ
683 752 783 803 θεὸς
800 753 865 794 ἐπὶ
886 751 959 807 τὴν
981 749 1144 807 σκηνήν.
1214 749 1236 794 ὃ
1259 751 1303 793 δὲ
1324 751 1424 802 λαὸς
1442 749 1553 807 ἑώρα

62 820 132 863 τὸν
150 825 298 864 στῦλον
319 825 392 876 τῆς
410 821 604 879 νεφέλης,
649 823 717 864 καὶ
738 820 1013 879 προσεκύνουν
1035 821 1206 872 ἕκαστος
1236 822 1280 864 ἐκ
1305 827 1379 877 τῆς
1403 826 1554 877 σκηνῆς

62 891 203 933 αὐτοῦ.
238 891 306 933 καὶ
326 889 457 942 οὕτως
479 889 610 933 ἐλάλει
630 889 770 949 κύριος
788 891 893 946 μετὰ
913 891 1133 942 ,ΖΙΙωϋσέως
1153 888 1323 934 ἐνώπιον
1344 897 1417 934 τοῦ
1434 895 1552 934 λαοῦ.

0 969 51 1007 40
61 962 129 1002 καὶ
164 959 234 1003 τὸν
265 960 340 1014 μὲν
370 960 471 1003 λαὸν
502 962 545 1003 ἐκ
567 965 641 1016 τῆς
662 961 786 1019 ὀργῆς
807 963 949 1018 κυρίου
973 959 1186 1018 διαφόρως
1209 959 1552 1017 ἐπαγωνιζόμενος

58 1030 293 1082 ἐξελέσθαι,
328 1035 524 1074 τοσοῦτον
546 1030 719 1087 ἠλόγησε
746 1036 818 1086 τῆς
840 1032 988 1082 οἰκείας
1007 1032 1213 1089 σωτηρίας
1244 1028 1300 1082 ὥς
1332 1033 1398 1073 καὶ
1428 1032 1469 1073 ἒν
1500 1035 1550 1088 τῇ

59 1098 235 1156 θραύσει
254 1104 329 1143 τοῦ
349 1103 453 1143 θεοῦ
475 1100 580 1144 κατὰ
599 1100 670 1144 τὸν
688 1102 832 1155 Δαβὶὸ
851 1106 1008 1157 στῆναι.
1079 1101 1118 1143 οἱ
1138 1102 1181 1143 δὲ
1202 1098 1416 1157 ἀχάριστοι
1436 1100 1549 1151 ὄντες

57 1172 218 1224 μᾶλλον
244 1171 578 1222 κατεξανίσταντο
610 1176 683 1214 τοῦ
717 1169 947 1229 προφήτου.
1019 1168 1107 1213 ὅσοι
1129 1171 1174 1213 δὲ
1198 1172 1548 1227 κατεξανέστησαν

59 1238 187 1282 αὐτοῦ
197 1271 211 1291 ,
261 1239 299 1282 οἱ
328 1240 403 1295 μὲν
421 1238 747 1296 κατεπτῶθησαν
767 1243 822 1292 εἷς
845 1246 919 1297 γῆν
939 1242 1104 1294 ζῶντες,
1145 1240 1183 1282 οἱ
1209 1240 1253 1283 δὲ
1275 1242 1391 1283 θειόυ
1417 1240 1547 1297 πυρὸς

0 1317 48 1358 25
59 1307 245 1365 γεγόνασι
267 1308 566 1367 παρανάλωμα.
638 1313 738 1368 φησὶ
761 1308 840 1367 γάρ
857 1309 957 1352 “nai
978 1310 1153 1366 ἐγένοντο
1180 1311 1217 1353 οἱ
1239 1309 1480 1366 τεθνηκότες
1503 1312 1546 1353 ἓν

56 1382 108 1434 τῇ
130 1377 303 1435 θραύσει
326 1378 510 1434 χιλιάδες
533 1380 824 1438 δεκατέσσαρες
842 1382 909 1422 καὶ
931 1378 1164 1423 ἑπτακόσιοι
1175 1412 1189 1432 ,
1227 1381 1358 1437 χωρὶς
1376 1385 1458 1423 τῶν
1477 1398 1544 1423 τε-

54 1446 272 1503 θνηκότων
290 1448 418 1491 ἕνεκεν
438 1448 594 1508 Κορέ.”
1564 1463 1597 1499 c

196 1518 280 1560 Καὶ
299 1518 404 1572 μετὰ
426 1523 558 1561 ταῦτα
581 1518 654 1560 οὔκ
672 1511 722 1573 ἦν
739 1515 852 1575 ὕδωρ
874 1521 926 1575 τῇ
943 1521 1185 1575 συναγωγῇ,
1218 1519 1286 1560 καὶ
1307 1516 1503 1576 ἐλοιδόρει
1521 1517 1542 1562 ὅ

7 1638 11 1640 q
56 1586 157 1636 λαὸς
187 1591 246 1645 τῷ
265 1590 435 1645 ΖΙΊωϋσῇ
465 1589 533 1630 καὶ
556 1583 730 1645 Ἀαρών.
799 1589 867 1630 καὶ
895 1584 1249 1642 καταβοήσαντες,
1287 1586 1369 1631 εἶπε
1402 1587 1544 1646 κύριος

0 1655 157 1714 ωπρὸς
169 1659 361 1713 ΙΗωϋσῆν
378 1655 511 1711 “adsta
531 1658 605 1713 τὴν
621 1655 777 1715 ῥάβδον
799 1655 965 1711 ταύτην,
984 1659 1050 1699 καὶ
1071 1658 1333 1712 ε’κκλησίασαι
1356 1658 1430 1713 τὴν
1447 1677 1546 1702 συν-

55 1725 217 1782 αγωγὴν
241 1726 292 1771 σὺ
315 1729 385 1770 καὶ
413 1728 591 1786 ’Λαριὺν
613 1726 634 1770 ὅ
661 1725 839 1784 ἀδελφός
862 1744 961 1777 σου,
1007 1728 1074 1768 καὶ
1104 1725 1311 1782 λαλήσατε
1338 1728 1442 1785 πρὸς
1470 1729 1545 1783 τὴν

54 1796 205 1854 πέτραν
222 1796 400 1840 ἐναντίον
423 1797 558 1841 αὖτίῦν
569 1830 584 1850 ,
619 1798 686 1839 καὶ
708 1794 829 1840 δώσει
852 1796 904 1838 τὰ
926 1794 1060 1839 ὕδατα
1084 1796 1256 1851 αὕτῆς.”
1330 1799 1398 1839 καὶ
1421 1797 1545 1853 ἔλαβε

53 1867 247 1922 Μωϋσῆς
265 1867 339 1922 τὴν
363 1867 553 1911 ἀπέναντι
573 1867 715 1926 κυρίου
734 1864 904 1925 ῥάβδον,
952 1867 1021 1910 καὶ
1050 1867 1307 1923 ἐξεκλησιάσε
1338 1867 1415 1923 τὴν
1445 1885 1544 1912 συν-

145 2006 191 2043 14
211 2006 479 2054 κατεπόθησαν
489 2009 509 2045 7

51 2131 180 2168 delicto
202 2133 294 2180 ipsis
317 2130 514 2180 infligam.’'
559 2135 711 2181 proinde
734 2138 835 2171 extra
857 2133 1136 2170 controversiam
1169 2138 1245 2178 est,
1279 2134 1326 2170 80
1354 2134 1541 2171 continuos

50 2179 126 2214 dies
146 2181 287 2215 beatum
305 2181 441 2216 Mosam
463 2181 585 2217 divino
604 2182 775 2218 instinctu
798 2183 960 2218 affectum
982 2182 1062 2216 cibo
1085 2181 1312 2225 abstinuisse,
1338 2181 1459 2217 alitum
1480 2181 1541 2216 dei

50 2237 211 2261 sermone
245 2229 435 2263 secundum
468 2229 600 2264 domini
633 2230 775 2265 dictum.
824 2241 931 2275 porro
968 2240 1042 2263 cum
1067 2227 1189 2262 Moses
1212 2228 1250 2262 in
1273 2228 1539 2264 tabernaculum

50 2273 247 2308 testimonii
269 2274 438 2319 intrabat,
463 2275 613 2322 populus
638 2276 824 2311 universus
849 2277 970 2311 stabat
994 2274 1233 2320 contemplans
1247 2301 1258 2318 ,
1282 2275 1456 2320 Moseque
1479 2274 1539 2309 in·-

48 2325 229 2365 trogresso
253 2321 357 2355 nubis
380 2322 540 2357 columna
562 2327 599 2357 et
622 2323 708 2358 dens
730 2324 773 2358 ad
798 2321 1060 2358 tabernaculum
1084 2322 1360 2356 descendebant.
1387 2321 1539 2367 populus

49 2372 165 2401 autem
196 2367 387 2402 columnam
417 2369 520 2404 nubis
554 2376 739 2406 cernentes
766 2370 962 2405 adorabant
985 2367 1135 2414 quisque
1159 2380 1180 2402 a
1203 2379 1267 2403 suo
1290 2368 1537 2403 tabernaculo.

49 2419 156 2458 atque
180 2413 248 2448 hoc
272 2415 375 2449 modo
400 2416 487 2450 deus
511 2427 588 2451 cum
610 2418 714 2452 Mose
737 2417 775 2451 in
801 2421 994 2464 conspectu
1019 2414 1139 2461 populi
1161 2414 1385 2459 loquebatur.
1417 2414 1539 2450 Moses

48 2471 156 2506 porro
181 2466 221 2495 ut
244 2461 410 2507 populum
435 2464 479 2497 ab
505 2463 559 2497 ira
583 2464 642 2498 dei
664 2464 853 2509 liberaret,
886 2468 987 2498 tanto
1019 2467 1147 2496 conatu
1175 2461 1355 2496 nitebatur
1377 2462 1540 2507 adeoque

48 2517 135 2541 suae
159 2506 272 2553 ipsius
297 2508 422 2544 salutis
446 2520 563 2544 curam
588 2523 658 2546 non
682 2512 852 2556 gerebat,
887 2515 927 2544 ut
952 2509 1056 2544 etiam
1080 2509 1118 2543 in
1141 2508 1242 2543 clade
1265 2508 1324 2543 dei
1347 2509 1540 2543 seeundum

47 2552 222 2588 Davidum
247 2554 402 2590 steterit.
450 2561 489 2590 at
511 2557 746 2592 vero-Iudaei
769 2562 810 2592 ut
831 2561 933 2592 erant
955 2555 1110 2600 ingrati,
1135 2554 1247 2600 magis
1266 2554 1450 2601 magisque
1474 2555 1539 2590 ad-

49 2610 174 2636 versus
197 2602 408 2647 prophetam
431 2613 531 2637 suum
552 2603 835 2640 insurrexerunt.
884 2607 1058 2649 quotquot
1081 2608 1196 2637 autem
1220 2601 1287 2636 hoc
1310 2606 1484 2647 egerunt,
1510 2600 1539 2636 ii

48 2646 176 2692 partim
207 2647 284 2683 vivi
314 2654 435 2683 terrae
459 2648 559 2685 hiatu
581 2656 663 2686 sunt
686 2650 868 2698 absorpti,
894 2649 981 2684 alios
1006 2648 1153 2683 caelitus
1177 2648 1352 2684 immissus
1376 2659 1539 2683 consum-

47 2692 121 2738 psit
143 2693 252 2739 ignis.
299 2695 469 2741 scriptum
494 2702 550 2731 est
576 2697 667 2732 enim
690 2698 743 2733 ita
765 2693 918 2732 “mortui
941 2701 1024 2730 sunt
1046 2695 1085 2729 in
1109 2694 1209 2730 clade
1223 2694 1353 2753 gopuli
1371 2694 1470 2730 milia
1495 2694 1541 2730 14

48 2750 91 2776 ae
108 2740 340 2786 septingenti,
365 2741 420 2777 his
444 2742 595 2790 demptis
619 2744 681 2790 qui
703 2749 852 2791 propter
875 2743 1002 2778 Coram
1023 2741 1222 2788 perierunt.
1526 2771 1529 2773 .

141 2787 343 2823 Secundum
366 2789 454 2824 haec
474 2790 638 2836 populum
659 2803 751 2838 aqua
773 2789 929 2832 defecit3
955 2789 1057 2834 isque
1076 2788 1172 2824 Mosi
1195 2793 1233 2824 et
1253 2787 1389 2824 Antoni
1412 2787 1537 2823 convi-

48 2831 104 2867 cia
123 2832 225 2868 fecit.
250 2834 302 2869 ibi
325 2835 413 2870 deus
432 2836 527 2871 Mosi
548 2836 655 2872 iussit
677 2843 717 2873 ut
738 2842 878 2883 sumpta
901 2835 1005 2880 virga
1025 2835 1148 2881 populi
1173 2839 1309 2871 coetum
1333 2836 1538 2878 advocaret,

48 2878 208 2915 adhibito
244 2880 327 2916 sibi—
344 2881 510 2928 Aarone,
547 2889 657 2930 utque
687 2885 733 2920 ad
767 2897 787 2919 a
813 2883 965 2931 positum
993 2893 1114 2917 saxum
1145 2884 1258 2918 verba
1289 2883 1468 2918 facerent:
1500 2881 1538 2915 id

48 2936 174 2973 aquam
197 2927 415 2965 emissurum.
449 2930 571 2966 Moses
590 2930 714 2968 baculo
739 2942 761 2967 a
807 2929 923 2965 omino
945 2933 1085 2975 sumpto
1109 2941 1131 2965 e
1152 2929 1300 2977 regione
1321 2940 1400 2965 saxi
1422 2938 1537 2975 popu-
