1742 3184
231 172 332 223 404
664 203 667 205 -
710 171 952 218 GEORGII
979 171 1225 216 CEDRENI

233 285 535 349 κατειληφότων
565 284 714 339 αὖτοὺς
735 289 905 341 δεινῶν,
934 284 1032 330 εςκαὶ
1059 283 1410 346 προστεθήσονται
1430 286 1533 345 πρὸς
1553 285 1701 339 αὖτοὺς

233 361 376 403 πολλοὶ
413 361 455 402 ἐν
493 356 768 412 ὃλισθήμασι,
817 359 885 400 καὶ
916 356 996 400 ἀπὸ
1027 361 1108 400 τῶν
1142 355 1359 400 συνιόντων
1392 354 1698 413 ἀσθενήσουσι”

234 429 392 480 δεικνὺς
424 427 486 471 ὅτι
519 429 661 471 πολλοὶ
692 429 758 470 καὶ
791 431 872 470 τῶν
903 424 1087 470 ἑστώτων
1118 430 1347 470 πεσοῦνται.
1417 424 1502 469 εἶτα
1530 428 1598 469 καὶ
1629 427 1702 482 τὴν

234 500 367 542 αἶτίαν
385 497 442 541 δι’
467 496 516 553 ἣν
536 495 811 554 συνεχώρησεν
832 496 980 547 αὐτοὺς
1000 493 1021 538 ὃ
1038 495 1139 546 θεὸς
1158 498 1199 539 ἐν
1219 493 1429 547 τοσούτοις
1444 502 1582 547 κακοῖς
1598 497 1703 551 γίνε-

234 572 350 612 σθαι.
420 567 480 617 τίς
514 566 558 608 δὲ
591 565 721 622 αὕτη,·
750 564 856 609 εἰτοῦ
885 565 1102 623 πυρῶσαι”
1135 567 1259 623 φησίν
1280 563 1355 608 “ἐν
1379 565 1516 616 αὗτοΐς
1538 566 1606 608 καὶ
1622 570 1736 609 τοῦδ

234 638 480 688 ἐκλέξασθαι
510 635 578 678 καὶ
607 640 682 678 τοῦ
713 636 944 682 ἐκλευκᾶναι
967 635 1044 686 ἕως
1069 640 1212 693 καιροῦ
1231 634 1400 692 πέρας.”
1471 638 1602 678 ταῦτα
1625 632 1704 692 γάρ

235 724 361 764 φησιν
383 704 403 748 ὃ
422 703 523 755 θεὸς
539 703 817 764 συνεχώρησεν
835 703 937 749 ὥστε
959 704 1107 755 αὖτοὺς
1126 706 1353 762 ἐκκαθᾶραι
1374 707 1442 747 καὶ
1463 705 1591 756 δεῖξαι
1611 704 1706 755 τοὺς

234 776 279 819 ἐν
304 775 440 824 αὐτοῖς
465 775 668 828 δοκίμους.
737 772 821 818 εἶτα
845 772 1105 830 διηγούμενος
1127 775 1254 817 αὐτοῦ
1274 774 1422 816 ἐκείνου
1441 773 1514 829 τὴν
1534 772 1706 828 δύναμιν

185 845 217 882 C
241 844 319 904 ἔφη
349 842 446 886 “nal
474 841 632 898 ποιήσει
661 843 766 887 κατὰ
793 843 840 887 τὸ
873 836 1038 900 θέλημα
1061 843 1212 896 αὐτοῦ,
1248 844 1315 886 καὶ
1339 840 1614 898 ὑψωθήσεται
1639 844 1706 886 καὶ

234 911 630 970 μεγαλυνθήσεται-θ’
700 915 768 957 καὶ
784 913 922 969 μέντοι
942 915 1010 956 καὶ
1032 913 1105 969 τὴν
1125 911 1374 970 βλάσφημον
1396 912 1523 956 αὐτοῦ
1542 910 1705 969 γνώμην
1719 921 1742 956 1<

235 984 361 1040 λέγων
387 983 643 1039 προσέθηκεν
673 980 736 1026 ὅτι
767 984 831 1025 ἐπὶ
866 983 937 1026 τὸν
964 983 1067 1025 θεὸν
1089 988 1170 1026 τῶν
1189 987 1299 1025 θεῶν.
1319 979 1486 1037 λαλήσει
1504 980 1709 1039 ὗπὲρογκα

235 1054 304 1096 καὶ
333 1054 582 1095 κατευθυνεῖ
604 1051 724 1109 μέχρι
755 1056 1069 1108 συντελεσθῆναι
1094 1053 1168 1108 τὴν
1191 1051 1337 1110 ὀργήν,
1369 1051 1524 1103 δεικνὺς
1547 1050 1609 1094 ὅτι
1635 1051 1708 1094 οὐκ

236 1121 317 1164 ἀπὸ
352 1126 426 1176 τῆς
455 1122 604 1171 οἰκείας
638 1120 801 1178 γνώμης
824 1122 931 1165 ἀλλὰ
958 1122 1028 1165 διὰ
1050 1123 1124 1177 τὴν
1146 1122 1270 1180 ὀργὴν
1291 1125 1362 1164 τοῦ
1385 1124 1489 1164 θεοῦ
1509 1121 1583 1176 τὴν
1604 1119 1710 1163 κατὰ

235 1195 317 1234 τῶν
343 1191 551 1233 Ἰουδαίων
581 1188 711 1243 οὕτως
739 1193 886 1243 ἐκεῖνος
915 1190 1074 1249 ἐκράτει
1103 1193 1171 1234 καὶ
1203 1191 1352 1245 ἴσχυεν.
1420 1190 1542 1233 εῗπὼν
1559 1185 1630 1234 οὖν
1648 1189 1707 1232 δι’

237 1258 385 1317 ἐτέρων
414 1257 609 1302 πλειόνων
637 1260 716 1303 ὅσα
743 1261 847 1303 κακὰ
872 1260 1084 1319 ἐργάσεται
1104 1260 1177 1316 τὴν
1201 1261 1499 1316 Αἴγυπτονκαὶ
1518 1259 1592 1316 τὴν
1609 1261 1742 1305 Πα-1

239 1330 469 1384 λαιστίνην,
503 1330 571 1371 καὶ
593 1334 679 1380 πῶς
702 1329 888 1385 ἐπανήξει
908 1332 976 1372 καὶ
998 1332 1104 1380 τίνος
1121 1334 1341 1380 καλοῦντος
1358 1331 1425 1374 καὶ
1442 1330 1561 1380 ποιάς
1579 1329 1711 1379 αι’τίας

238 1396 642 1454 καταναγκαζούσης,
678 1399 780 1456 λέγει
813 1400 953 1442 λοιπὸν
983 1402 1050 1441 καὶ
1071 1400 1145 1454 τὴν
1162 1399 1395 1454 μεταβολὴν
1417 1402 1498 1441 τῶν
1517 1395 1707 1456 πραγμά-

237 1485 319 1511 των
351 1467 526 1519 τούτων,
561 1470 628 1510 καὶ
661 1467 722 1512 ὅτι
746 1470 862 1524 δίκην
885 1466 1022 1519 δόντες
1042 1468 1080 1511 οἱ
1098 1468 1290 1511 Ἰουδαῖοι
1313 1468 1383 1511 διὰ
1403 1465 1559 1511 τούτων
1578 1465 1712 1510 ἁπάν-

237 1553 320 1579 των
352 1535 560 1587 τεύξονταί
589 1553 696 1588 τινος
730 1535 1006 1593 ἀντιλήψεως,
1056 1537 1225 1593 ἀγγέλου
1260 1536 1519 1594 πεμφθέντος
1552 1539 1607 1587 εἷς
1639 1536 1712 1591 τὴν

188 1607 221 1643 D
245 1606 402 1648 ἐκείνων
429 1604 650 1660 βοήθειαν·
678 1604 753 1648 “gv
772 1611 830 1665 τῷ
851 1606 1011 1665 καιρῷ”
1048 1605 1127 1664 γάρ
1152 1623 1277 1665 φησιν
1298 1604 1464 1665 αέκείνῳ
1488 1604 1742 1662 &morafiae-2

241 1692 309 1718 ται
330 1674 507 1728 Μιχαὴλ
527 1672 548 1716 ὃ
567 1675 694 1732 μέγας
714 1675 864 1732 ἄρχων,
900 1674 921 1717 ὃ
944 1675 1174 1733 ἐφεστηκὼς
1193 1677 1257 1718 ἐπὶ
1276 1676 1372 1727 τοὺς
1387 1675 1503 1726 υἱοὺς
1518 1680 1592 1719 τοῦ
1611 1679 1714 1718 λαοῦ

241 1759 332 1786 σου.
401 1744 470 1785 καὶ
493 1741 606 1786 ἔσται
629 1745 769 1801 καιρὸς
784 1746 973 1799 θλίψεως
993 1742 1079 1795 οἶος
1097 1744 1147 1787 οὗ
1167 1745 1322 1801 γέγονεν
1343 1744 1421 1802 ἀφ’
1444 1740 1492 1788 οὗ
1509 1745 1712 1802 γεγένηται

244 1811 365 1863 ἔθνος
387 1812 450 1854 ἐπὶ
467 1815 540 1866 τῆς
558 1812 632 1868 γῆς
651 1815 718 1856 καὶ
738 1814 812 1864 ἕως
830 1818 901 1856 τοῦ
921 1818 1065 1870 καιροῦ
1087 1814 1252 1856 ἐκείνου.
1318 1815 1387 1856 καὶ
1419 1814 1460 1858 ἐν
1492 1819 1551 1874 τῷ
1585 1818 1715 1871 καιρῷ

998 1880 1011 1895 t

245 1881 379 1941 ἐκείνῳ
416 1879 653 1936 σωθήσεται
692 1882 790 1934 λαὸς
830 1882 956 1935 πολὺς
994 1900 1015 1925 ο
1053 1883 1330 1941 γεγραμμένος
1365 1884 1407 1926 ἐν
1437 1888 1489 1943 τῇ
1524 1883 1714 1944 βιβλῳ,”

245 2045 328 2070 rare
358 2044 465 2079 posse
495 2037 533 2069 et
562 2045 607 2069 ex
638 2033 683 2069 iis
713 2034 933 2081 aliquatenus
962 2037 1182 2091 emergere).
1231 2039 1268 2072 et
1298 2036 1467 2072 accedent
1489 2034 1536 2071 iis
1556 2033 1655 2070 multi
1681 2035 1719 2068 in

245 2080 524 2125 lubricitatibus,
556 2080 724 2126 multique
746 2083 955 2128 prudentum
978 2080 1179 2128 deficlent,”
1208 2083 1357 2118 innuens
1384 2083 1489 2118 etiam
1517 2093 1636 2117 eorum
1659 2081 1722 2127 qui

247 2127 391 2162 stabant
411 2127 536 2161 multos
556 2127 732 2173 lapsuros.
779 2129 907 2164 deinde
931 2129 1036 2164 etiam
1059 2141 1198 2164 causam
1219 2130 1332 2165 refert
1354 2141 1417 2165 cur
1440 2131 1528 2165 deus
1551 2140 1613 2163 eos
1635 2139 1722 2174 pas-

247 2184 308 2209 sus
329 2173 378 2208 sit
398 2172 436 2207 in
464 2177 581 2208 tantas
606 2174 818 2210 calamitates
839 2176 1029 2211 devenire:
1061 2173 1147 2211 “ut''
1168 2176 1286 2222 inquit
1305 2173 1391 2211 “eos
1414 2176 1497 2222 igne
1520 2175 1723 2221 exploraret

246 2231 291 2255 ac
313 2221 484 2265 probaret
501 2225 538 2255 et
555 2231 667 2266 usque
692 2222 735 2256 ad
758 2221 940 2256 definitum
962 2228 1099 2269 tempus
1122 2219 1328 2269 purgaret-’²
1375 2223 1443 2258 hoc
1465 2222 1600 2257 indicat
1620 2223 1723 2257 deum

248 2265 321 2301 ista
352 2265 434 2301 fieri
467 2266 617 2311 sivisse,
652 2267 705 2302 uti
737 2280 798 2303 eos
830 2276 1062 2314 expurgaret,
1100 2275 1136 2304 et
1162 2270 1225 2315 qui
1251 2270 1345 2304 inter
1376 2282 1437 2305 eos
1467 2267 1572 2315 probi
1605 2272 1726 2303 essent

249 2311 464 2347 ostenderet.
513 2313 642 2348 deinde
665 2314 819 2350 eiusdem
846 2315 1012 2351 Antiochi
1039 2318 1231 2361 potentiam
1254 2317 1496 2351 demonstrans
1517 2315 1570 2350 ait
1596 2311 1723 2360 “aget—

249 2369 320 2404 que
343 2371 408 2404 pro
431 2358 534 2394 libito
557 2370 644 2405 suo,
675 2361 907 2406 exaltabitur,
944 2368 981 2397 et
1013 2362 1077 2397 fiet
1106 2359 1346 2409 magnificus?
1393 2362 1609 2408 impietatem
1634 2373 1725 2407 quo-

199 2429 202 2432 ·
249 2416 320 2450 que
341 2406 417 2440 eius
439 2407 635 2452 expressit:
664 2403 861 2453 “superbe''
885 2408 1002 2453 inquit
1021 2405 1112 2443 “deo
1136 2409 1277 2445 deorum
1302 2409 1530 2455 obloquetur3
1558 2412 1595 2443 et
1615 2410 1722 2443 rebus

251 2452 415 2487 secundis
436 2457 555 2487 utetur
566 2480 576 2498 ‚
600 2453 680 2488 dum
697 2454 774 2490 irae
791 2454 872 2489 finis
891 2452 990 2499 fiat‚''
1013 2456 1201 2491 ostendens
1221 2457 1429 2491 Antiochum
1446 2466 1516 2489 non
1533 2467 1555 2491 a
1573 2467 1612 2490 se
1629 2455 1722 2500 ipso,

250 2498 315 2532 sed
351 2502 499 2544 propter
535 2499 595 2533 dei
631 2500 718 2534 iram
757 2501 925 2536 adversus
957 2502 1107 2536 Iudaeos
1138 2508 1342 2548 conceptam
1374 2507 1509 2536 tantum
1540 2501 1723 2548 potentiae

251 2543 470 2589 adepturum.
517 2544 601 2580 inde
629 2546 787 2592 pluribus
817 2548 937 2582 verbis
960 2548 1158 2595 complexus
1182 2561 1273 2596 quae
1296 2549 1327 2584 is
1351 2549 1440 2584 mala
1461 2548 1626 2594 Aegypto
1650 2548 1721 2583 Pa-

250 2588 492 2645 laestinaeque
519 2591 760 2639 iniuncturus,
792 2594 964 2640 quomodo
997 2595 1194 2640 rediturus,
1229 2606 1300 2641 quo
1328 2598 1479 2630 vocante
1502 2599 1540 2630 et
1562 2607 1633 2640 qua
1655 2606 1720 2630 ne-

254 2641 420 2671 cessitate
442 2644 611 2684 urgente,
634 2641 776 2675 tandem
798 2641 903 2675 etiam
926 2641 1151 2676 mutationem
1172 2642 1319 2677 istarum
1341 2653 1456 2677 rerum
1480 2641 1639 2688 exponit.
1686 2644 1724 2676 et

252 2681 347 2734 quod
369 2682 492 2718 Iudaei
513 2685 594 2720 istis
616 2687 774 2722 omnibus
797 2687 954 2722 cladibus
975 2688 1090 2732 puniti
1110 2689 1250 2723 tandem
1269 2688 1433 2723 auxilium
1451 2692 1722 2734 consequentur,

253 2736 360 2761 mlsso
382 2730 426 2763 ad
449 2742 509 2765 eos
526 2733 692 2768 tutandos
710 2734 847 2779 angelo.
891 2730 982 2768 “eo''
1007 2733 1123 2780 inquit
1144 2732 1325 2782 “tempore
1343 2739 1510 2781 exsurget
1526 2734 1722 2769 Michaelus

252 2782 399 2817 magnus
421 2776 605 2830 princeps,
641 2785 808 2826 patronus
832 2780 954 2827 populi
975 2781 1040 2816 tui.
1089 2782 1134 2816 ad
1162 2792 1240 2816 eum
1263 2792 1375 2827 usque
1399 2781 1491 2817 diem
1512 2780 1723 2816 calamitatis

252 2821 389 2871 tempus
413 2827 500 2866 ent,
525 2836 616 2869 quae
636 2831 735 2862 tanta
759 2828 901 2873 ingruet
920 2834 1051 2872 quanta
1075 2829 1119 2862 ab
1144 2828 1238 2862 omni
1255 2828 1429 2863 hominum
1446 2827 1612 2863 memoria
1628 2827 1723 2862 nulla

251 2863 334 2900 fult.
382 2877 424 2901 eo
460 2873 575 2906 autem
607 2872 668 2909 die
697 2885 824 2921 magna
844 2874 1045 2917 servabitur
1066 2874 1272 2923 multitudo,
1307 2875 1442 2922 scripta
1463 2874 1502 2911 iu
1523 2870 1650 2921 libro,”
1685 2873 1722 2909 id
