1742 3184
201 218 269 267 92
689 215 929 264 GEORGII
963 215 1211 261 CEDRENI
1241 196 1242 199 ’

204 334 365 395 αγωγὴν
384 334 572 379 ἀπέναντι
593 338 667 392 τῆς
687 335 867 393 πέτρας..
886 336 953 377 καὶ
978 331 1058 377 εἶπε
1082 330 1222 391 κύριος
1239 329 1342 388 πρὸς
1364 326 1514 382 αὐτούς
1528 326 1687 374 “theozi-

204 408 304 451 σατέ
324 423 406 462 μου
428 406 467 448 οἷ
489 406 684 457 ἀπειθεῖς.
754 405 813 460 μὴ
842 406 886 447 ἐκ
912 408 985 460 τῆς
1013 404 1163 462 πέτρας
1191 400 1343 457 ταύτης
1369 399 1563 456 ἒξάξομαι
1589 398 1687 455 ὖμΐν

203 475 316 534 ὕδωρ
328 476 375 532 ,·”
420 476 488 519 καὶ
518 474 672 534 ἐπάρας
691 477 884 530 Μωϋσῆς
911 474 987 530 τὴν
1014 480 1134 531 χεῖρα
1166 472 1292 516 αὐτοῦ
1316 472 1382 515 καὶ
1407 468 1592 522 πατάξας
1612 470 1685 525 τὴν

203 548 357 604 πέτραν
377 547 440 596 δὶς
462 549 513 603 τῇ
533 543 696 604 ῥάβδῳ,
727 545 898 599 ἐξῆλθεν
919 543 1032 600 ὕδωρ
1051 541 1155 586 πολύ
1169 575 1182 595 ,
1212 544 1279 585 καὶ
1300 539 1445 597 ἕπιενῆ
1470 539 1686 596 συναγωγὴ

153 628 187 664 D
211 618 280 658 καὶ
303 617 354 658 τὰ
375 614 499 671 κτήνη
520 616 665 659 αὐτῶν.
735 616 801 656 καὶ
826 612 908 656 εἶπε
932 612 1071 671 κύριος
1093 613 1196 671 πρὸς
1217 615 1408 667 Μωϋσῆν
1429 612 1495 654 καὶ
1510 608 1720 666 Ἀαρώνὸ

198 684 331 728 “ἀνθ’
368 679 424 728 ὧν
458 685 530 727 οὐκ
561 683 818 727 ἐπιστεύσατε
853 681 1019 740 ἁγιάσαι
1055 701 1106 738 με
1137 683 1315 726 ἐναντίον
1342 686 1416 725 τοῦ
1445 685 1569 732 λαοῦ,
1616 679 1686 722 διὰ

204 760 325 798 τοῦτο
355 754 427 798 οὐκ
459 754 634 806 εἰσάξετε
663 752 778 808 ὑμεῖς
806 754 880 809 τὴν
909 752 1147 809 συναγωγὴν
1176 750 1329 807 ταύτην
1362 753 1417 802 εἷς
1444 750 1519 805 τὴν
1540 753 1615 806 γῆν
1638 747 1688 804 ἣν

205 823 338 867 ἴδωκα
359 824 509 875 αὐτοῖς.
580 823 643 866 διὸ
671 821 942 881 προστεθήτω
967 822 1146 879 Ἀαριὺν
1176 822 1279 880 πρὸς
1307 822 1379 864 τὸν
1413 821 1514 862 λαὸν
1546 819 1687 870 αὐτοῦ’,

206 896 273 938 καὶ
295 894 537 938 ἀποθανέτω
548 926 561 945 ,
603 891 706 936 διότι
737 891 1004 950 παρωξύνατέ
1020 910 1070 948 με
1092 893 1154 934 ἐπὶ
1172 896 1247 935 τοῦ
1268 890 1421 941 ὕδατος
1435 894 1508 945 τῆς
1525 889 1688 932 ἀντιλο-

204 964 339 1021 γιάς.”
411 965 477 1006 καὶ
499 964 715 1018 ἀνεβίβασε
738 965 930 1017 Μωϋσῆς
951 962 1021 1006 τὸν
1036 962 1215 1019 Ἀαριὺν
1233 962 1289 1012 εἷς
1311 960 1356 1003 τὸ
1377 959 1497 1018 ὅρος,
1531 960 1599 1001 καὶ
1622 959 1687 1009 ἕξ-
1701 963 1742 1001 10

207 1034 348 1076 ε’δυσεν
366 1033 490 1076 αὐτὸν
508 1033 560 1076 τὰ
578 1033 759 1091 ἱερατικὰ
776 1031 933 1087 ἱμάτια,
969 1034 1035 1076 καὶ
1059 1033 1243 1075 ἐνέδυσεν
1267 1030 1374 1074 αὐτὰ
1393 1028 1596 1086 Ἐλεάζαρ
1619 1027 1690 1070 τὸν

207 1103 297 1146 υἱὸν
318 1103 456 1146 αὐτοῦ.
527 1105 594 1145 καὶ
620 1103 822 1146 ἀπέθανεν
837 1102 1016 1161 Ἀαρών
1040 1104 1082 1146 ἓν
1102 1107 1160 1160 τῷ
1183 1103 1498 1158 τεσσαρακοστῷ
1519 1098 1595 1141 ἔτει
1618 1101 1691 1153 τῆς

207 1171 351 1223 ἐξόδου
372 1177 453 1215 τῶν
471 1172 570 1215 υἱῶν
585 1171 783 1229 Ἰσραήλ,
817 1172 942 1228 ζήσας
963 1172 1030 1228 ξ’τη
1053 1170 1151 1230 ρκγ’.
1221 1173 1289 1214 καὶ
1311 1170 1503 1213 ἔκλαυσεν
1522 1167 1645 1210 αὐτὸν
1667 1164 1688 1209 ὃ

87 1251 116 1284 Ρ
140 1250 187 1287 52
208 1242 308 1293 λαὸς
326 1240 482 1300 ἡμέρας
498 1241 729 1299 τριάκοντα.
765 1244 833 1285 καὶ
851 1242 956 1298 μετὰ
974 1246 1104 1285 ταῦτα
1123 1239 1204 1284 εἷπε
1221 1239 1362 1298 κύριος
1385 1238 1488 1296 πρὸς
1498 1240 1692 1292 Πῖἱωῦσῆν

202 1310 418 1366 κἀνάβηθι
442 1314 498 1362 εἷς
518 1312 563 1354 τὸ
587 1311 684 1368 ὅρος
704 1316 870 1366 Ναβᾶν,
898 1314 965 1355 καὶ
985 1312 1043 1354 ἴδε
1061 1311 1133 1366 τὴν
1152 1316 1226 1367 γῆν
1244 1310 1295 1366 ἣν
1314 1311 1461 1363 δίδωμι
1483 1315 1569 1358 τοῖς
1585 1301 1742 1357 vicis-1⁵*

203 1379 402 1439 Ἰσραήλ,
439 1382 508 1423 καὶ
529 1380 696 1424 τελεύτα
716 1383 801 1424 ε’κεΐ
815 1380 860 1424 ὃν
880 1380 1031 1439 τρόπον
1053 1381 1258 1423 ἀπέθανεν
1274 1378 1451 1437 ’Λαρὼν
1469 1376 1491 1420 ὃ
1513 1374 1693 1434 ἀδελφός

209 1469 298 1502 σου,
335 1449 440 1492 διότι
460 1449 711 1507 ἠπειθήσατε
734 1456 791 1509 τῷ
811 1451 965 1509 ῥήματί
980 1468 1061 1506 μου
1086 1452 1148 1493 ἐπὶ
1169 1455 1241 1493 τοῦ
1263 1448 1418 1499 ὕδατος
1440 1451 1514 1503 τῆς
1529 1447 1692 1490 ἀντιλο-

206 1522 297 1577 γίας
316 1519 535 1576 Κάδδης.”
607 1525 681 1564 τοῦ
710 1522 755 1564 δὲ
775 1521 993 1571 Μωϋσέως
1015 1520 1147 1562 πολλὰ
1166 1522 1234 1562 καὶ
1255 1517 1451 1568 πολλάκις
1474 1517 1693 1572 δεηθέντος

205 1595 281 1634 τοῦ
304 1594 408 1633 θεοῦ
426 1591 516 1648 περὶ
533 1588 705 1643 τούτου,
751 1592 819 1632 καὶ
842 1591 1025 1646 λέγοντος
1043 1588 1226 1643 ((διαβὰς
1247 1583 1318 1631 οὖν
1330 1621 1343 1641 ,
1388 1581 1421 1630 ὦ
1440 1585 1552 1645 κύριε
1565 1619 1578 1639 ,
1620 1585 1693 1628 τὸν

201 1659 413 1716 Ἰορδάνην
437 1659 596 1714 ὄψομαι
618 1659 692 1715 τὴν
713 1659 878 1716 ἀγαθὴν
896 1664 972 1716 γῆν
990 1659 1188 1714 ἓκείνην,”
1226 1657 1307 1701 εἷπε
1329 1655 1470 1715 κύριος
1488 1655 1590 1713 πρὸς
1614 1655 1742 1700 aei-20

205 1728 277 1772 τόν
291 1727 560 1772 “ἶκανούσθω
583 1745 663 1772 σοι.
730 1729 808 1786 ὅρα
829 1729 888 1784 μὴ
909 1730 1144 1786 προσέλθῃς
1164 1746 1236 1784 μοι
1258 1728 1315 1771 ἔτι
1335 1729 1425 1782 περὶ
1448 1724 1596 1770 τούτου
1617 1729 1693 1768 λα-

210 1803 330 1854 λῆσαι
342 1831 356 1851 ,
393 1798 487 1841 ἀλλ’
516 1798 615 1842 ι’δών
633 1798 706 1854 τὴν
730 1798 898 1855 ἀγαθὴν
919 1803 993 1855 γῆν
1011 1806 1097 1849 τοῖς
1118 1799 1356 1856 ὀφθαλμοῖς
1378 1814 1453 1839 σου
1475 1793 1690 1839 maha?

157 1879 188 1915 Β
213 1870 281 1911 καὶ
302 1867 471 1926 γράψας
491 1869 533 1910 ἔκ
553 1867 866 1926 προστάγματος
887 1870 1028 1926 κυρίου
1051 1869 1125 1924 τὴν
1143 1867 1324 1924 μεγάλην
1344 1865 1467 1925 ᾠδήν,
1514 1867 1582 1908 καὶ
1605 1866 1693 1907 ἔπι-

210 1940 300 1988 θεὶς
332 1938 407 1989 τὰς
434 1944 575 1996 χεῖρας
605 1940 669 1981 ἐπὶ
696 1939 855 1994 Ἰησοῦν
875 1942 949 1981 τοῦ
968 1942 1093 1993 Ναυῆ
1114 1941 1170 1989 εἷς
1188 1938 1234 1981 τὸ
1259 1938 1533 1988 διαδέξασθαι
1556 1932 1694 1987 αὐτόν,

210 2047 279 2082 lum
299 2047 336 2082 in
355 2047 558 2082 concionem
580 2035 783 2083 advocavit.
829 2053 902 2083 tum
927 2049 1013 2083 deus
1034 2060 1094 2083 eos
1112 2047 1163 2082 ita
1187 2052 1242 2082 est
1265 2047 1395 2082 affatus
1416 2042 1562 2081 “audite
1581 2057 1648 2090 me,
1673 2055 1694 2080 o

211 2094 403 2130 increduli:
437 2107 554 2129 nonne
587 2107 631 2130 ex
665 2095 732 2130 hoc
763 2107 848 2129 saxo
878 2096 980 2129 vobis
1009 2107 1133 2141 aquam
1161 2090 1398 2129 eliciemus?''
1445 2092 1547 2127 simul
1573 2092 1695 2127 Moses

213 2141 351 2176 sublata
373 2152 476 2175 manu
499 2153 619 2176 saxum
643 2141 766 2177 baculo
789 2141 846 2177 bis
870 2141 1068 2188 percussit,
1104 2146 1140 2176 et
1162 2141 1307 2187 copiosa
1330 2139 1413 2175 inde
1436 2151 1527 2186 aqua
1552 2150 1695 2173 emana-

211 2187 285 2232 vit,
319 2187 482 2234 bibitque
506 2188 654 2234 populus
689 2193 725 2223 et
755 2188 925 2224 iumenta.
974 2189 1060 2223 deus
1090 2193 1205 2223 autem
1229 2187 1365 2221 Mosem
1384 2191 1421 2221 et
1445 2186 1620 2221 Aaronem
1642 2185 1696 2220 sic

214 2234 456 2281 compellavit:
478 2231 693 2280 “propterea
716 2235 810 2281 quod
836 2247 906 2270 non
933 2235 1134 2270 credidistis
1158 2234 1243 2269 mihi
1265 2239 1409 2269 eatenus
1433 2239 1474 2269 ut
1498 2244 1609 2267 meam
1633 2244 1694 2267 co-

214 2293 287 2316 ram
313 2281 442 2328 populo
465 2282 686 2317 sanctitatem
708 2281 968 2328 defenderetis,
993 2282 1073 2316 ideo
1095 2294 1159 2316 vos
1182 2286 1318 2316 coetum
1342 2281 1434 2316 hunc
1457 2291 1527 2315 non
1548 2280 1696 2313 induce-

214 2328 260 2363 tis
284 2327 322 2362 in
346 2333 475 2362 terram
500 2328 587 2374 ipsis
612 2341 632 2364 a
656 2341 711 2363 me
735 2330 957 2364 destinatam.
994 2328 1142 2375 proinde
1165 2328 1284 2363 Aaron
1306 2328 1453 2362 accedat
1477 2325 1606 2373 populo
1631 2336 1696 2360 suo

215 2380 252 2409 et
274 2374 455 2420 moriatur,
480 2376 562 2420 quia
585 2388 639 2410 me
662 2375 831 2411 irritastis
852 2376 946 2422 apud
964 2387 1089 2420 aquam
1109 2371 1246 2409 rixae.'’
1293 2375 1416 2421 itaque
1437 2373 1558 2407 Moses
1583 2373 1696 2406 Aaro-

213 2433 292 2456 nem
316 2421 353 2455 in
379 2427 527 2456 montem
553 2422 718 2466 adduxit,
755 2433 903 2468 eumque
927 2422 1088 2457 vestibus
1108 2422 1385 2456 sacerdotalibus
1409 2419 1528 2463 exuit,
1562 2419 1696 2464 hasque

213 2468 287 2502 filio
312 2467 425 2514 ipsius
449 2468 622 2504 Eleazaro
647 2470 775 2504 induit.
821 2469 874 2504 ita
894 2470 1013 2503 Aaron
1045 2469 1121 2503 vita
1143 2468 1298 2504 decessit
1322 2479 1413 2502 anno
1439 2468 1482 2501 ab
1507 2465 1605 2500 exitu
1629 2477 1695 2510 po-

212 2514 289 2560 puli
308 2515 587 2560 quadragesime,
613 2528 723 2551 annos
746 2520 849 2550 natus
875 2517 960 2558 1233
985 2527 1134 2561 eumque
1157 2515 1307 2561 populus
1325 2515 1403 2549 dies
1420 2514 1466 2548 30
1483 2512 1584 2547 luxit.
1633 2511 1698 2545 de-

212 2562 296 2597 inde
319 2562 454 2596 Mosem
478 2563 564 2597 deus
596 2562 633 2597 in
665 2568 815 2598 montem
839 2563 968 2597 Naban
993 2563 1210 2597 adscendere
1232 2562 1358 2606 iussit,
1392 2560 1546 2604 indeque
1565 2564 1698 2593 terram

211 2607 383 2642 Israelico
409 2608 537 2654 populo
559 2610 804 2655 possidendam
829 2609 1055 2656 prospicere,
1083 2609 1205 2655 ibique
1227 2609 1339 2652 mori,
1363 2606 1539 2652 quomodo
1562 2611 1599 2640 et
1621 2605 1696 2639 fra-

214 2660 270 2689 ter
295 2655 371 2689 eius
395 2655 513 2689 Aaron
537 2656 702 2702 obiisset,
738 2656 889 2702 iccirco,
925 2656 1086 2701 dicebat,
1121 2656 1205 2702 quia
1234 2656 1346 2690 verbo
1370 2664 1447 2687 meo
1477 2652 1587 2687 diffisi
1610 2651 1699 2687 estis

214 2702 310 2746 apud
332 2702 469 2746 Gades,
506 2703 548 2737 ad
580 2715 704 2748 aquam
726 2703 837 2739 rixae,
887 2714 964 2738 cum
999 2708 1114 2737 autem
1144 2703 1264 2737 Moses
1296 2710 1550 2746 saepenumero
1579 2697 1698 2733 multis

215 2747 382 2794 precibus
408 2760 428 2782 a
450 2749 589 2785 domino
614 2751 815 2797 flagitasset
845 2750 899 2784 uti
930 2749 1001 2784 sibi
1023 2750 1209 2784 Iordanem
1233 2747 1474 2784 transmittere
1507 2752 1694 2792 praestan-

214 2801 357 2840 temque
390 2794 480 2830 illam
513 2801 644 2832 terram
676 2796 836 2832 contueri
858 2796 1001 2840 liceret3
1040 2797 1126 2832 deus
1151 2808 1227 2830 eum
1253 2798 1453 2829 contentum
1478 2804 1557 2827 esse
1579 2791 1698 2836 iussit,

213 2853 331 2886 neque
351 2853 390 2876 se
415 2842 561 2887 posthac
585 2843 687 2879 huius
710 2844 765 2879 rei
789 2855 895 2879 causa
917 2843 1155 2890 interpellare,
1178 2843 1242 2877 sed
1268 2840 1402 2876 eminus
1420 2843 1611 2886 conspecta
1629 2837 1701 2872 ista

216 2887 363 2933 regione
386 2888 496 2923 vitam
521 2900 594 2923 cum
616 2896 728 2926 morte
746 2895 972 2926 commutare.
1022 2901 1106 2935 ergo
1125 2889 1246 2924 Moses
1271 2888 1330 2922 dei
1353 2887 1516 2922 mandato
1540 2895 1701 2930 magnum

216 2934 302 2970 illud
326 2946 466 2971 carmen
489 2936 713 2984 conscripsit,
736 2937 967 2985 manibusque
984 2937 1112 2972 Iosuae
1134 2936 1260 2972 Nauae
1282 2934 1330 2969 Ρ.
1356 2932 1532 2981 impositis
1551 2931 1611 2976 (eo
1631 2930 1703 2966 ritu
