1742 3184
203 207 305 254 250
689 209 934 255 GEORGII
961 209 1210 255 CEDRENI

202 341 324 380 μενος
351 327 511 380 συχνῶς
537 319 647 383 ἑώρα
668 323 765 375 τοὺς
788 323 963 382 τροχοὺς
982 324 1291 381 ἀναβαίνοντας.
1360 322 1408 369 ὃν
1429 323 1690 382 θεασάμενος

203 393 226 437 ὃ
245 395 442 449 βασιλεὺς
464 396 547 446 καὶ,
563 396 781 449 θυμωθεὶς
810 394 931 452 ἤρετο
963 395 1070 447 τίνος
1091 393 1398 452 χάριν-πυκνῶς
1415 396 1691 456 στρεφόμενος

203 464 277 507 οὒκ
297 466 346 524 ἐᾷ
366 465 411 507 τὸ
434 463 549 521 ἅρμα
571 465 657 507 κατ’
683 464 848 507 εὐθεῖαν
870 464 1038 521 τρέχειν.
1108 463 1234 522 ὅσπερ
1255 465 1360 519 μετὰ
1380 465 1514 522 φόβου
1537 467 1688 510 ἀπελο-

200 532 355 591 γήσατο
379 532 506 584 ατοὺς
536 534 710 590 τροχοὺς
740 532 848 592 δρῶν
869 535 1166 588 ἀναβαίνοντας
1187 536 1256 577 καὶ
1277 538 1599 590 καταβαίνοντας
1621 539 1688 579 ε’ν-

199 608 284 646 νοῶ
304 603 351 647 τὸ
373 603 551 647 ἄστατον
571 608 643 646 τοῦ
665 604 784 658 βίου,
820 607 908 654 πῶς
925 603 979 646 τοὶ
1006 602 1118 647 κάτω
1139 604 1224 647 ἄνω
1244 605 1422 661 γίνονται
1441 607 1509 648 καὶ
1528 607 1581 649 τὰ
1603 606 1721 651 dvc-15

199 671 356 717 κάτω.”
395 672 494 730 ὅπερ
518 671 697 724 ἀκούσας
719 671 740 714 ὁ
763 675 903 730 Κῦρος
924 675 992 716 καὶ
1015 672 1264 728 αἰσθόμενος
1284 673 1425 719 ἔλυσεν
1446 674 1584 728 αὐτόν,
1619 678 1688 719 καὶ

198 742 376 798 τιμήσας
404 740 665 800 φιλοφρόνως
694 743 936 797 ἀνεβίβασεν
968 745 1010 787 ἐν
1036 748 1094 802 τῷ
1126 742 1303 801 ἅρματι,
1353 747 1422 787 καὶ
1452 747 1689 802 ἐλευθερίας
1731 779 1733 781 -

197 812 367 868 ἠξίωσεν
397 813 444 855 οὗ
465 810 592 867 μόνον
616 812 741 855 αὐτὸν
767 812 876 855 ἀλλὰ
901 814 970 855 καὶ
991 813 1089 865 τοὺς
1111 812 1290 865 λοιπούς.
1361 809 1480 866 οὗτος
1503 813 1523 857 ὅ
1547 818 1689 871 Κῦρος

197 884 378 939 Περσῶν
399 883 467 925 καὶ
486 880 653 937 ΖΠήὸων
675 884 905 926 Χαλδαίων
935 900 979 927 τε
1009 885 1077 926 καὶ
1110 883 1376 942 Ἀσσυρι’ων,
1431 887 1587 943 Συρίας
1619 886 1688 928 καὶ

197 953 359 995 ,Λυδιῦν
382 950 618 1008 ἐκράτησεν.
1700 962 1742 998 10

147 1025 181 1061 D
347 1016 480 1072 Οὗτος
500 1022 572 1064 τὸν
592 1021 774 1078 Κροῖσον
795 1021 1093 1076 αι’χμαλωτίζει.
1162 1023 1229 1064 καὶ
1250 1019 1433 1078 θελήσας
1449 1022 1575 1066 αὐτὸν
1590 1024 1688 1079 πυρὶ

202 1097 460 1134 κατακαῦσαι
480 1092 550 1134 διὰ
572 1088 743 1133 Σόλωνα
764 1091 955 1148 ἐφείσατο
980 1089 1119 1148 τρόπῳ
1142 1095 1300 1149 τοιῷδε.
1370 1091 1646 1150 ἀπερχόμενος
1666 1090 1688 1135 ὃ

202 1163 385 1218 Κροῖσος
406 1165 554 1216 καῆναι
582 1160 797 1218 ἀνέκραξεν
824 1155 890 1203 “ὦ
909 1158 1067 1212 Σόλων,
1104 1155 1137 1202 ὦ
1158 1160 1348 1204 Σόλων.”
1419 1167 1539 1205 τοῦτο
1562 1160 1689 1204 ἀκού-

202 1249 281 1281 σας
301 1229 322 1273 ὂ
345 1233 487 1287 Κῦρος
507 1228 683 1273 ἐπύθετο
706 1231 814 1280 τίνος
829 1227 954 1286 χάριν
971 1228 1156 1284 ὀνομάζει
1175 1230 1246 1273 τὸν
1267 1229 1461 1284 Σόλωνα,
1498 1232 1565 1274 καὶ
1590 1232 1685 1289 παρ’

203 1301 331 1343 αὐτοῦ
365 1299 502 1343 ἀκούει
532 1299 595 1343 ὅτι
624 1298 690 1342 ὅτε
718 1298 1057 1354 αἰχμαλωτεύσας
1082 1299 1154 1342 τὸν
1172 1299 1344 1358 Σόλωνα
1371 1300 1518 1357 ἤνεγκα
1547 1298 1685 1353 αὐτόν,
1700 1306 1742 1343 15

202 1368 463 1425 καυχώμενος
485 1370 528 1412 ἓν
549 1373 601 1426 τῇ
621 1367 721 1426 δόξῃ
741 1386 823 1424 μου
846 1371 914 1411 καὶ
945 1369 986 1411 ἓν
1013 1373 1072 1427 τῷ
1092 1367 1254 1429 πλούτῳ
1278 1374 1352 1426 τῆς
1369 1372 1581 1425 βασιλείας
1603 1388 1688 1426 μου

203 1437 313 1482 εἷπον
335 1441 445 1498 αὐτῷ
467 1437 674 1482 “damam
698 1436 829 1496 εὗρεΐν
851 1433 885 1481 ὦ
904 1437 1048 1481 Σόλων
1066 1438 1425 1498 εὐδαιμονέστερόν
1444 1457 1525 1496 μου
1536 1441 1582 1495 ,·''
1619 1442 1688 1483 καὶ

199 1509 335 1566 εἴρηκέ
366 1527 438 1565 μοι
472 1507 534 1551 ὅτι
561 1508 760 1564 Διογένης
786 1506 808 1550 ὅ
829 1508 992 1559 κυνικὸς
1017 1509 1374 1567 εὖὸἀιμονίστερός
1400 1509 1475 1553 σού
1504 1511 1588 1553 ἔστι
1618 1512 1688 1552 καὶ

198 1578 317 1621 ἄλλοι
347 1579 504 1621 πολλοί.
575 1578 622 1620 ὃν
649 1576 1001 1632 ἀποπεμψάμενος
1030 1575 1086 1628 ὡς
1115 1578 1277 1633 ἴξηχον,
1315 1580 1465 1636 ἀρτίως
1492 1578 1688 1636 ᾐσθόμην

49 1656 79 1691 Ρ
107 1657 174 1693 143
199 1649 262 1692 ὅτι
283 1647 417 1690 πάντα
437 1652 510 1690 τοῦ
534 1646 692 1701 κόσμου
713 1648 832 1689 οὐδέν
855 1649 968 1689 εἶσιν.
1038 1646 1099 1688 ἴδε
1131 1649 1210 1705 γὰρ
1237 1646 1298 1691 ὅτι
1323 1649 1442 1691 οὐδὲν
1461 1647 1742 1707 ὠφελήθηνῖο

199 1719 243 1760 ἔκ
264 1722 338 1760 τοῦ
359 1715 539 1759 πλούτου
561 1719 634 1771 τῆς
655 1717 868 1770 βασιλείας
889 1733 987 1772 μου.
1037 1721 1260 1771 τηνικαῦτα
1283 1716 1532 1774 αἰσθόμενος
1553 1717 1573 1762 ὃ
1595 1720 1690 1761 Κῦ-

201 1805 274 1844 ρος
303 1788 357 1829 οὐ
380 1785 508 1841 μόνον
535 1785 659 1828 αὐτὸν
681 1783 940 1842 ἀτιμώρητον
964 1785 1111 1839 εἴασεν,
1146 1788 1252 1830 ἀλλὰ
1281 1790 1349 1830 καὶ
1384 1787 1560 1844 τιμήσας
1579 1787 1690 1844 σύμ-

198 1860 352 1912 βουλον
375 1852 609 1915 προσήκατο
632 1856 700 1899 καὶ
721 1855 983 1912 παιδαγωγὸν
1004 1859 1078 1899 τοῦ
1099 1857 1247 1908 παιδὸς
1268 1856 1517 1914 Καμβύσου.
1568 1853 1689 1910 οὗτος

199 2029 528 2068 circumvertentes.
556 2032 651 2079 quod
676 2034 754 2068 cum
776 2031 1085 2067 animadvertisset
1109 2032 1240 2079 Cyrus,
1267 2033 1551 2079 indignabundus
1572 2034 1686 2071 inter-

197 2077 343 2121 rogavit
373 2078 458 2124 quid
488 2081 539 2114 ita
569 2080 720 2115 subinde
754 2091 794 2114 se
827 2084 1037 2114 convertens
1071 2085 1206 2114 rectum
1238 2081 1487 2126 quadrigarum
1511 2081 1687 2117 incessum

198 2129 396 2159 averteret.
443 2125 475 2160 is
499 2126 621 2161 timide
644 2126 832 2173 respondit
855 2138 918 2171 se,
951 2137 1028 2160 cum
1050 2132 1148 2161 rotas
1173 2138 1310 2162 sursum
1334 2129 1568 2175 deorsumque
1589 2129 1688 2163 volvi

200 2177 344 2216 cernat,
371 2171 470 2207 vitae
494 2172 763 2208 instabilitatem
788 2172 1027 2217 considerare,
1049 2172 1087 2207 in
1112 2185 1182 2218 qua
1205 2186 1337 2209 summa
1365 2176 1411 2210 ad
1432 2175 1537 2210 imum
1561 2175 1687 2211 devol-

198 2223 350 2262 vuntur,
383 2218 453 2253 ima
477 2220 521 2254 ad
547 2231 714 2255 summum
739 2220 950 2254 evehuntur.
998 2219 1066 2254 hoc
1098 2220 1246 2255 audiens
1277 2222 1395 2267 Cyrus
1427 2227 1534 2267 atque
1569 2221 1685 2257 animo

197 2269 368 2309 reputans
393 2275 471 2300 eum
499 2266 630 2312 solvit,
666 2271 708 2302 ac
739 2267 887 2301 comiter
909 2266 1043 2301 honore
1067 2268 1233 2301 affectum
1255 2267 1294 2302 in
1315 2269 1507 2315 quadrigas
1531 2269 1687 2314 sustulit,

199 2309 437 2356 libertateque
462 2317 498 2347 et
521 2312 635 2358 ipsum
661 2319 698 2348 et
717 2313 872 2358 reliquos
898 2313 1057 2347 donavit.
1108 2313 1166 2348 hic
1185 2314 1305 2360 Cyrus
1327 2326 1474 2361 regnum
1497 2315 1535 2350 in
1556 2316 1687 2350 Persas

198 2356 326 2391 Medos
352 2358 553 2394 Chaldaeos
580 2359 749 2404 Assyrios
773 2359 902 2405 Syrios
927 2364 964 2393 et
987 2360 1111 2404 Lydos
1134 2361 1263 2396 tenuit.

291 2404 389 2439 Idem
422 2407 540 2450 Cyrus
576 2407 733 2451 Croeso,
767 2418 870 2452 quem
897 2411 1037 2452 captum
1070 2408 1279 2443 comburere
1311 2411 1505 2452 statuerat,
1535 2409 1685 2452 propter

198 2448 365 2485 Solonem
389 2453 565 2498 pepercit.
614 2465 674 2488 res
702 2465 744 2489 ea
767 2453 824 2488 ita*
842 2459 945 2498 gesta
970 2459 1038 2487 est.
1089 2453 1244 2489 Croesus
1265 2467 1341 2490 cum
1366 2455 1434 2489 iam
1458 2455 1503 2488 ad
1527 2454 1686 2488 flammas

197 2495 400 2544 duceretur,
425 2499 637 2535 exclamavit
656 2512 676 2535 o
697 2499 819 2545 Solon,
845 2511 866 2534 o
886 2499 1009 2534 Solon.
1058 2499 1095 2534 id
1120 2501 1239 2545 Cyrus
1263 2502 1435 2545 audiens,
1459 2511 1598 2534 causam
1623 2511 1686 2534 cur

197 2542 363 2578 Solonem
396 2545 596 2581 nominaret
623 2546 827 2592 requisivit.
874 2546 1060 2600 respondit
1084 2548 1239 2582 Croesus
1269 2560 1309 2583 se
1333 2547 1521 2592 aliquando
1547 2545 1685 2590 soloni,

197 2599 274 2622 cum
299 2601 375 2624 eum
403 2592 577 2646 cepisset,
608 2593 755 2639 gloriam
781 2598 818 2629 et
839 2591 986 2628 divitias
1010 2593 1113 2638 regni
1138 2594 1194 2628 sui
1218 2600 1438 2638 ostentasse,
1463 2605 1505 2628 ac
1528 2594 1685 2627 interro-

196 2646 302 2678 gasse
328 2648 419 2672 anne
443 2650 522 2685 ipso
549 2639 701 2685 aliquem
726 2639 919 2674 beatiorem
942 2651 982 2673 se
1006 2639 1170 2675 invenire
1194 2653 1300 2686 posse
1323 2645 1480 2687 putaret.
1516 2639 1683 2673 Solonem

195 2692 284 2715 vero
317 2682 451 2718 dixisse
480 2685 678 2731 Diogenem
701 2686 876 2732 Cynicum
908 2685 1107 2732 multosque
1137 2687 1227 2722 alios
1260 2687 1340 2734 ipso
1377 2698 1456 2721 esse
1488 2685 1695 2725 feliciores.¹

198 2737 241 2760 ac
265 2731 349 2761 tunc
373 2731 513 2774 quidem
538 2745 559 2766 a
582 2745 622 2767 se
644 2733 808 2767 Solonem
832 2732 896 2776 ita,
921 2737 960 2767 ut
983 2732 1044 2777 qui
1066 2739 1182 2769 mente
1206 2741 1330 2779 captus
1351 2733 1546 2776 videretur,
1569 2732 1683 2766 fuisse

197 2772 398 2808 dimissum:
423 2788 516 2811 nunc
540 2784 656 2813 autem
678 2791 718 2814 se
741 2778 909 2825 experiri,
933 2778 1103 2825 quicquid
1127 2781 1164 2815 in
1190 2781 1315 2816 mundo
1336 2786 1404 2824 est,
1423 2779 1460 2814 id
1479 2778 1566 2813 nihil
1585 2789 1682 2812 esse:

198 2830 278 2852 nam
301 2819 371 2854 sibi
394 2822 534 2866 quidem
559 2825 704 2860 divitias
725 2825 826 2871 regni
854 2825 910 2860 sui
933 2825 1022 2859 nihil
1042 2827 1235 2872 profuisse.
1281 2826 1335 2861 ibi
1358 2827 1476 2871 Cyrus
1499 2837 1540 2859 re
1563 2824 1682 2859 consi-

198 2865 324 2900 derata
348 2878 418 2901 non
441 2870 616 2915 supplicio
642 2877 777 2907 tantum
801 2874 971 2907 Croesum
993 2874 1190 2919 subtraxit,
1222 2874 1286 2909 sed
1305 2873 1439 2908 honore
1461 2872 1567 2906 etiam
1591 2872 1682 2906 affe-

197 2910 260 2958 cit,
285 2912 524 2951 consiliarium
547 2917 619 2953 sibi
642 2930 721 2955 eum
746 2924 786 2955 et
804 2918 871 2955 filii
894 2918 952 2955 sui
973 2919 1162 2967 cambysis
1186 2920 1392 2967 magistrum
1415 2919 1567 2955 faciens.
1599 2917 1683 2953 huic
