1742 3184
184 171 289 220 522
670 172 913 218 GEORGII
947 171 1195 217 CEDRENI

180 287 409 341 Ἰουλιανὸς
426 284 568 344 ἔλαχε,
602 292 724 334 τοῦτο
743 287 769 344 ἦ
788 292 840 345 γῆ
860 287 933 331 οὐκ
955 287 1128 344 ἐδέχετο.
1199 285 1518 345 ἆποκειράμενος
1535 290 1580 334 δὲ
1595 288 1670 342 τὰς

135 367 166 404 Β
191 361 334 418 τρίχας
375 360 600 415 μοναχικὴν
645 358 818 414 ἄσκησιν
859 356 1116 416 ὗπεκρίνατο.
1184 358 1472 410 Κωνστάντιος
1516 360 1561 402 δὲ
1601 361 1670 403 καὶ

183 428 386 480 Κώνστας
403 428 929 484 ἐνομοθέτησανἸουδαΐον
946 428 1006 484 μὴ
1027 428 1223 472 ὠνεῖσθαι
1245 431 1406 482 δοῦλον,
1435 430 1518 472 ἐπεὶ
1538 429 1669 487 ἀφαι-

185 504 351 558 ρεῖσθαι
375 499 498 542 αὐτὸν
521 502 577 549 εἷς
597 499 670 540 τὸν
690 496 889 553 δημόσιον
910 497 1051 555 λόγον·
1089 500 1125 542 εἲ
1153 499 1197 542 δὲ
1227 501 1294 541 καὶ
1319 505 1544 557 περιτεμεῖν
1571 502 1668 541 τολ-

183 567 308 625 μήσει
351 571 521 622 δοῦλον,
570 568 678 626 ξίφει
714 572 990 627 τιμωρεῖσθαι
1019 569 1090 612 καὶ
1122 568 1197 625 τὴν
1231 566 1378 612 τούτου
1412 566 1702 624 δημεύεσθαιό

185 640 343 683 οὐσίαν.

325 711 399 765 Τῷ
422 703 459 749 δ’
482 707 549 749 καὶ
573 702 604 749 ε’
627 704 704 750 ἔτει
720 704 942 763 Ἀντιόχεια
961 704 1041 751 ὕπὸ
1064 710 1237 763 σεισμοῦ
1251 705 1433 765 μεγάλου
1455 707 1519 750 ἐπὶ
1541 707 1673 766 τρισὶν

182 775 357 836 ἡμέραις
380 774 618 819 ἐκινδύνευε.

326 849 410 904 Τῷ,
433 844 468 896 ς]
499 845 576 889 ἔτει
604 843 893 897 Κωνστάντιος
915 845 1158 904 Ἀσσυρίους
1185 843 1354 901 νικήσας
1380 843 1672 903 ἐθριάμβευσε,

186 913 393 973 Σαπώρης
425 916 469 958 δὲ
502 913 523 959 ὅ
555 920 636 959 τῶν
662 918 840 974 Περσῶν
868 915 1063 970 βασιλεὺς
1089 915 1186 967 τοὺς
1213 915 1492 973 Χριστιανοὺς
1518 916 1671 966 ἐδίωκε,
1685 919 1730 956 10

185 984 390 1036 ,Κώνστας
409 986 453 1028 δὲ
471 986 513 1028 ἐν
530 990 580 1043 τῇ
600 983 715 1030 δύσει
739 984 959 1043 Φράγγους
979 984 1202 1042 ἐπόρθησε.
1269 983 1403 1044 τούτῳ
1419 989 1478 1042 τῷ
1498 984 1574 1027 ἔτει
1593 984 1676 1026 Δι’-

188 1053 318 1109 δυμός
336 1072 398 1106 τις
416 1054 628 1112 ἐλλόγιμος
649 1055 751 1114 ἀνὴρ
772 1056 852 1098 ἀπὸ
874 1054 1072 1110 ὀμμάτων
1091 1056 1336 1112 ἐγνωρίζετο.
1404 1052 1537 1111 τούτῳ
1561 1054 1676 1096 ἐντυ-

135 1137 166 1172 c
187 1124 275 1181 χῶν
306 1123 327 1167 ὅ
360 1125 488 1182 μέγας
516 1123 728 1175 Ἀντώνιος
757 1126 799 1168 ἐν
827 1126 1110 1185 Ἀλεξανδρεία
1139 1122 1220 1167 εἶπε
1245 1125 1350 1180 πρὸς
1372 1121 1496 1166 αὐτόν
1517 1121 1677 1178 “μηδὲν

187 1195 422 1252 ταραττέτω
441 1212 486 1238 σε
506 1193 532 1250 ἦ
553 1195 739 1250 ἀποβολὴ
758 1198 840 1237 τῶν.
859 1193 1076 1249 ὀμμάτων·
1112 1197 1290 1236 τοιοῦτοι
1309 1191 1388 1250 γάρ
1408 1210 1452 1237 σε
1474 1194 1678 1235 λείπουσιν

188 1264 406 1324 ὀφθαλμοὶ
426 1263 498 1315 οὓς
516 1267 582 1306 καὶ
604 1271 722 1319 μυῖαι
743 1266 810 1306 καὶ
829 1263 1020 1314 κώνωπες
1033 1261 1200 1318 βλάψαι
1221 1261 1422 1316 ἰσχύουσι.
1486 1269 1608 1320 χαῖρε
1631 1263 1675 1306 δὲ
1689 1266 1734 1304 15

188 1333 251 1384 ὅτι
274 1333 377 1388 ἔχεις
401 1333 652 1390 ὀφθαλμοὺς
674 1331 737 1384 οἷς
757 1335 824 1376 καὶ
848 1332 1009 1389 ἄγγελοι
1030 1332 1271 1387 stagneum?

331 1407 407 1462 Τῷ
430 1402 464 1456 ζ’
489 1403 566 1447 ἔτει
591 1408 759 1458 σεισμοῦ
781 1401 963 1460 μεγάλου
983 1403 1198 1459 γενομένου
1218 1398 1521 1460 Νεοκαισάρεια
1539 1418 1680 1444 ποντι-

189 1477 341 1516 σθεῖσα
373 1471 621 1530 κατεπτώθη
644 1472 750 1528 πλὴν
771 1478 846 1528 τῆς
867 1474 1091 1528 ἐπισκοπῆς
1111 1474 1179 1515 καὶ
1199 1476 1273 1528 τῆς
1293 1473 1522 1527 ἐκκλησίας.
1589 1469 1680 1514 τότε

189 1544 258 1585 καὶ
282 1544 456 1594 Παῦλος
477 1540 498 1586 ὃ
520 1541 775 1600 ὃμολογητὴς
790 1549 1082 1601 χειροτονεῖται
1105 1543 1322 1594 ἐπίσκοπος
1342 1543 1682 1585 Κωνσταντινου-

187 1610 357 1662 πόλεως.
1515 1655 1518 1657 ,
1691 1616 1739 1653 20

330 1685 403 1740 Τῷ
423 1678 462 1737 η’
485 1680 563 1724 ἕτει
585 1685 753 1736 σεισμοῦ
772 1678 953 1738 μεγάλου
974 1679 1190 1737 γενομένου
1208 1677 1352 1731 Ῥόδος
1370 1677 1398 1736 ἦ
1419 1683 1543 1736 νῆσος
1563 1677 1683 1722 κατέ-

187 1766 300 1794 πεσε.

332 1821 408 1876 Τῷ
438 1814 483 1860 θ’
513 1816 591 1860 ἔτει
624 1815 866 1875 Δυρράχιον
892 1814 1010 1868 πόλις
1035 1820 1110 1871 τῆς
1138 1816 1387 1871 Δαλματίας
1407 1814 1488 1860 ὑπὸ
1513 1819 1684 1871 σεισμοῦ

195 1886 430 1947 διεφθάρη,
474 1889 543 1929 καὶ
569 1886 705 1943 Ῥώμη
738 1889 780 1930 ἐν
810 1888 941 1945 τρισὶν
970 1884 1244 1930 ἐκινδύνευσεν
1275 1884 1450 1945 ἡμέραις
1482 1887 1685 1942 σειομένη,

189 1997 328 2034 Iuliano
353 1996 572 2031 aedificanda
596 1996 796 2042 obtigerat,
823 1995 876 2030 ibi
899 1995 1010 2030 solum
1033 1996 1215 2031 materiam
1238 2007 1309 2030 non
1332 1994 1482 2042 recepit.
1529 1995 1689 2031 Iulianus

195 2050 301 2080 tonso
336 2043 462 2089 capillo
495 2044 723 2078 monasticam
747 2044 856 2078 vitam
881 2055 920 2077 se
945 2044 1077 2087 degere
1099 2043 1192 2078 velle
1215 2042 1407 2077 simulavit.
1457 2043 1690 2078 Constantius

196 2097 234 2126 et
265 2092 443 2125 Constans
475 2089 590 2135 legem
620 2089 778 2125 tulerunt
812 2102 856 2124 ne
892 2090 971 2135 quis
1005 2089 1157 2124 Iudaeus
1181 2101 1321 2124 servum
1346 2094 1500 2124 emeret:
1536 2096 1690 2135 emptum

195 2137 373 2185 publicari
404 2136 595 2171 iusserunt.
645 2136 677 2171 si
710 2136 790 2182 quis
821 2136 1073 2171 circumcidere
1108 2148 1250 2172 servum
1282 2147 1388 2171 ausus
1421 2140 1537 2182 esset,
1569 2136 1689 2182 gladio

195 2184 301 2220 feriri
329 2189 366 2218 et
388 2184 482 2218 bona
506 2183 582 2218 eius
606 2182 793 2229 publicari.

290 2230 403 2265 Annis
437 2235 606 2276 quattuor
638 2235 675 2265 et
708 2230 866 2276 quinque
897 2228 1098 2266 Antiochea
1128 2229 1282 2265 triduum
1305 2241 1432 2276 magno
1454 2234 1574 2265 terrae
1594 2233 1692 2265 motu

195 2277 402 2326 periclitata
425 2282 493 2311 est.

293 2325 405 2359 Sexto
435 2335 527 2358 anno
562 2322 793 2358 Constantius
828 2322 874 2357 de
905 2322 1012 2358 victis
1046 2321 1208 2367 Assyriis
1239 2321 1483 2370 triumphavit.
1533 2323 1692 2369 Sapores

196 2372 387 2408 Persarum
411 2382 474 2405 rex
498 2370 722 2405 Christianos
748 2374 803 2404 est
825 2376 1046 2415 persecutus.
1098 2371 1274 2405 Constans
1297 2369 1334 2403 in
1358 2368 1555 2404 Occidente
1573 2370 1692 2404 Fran-

199 2431 261 2454 cos
295 2418 528 2464 oppugnavit.
593 2430 635 2452 eo
673 2428 764 2451 anno
800 2416 976 2461 Didymus
1010 2416 1170 2463 quidam,
1214 2416 1272 2451 vir
1309 2415 1535 2461 praeclarus,
1580 2417 1691 2452 oculis

200 2470 326 2510 captus
357 2464 524 2499 innotuit.
574 2465 620 2499 ad
650 2464 743 2498 hunc
773 2475 919 2508 magnus
951 2463 1010 2498 ille
1041 2464 1215 2499 Antonius
1245 2463 1483 2498 Alexandriae
1517 2464 1692 2498 accedens

198 2509 295 2546 “non
320 2507 395 2546 est’'
431 2511 482 2546 ait
512 2507 602 2545 “cur
625 2512 669 2545 ob
694 2510 865 2544 iacturam
889 2510 1066 2546 oculorum
1091 2509 1330 2556 perturberis:
1363 2509 1452 2543 tales
1486 2510 1578 2544 enim
1604 2509 1692 2544 ami-

201 2558 281 2593 sisti
322 2557 463 2602 oculos‚
510 2569 598 2603 quos
632 2557 737 2592 etiam
772 2568 913 2592 muscae
946 2568 988 2591 ac
1022 2557 1152 2592 culices
1185 2557 1310 2591 damno
1346 2556 1493 2591 afficere
1528 2563 1691 2604 possunt.

201 2605 317 2650 gaude
342 2605 459 2650 potius
484 2605 579 2650 quod
604 2603 722 2639 oculos
748 2603 857 2638 habes
882 2602 1045 2648 qualibus
1070 2602 1186 2648 angeli
1213 2599 1371 2638 vident.”

295 2651 454 2696 Septimo
488 2663 580 2686 anno
616 2650 754 2696 ingenti
778 2656 896 2684 terrae
925 2656 1020 2685 motu
1045 2651 1293 2685 Neocaesarea
1316 2648 1406 2683 mari
1430 2651 1600 2695 absorpta
1624 2653 1693 2694 est,

204 2700 338 2731 tantum
365 2697 526 2743 episcopi
550 2698 635 2733 sede
660 2703 698 2732 et
720 2696 870 2732 ecclesia
892 2697 1157 2743 superstitibus.
1206 2702 1291 2731 tune
1321 2696 1429 2731 etiam
1451 2696 1582 2731 Paulus
1607 2707 1693 2731 con-

205 2743 323 2777 fessor
348 2744 535 2790 episcopus
558 2744 768 2791 Cpolitanus
791 2742 972 2789 deligitur.

300 2789 439 2824 Octavo
464 2803 554 2825 anno
578 2803 703 2837 magno
727 2796 846 2826 terrae
868 2795 966 2825 motu
988 2789 1134 2824 Rhodus
1156 2787 1270 2824 insula
1294 2792 1477 2834 prostrata
1500 2792 1568 2823 est.

299 2835 405 2878 Nono
430 2849 520 2872 anno
544 2838 779 2883 Dyrrachium
803 2836 1001 2873 Dalmatiae
1019 2839 1103 2872 urbs
1122 2843 1240 2871 terrae
1257 2842 1352 2871 motu
1368 2835 1490 2881 periit.
1524 2847 1568 2869 ac
1583 2835 1694 2869 Roma

207 2879 313 2917 etiam
337 2894 402 2929 per
423 2883 575 2919 triduum
598 2884 800 2931 periculose
820 2884 985 2929 tremuit,
1011 2883 1195 2919 duodecim
1216 2882 1434 2930 Campaniae
1449 2882 1555 2918 urbes
1574 2881 1693 2929 perie-
