1742 3184
208 181 308 229 712
691 181 931 228 GEORGII
966 181 1215 226 CEDRENI

203 303 278 343 τοῦ
314 295 538 356 τυράννου·
572 297 694 353 ἤκουε
724 298 804 357 γὰρ
826 296 933 352 ,κατ’
968 294 1098 341 αὐτοῦ
1121 295 1400 353 μελετωμὲνην
1426 296 1531 357 παρ’
1558 296 1692 342 αὐτῶν

204 369 438 427 ἀνταρσίαν.

152 441 184 478 C
348 442 421 496 Τῷ
445 435 476 491 ζ’
497 435 574 481 ἴτει
598 437 636 479 οἱ
654 436 818 495 Πέρσαι
837 436 1013 492 ἐξῆλθον
1033 435 1109 479 σὺν
1129 439 1189 495 τῷ
1208 436 1456 497 Καρὸαρίχᾳ
1474 436 1541 478 καὶ
1562 435 1691 495 παρέ-

204 512 335 562 λαβον
360 508 573 567 Ἀρμενίαν
605 508 673 551 καὶ
705 507 1034 559 Καππαδοκίαν,
1080 505 1258 563 ἔτρεψαν
1292 507 1338 548 δὲ
1370 507 1438 548 καὶ
1468 506 1564 556 τοὺς
1587 504 1690 549 Ῥω-

201 578 363 633 μαιόυς.
432 577 666 635 παρέλαβον
692 577 736 619 δὲ
760 578 828 620 καὶ
851 576 925 633 τὴν
947 576 1158 619 Γαλατίαν
1177 577 1244 618 καὶ
1260 576 1586 634 Παφλαγονίαν,
1621 576 1723 618 καὶὸ

201 642 335 703 ἦλθον
364 647 483 704 μέχρι
511 644 784 702 Χαλκήὸονος
811 645 1099 702 λυμαινόμενοι
1135 646 1317 704 ἀφειδῶς
1348 650 1486 688 πᾶσαν
1516 643 1690 701 ἡλικίαν.

201 718 271 760 καὶ
291 717 329 759 οἳ
349 717 422 771 μὲν
438 715 603 774 Πέρσαι
627 715 707 767 ἔξω
726 721 799 774 τῆς
817 714 974 768 πόλεως
989 713 1253 775 ἐτυράννουν,
1290 713 1311 759 ὅ
1336 715 1382 758 δὲ
1405 717 1558 766 Φωκᾶς
1575 714 1689 758 ἔνδον

197 789 363 844 χείρονα
390 785 525 828 αὐτῶν
549 786 685 828 ἐποίει.

343 858 418 912 Τῷ
439 853 478 911 η’
501 854 577 898 ἔτει
601 856 728 898 αὐτοῦ
749 852 1048 910 ἄτακτῆσαντες
1065 853 1103 897 οἷ
1115 851 1527 912 ἈντιοχεΐςἛβραΐοι
1545 851 1690 897 στάσιν

200 924 395 980 ἐποίησαν
416 925 521 968 κατὰ
539 928 827 983 Χριστιανῶν,
867 926 936 967 καὶ
968 922 1302 981 ἀποσφάττουσιν
1327 922 1591 967 Ἀναστάσιον
1617 924 1688 966 τὸν
1701 930 1742 966 10

199 995 328 1051 μέγαν
356 992 612 1052 πατριάρχην
634 994 901 1048 Ἀντιοχείας,
936 991 1132 1048 βαλόντες
1161 994 1235 1049 τὴν
1262 991 1386 1051 φύσιν
1412 993 1540 1037 αὐτοῦ
1564 994 1605 1036 ἐν
1630 997 1690 1052 τῷ

146 1064 178 1099 D
203 1062 375 1118 στόματι
402 1063 542 1107 αὐτοῦ.
603 1064 679 1108 σὺν
701 1064 812 1122 αὖτῷ
837 1066 904 1106 καὶ
927 1063 1103 1114 πολλοὺς
1124 1066 1207 1106 τῶν
1222 1064 1459 1118 Ἀντιοχέων
1481 1063 1690 1121 κατέσφα-

199 1137 288 1185 ξαν.
359 1131 381 1176 ὅ
406 1134 451 1176 δὲ
473 1136 625 1186 Φωκᾶς
650 1132 834 1177 Βόνοσον
851 1131 1011 1189 κόμητα
1032 1133 1233 1189 ἀνατολῆς
1250 1134 1319 1176 καὶ
1338 1134 1538 1176 Κοπανᾶν
1560 1151 1690 1191 στρα-

196 1201 378 1259 τῆλάτην
404 1202 580 1258 ποιήσας
614 1203 845 1247 ἀπέστειλεν
875 1203 1026 1254 αὐτοὺς
1053 1203 1146 1247 κατ’
1172 1203 1330 1246 αὐτῶν·
1365 1199 1429 1254 οἷς
1449 1201 1690 1254 ἐπελθόντες

197 1273 375 1323 πολλοὺς
408 1271 632 1331 ἐφόνευσαν
664 1275 731 1316 καὶ
761 1273 1077 1331 ᾗκρωτηρίασαν
1107 1275 1175 1316 καὶ
1205 1277 1278 1328 τῆς
1299 1271 1456 1324 πόλεως
1475 1270 1686 1329 ἐξώρισαν.
1702 1278 1742 1314 15

198 1341 220 1384 ὃ
249 1343 293 1384 δὲ
311 1339 556 1400 Ἶ·Ιράκλειος
584 1347 706 1386 πλοῖα
729 1343 862 1386 πολλὰ
893 1345 936 1394 ἐξ
959 1343 1157 1401 Ἀφρικῆς
1180 1343 1395 1394 ἐξοπλίσας
1416 1344 1484 1385 καὶ
1511 1342 1689 1401 στρατὸν

195 1411 273 1467 τὴν
295 1411 727 1456 Κωνσταντινούῑιόλιν
749 1413 970 1468 κατέλαβεν
978 1445 992 1465 ,
1031 1411 1321 1471 ἐπιφερόμενος
1341 1414 1409 1455 καὶ
1429 1413 1503 1468 τὴν
1525 1411 1689 1471 ἀχειρο-

198 1482 363 1537 ποίητον
385 1480 516 1525 εἰκόνα
537 1487 610 1526 τοῦ
631 1483 771 1539 κυρίου
796 1483 864 1524 καὶ
892 1486 997 1525 θεοῦ
1027 1479 1143 1538 ἡμῶν
1172 1482 1318 1538 Ἰησοῦ
1345 1484 1549 1539 Χριστοῦ.
1619 1484 1688 1525 καὶ

197 1551 377 1606 πολέμου
407 1553 677 1610 συρραγέντος
698 1555 754 1603 εἷς
771 1551 842 1594 τὸν
861 1552 1002 1606 λιμένα
1024 1556 1097 1607 τῆς
1115 1554 1275 1610 Σοφιάς
1290 1552 1443 1607 μεταξὺ
1469 1555 1597 1595 Φωκᾶ
1618 1555 1687 1595 καὶ

192 1617 461 1678 εΗρακλειόυ,
496 1620 690 1678 ἡττηθεὶς
714 1620 735 1664 ὅ
761 1620 968 1679 ἀλιτήριος
987 1621 1133 1679 ἔφυγεν
1156 1624 1211 1673 εἷς
1233 1621 1286 1665 τὰ
1309 1625 1511 1676 βασίλεια.
1585 1625 1683 1665 Φω-
1695 1628 1742 1665 20

195 1689 326 1741 τεινὸς
345 1691 392 1733 δέ
409 1708 470 1741 τις
485 1689 564 1734 ὕπὸ
587 1693 718 1734 dhon&
735 1693 790 1742 εἷς
809 1690 884 1746 τὴν
903 1690 1075 1747 σύζυγον
1094 1691 1328 1747 ἀδικηθείς,
1364 1691 1562 1734 εἷσελθών
1579 1692 1685 1746 μετὰ

50 1762 81 1798 Ρ
105 1764 174 1803 407
197 1764 457 1815 στρατιωτῶν
487 1763 543 1811 εἷς
567 1760 619 1803 τὰ
645 1762 861 1815 βασίλεια,
894 1760 1047 1815 ἀτίμως
1067 1764 1141 1802 τοῦ
1160 1759 1317 1817 θρόνου
1339 1764 1484 1802 τοῦτον
1505 1761 1686 1817 ἀναστή-

196 1845 273 1879 σας
294 1830 363 1871 καὶ
387 1833 460 1884 τῆς
479 1833 695 1885 βασιλικῆς
720 1830 900 1884 ἐσθῆτος
926 1827 1226 1886 ἀπογυμνώσας
1233 1862 1247 1882 ,
1282 1831 1351 1872 καὶ
1380 1830 1537 1886 μέλανα
1567 1830 1685 1875 ἐνδύ-

196 1960 383 2006 Gregorae
404 1961 531 2007 filium,
563 1961 639 1998 eius
663 1961 837 2008 legatum,
859 1961 977 1999 mittat
998 1961 1168 1998 adversus
1191 1961 1347 1999 Phocam
1368 1966 1570 2010 tyrannum.
1619 1978 1685 2003 au-

194 2006 316 2043 diebat
340 2008 431 2043 enim
458 2009 524 2044 hos
547 2009 776 2044 rebellionem
799 2009 929 2044 moliri.

286 2076 387 2112 Anno
412 2078 563 2124 septimo
587 2078 721 2113 Persae
747 2078 837 2114 duce
860 2077 1081 2114 Cardaricha
1105 2078 1366 2124 expeditionem
1397 2080 1542 2126 fecere,
1577 2094 1685 2118 occu-

192 2128 393 2169 paruntque
426 2125 625 2159 Armeniam
661 2131 698 2160 et
734 2125 1018 2171 Cappadociam,
1052 2126 1318 2172 Romanumque
1353 2127 1545 2162 exercitum
1579 2129 1685 2165 fude-

190 2174 293 2203 runt:
325 2171 432 2215 potiti
456 2178 539 2206 sunt
563 2171 667 2207 etiam
691 2172 836 2207 Galatia
860 2178 897 2207 et
920 2171 1185 2218 Paphlagonia,
1211 2180 1248 2206 et
1271 2173 1316 2207 ad
1341 2173 1599 2210 Chalcedonem
1622 2188 1684 2211 us-

190 2226 261 2259 que
284 2218 467 2262 progressi
491 2225 593 2262 sunt,
626 2218 742 2253 omnia
773 2219 988 2265 populando.
1037 2218 1178 2254 interim
1211 2218 1333 2254 Persis
1365 2220 1454 2256 foris
1485 2223 1684 2267 grassanti-

190 2262 279 2307 bus,
305 2262 443 2299 Phocus
467 2263 522 2299 rei
546 2264 708 2311 publicae
733 2266 828 2300 domi
849 2265 1018 2312 graviora
1041 2265 1161 2301 intulit
1184 2265 1324 2301 damna.

283 2330 385 2367 Anno
411 2337 537 2368 octavo
562 2334 698 2370 Ebraei
721 2334 783 2380 qui
805 2333 1023 2368 Antiocheae
1045 2334 1240 2380 degebant,
1275 2335 1484 2372 seditionem
1511 2338 1683 2375 adversus

190 2376 415 2414 Christianos
438 2387 643 2426 moverunt,
667 2382 992 2426 interfeceruntque
1015 2380 1241 2416 Anastasium
1263 2393 1424 2428 magnum
1445 2385 1683 2429 patriarcham

191 2423 268 2458 eius
293 2425 413 2470 urbis,
454 2428 627 2473 pudendis
655 2428 731 2464 eius
754 2428 792 2462 in
821 2439 860 2461 os
885 2427 998 2473 ipsius
1024 2428 1129 2462 etiam
1153 2428 1320 2473 insertis,
1357 2443 1398 2465 ac
1420 2442 1498 2465 cum
1525 2444 1567 2466 eo
1593 2433 1682 2467 mul-

189 2474 246 2504 tos
271 2471 369 2506 cives
393 2473 675 2510 trucidaverunt.
723 2474 776 2509 ibi
798 2473 936 2508 Phocas
959 2475 1137 2509 Bonosum
1163 2475 1322 2510 Orientis
1346 2477 1528 2522 comitem,
1561 2478 1681 2525 Copa-

188 2528 266 2551 nam
292 2519 469 2554 exercitus
493 2521 674 2556 ductorem
693 2526 808 2565 creat,
838 2532 971 2565 eosque
995 2526 1118 2555 contra
1135 2522 1286 2556 Iudaeos
1305 2524 1427 2559 mittit.
1476 2524 1503 2558 ii
1521 2537 1682 2571 magnam

187 2561 398 2600 Iudaeorum
422 2567 564 2602 caedem
590 2579 632 2602 eo
657 2567 763 2602 delati
788 2567 993 2612 ediderunt,
1018 2567 1134 2602 multis
1158 2569 1310 2603 membra
1335 2575 1494 2606 extrema
1518 2579 1680 2617 amputa-

185 2615 290 2654 runt,
329 2618 366 2645 et
389 2624 450 2647 eos
476 2615 564 2648 urbe
587 2614 810 2660 expulerunt.
858 2613 997 2648 interim
1022 2614 1208 2649 Heraclius
1232 2626 1308 2649 cum
1335 2628 1459 2662 magna
1486 2623 1523 2652 et
1546 2625 1681 2654 armata

187 2654 300 2690 classe
326 2657 456 2702 Cpolin
482 2660 649 2705 appellit,
684 2672 803 2695 secum
833 2661 955 2695 ferens
981 2660 1087 2695 etiam
1117 2661 1313 2696 servatoris
1346 2663 1460 2698 nostri
1491 2664 1679 2711 imaginem

187 2701 280 2754 nullo
314 2714 435 2740 manus
470 2706 666 2741 ministerio
699 2708 842 2742 factam.
890 2706 929 2741 in
962 2711 1067 2752 portu
1101 2707 1258 2755 Sophiae
1282 2709 1399 2744 navali
1422 2712 1556 2756 praelio
1582 2725 1678 2747 com·

186 2757 292 2800 musso
326 2749 421 2784 inter
452 2752 654 2788 Heraclium
686 2759 724 2788 et
746 2754 920 2797 Phocam,
957 2753 1156 2798 flagitiosus
1179 2754 1316 2789 Phocas
1341 2763 1528 2802 superatus
1555 2758 1591 2792 in
1616 2772 1678 2793 re-

185 2804 277 2837 giam
310 2797 481 2842 confugit.
531 2805 603 2834 tum
627 2800 800 2835 Photinus
824 2799 986 2845 quidam,
1025 2799 1123 2835 cuius
1149 2801 1250 2835 uxori
1271 2802 1411 2838 Phocas
1435 2810 1595 2850 stuprum
1619 2805 1675 2839 in-

184 2838 332 2894 tulerat,
367 2842 405 2896 in
439 2845 572 2889 regiam
603 2857 679 2881 cum
713 2846 882 2882 militibus
915 2846 1099 2892 irrumpit,
1136 2847 1289 2882 Phocum
1321 2848 1554 2894 ignominiose
1586 2852 1676 2887 solio

181 2884 328 2934 delicit,
365 2892 594 2935 imperatoria
628 2899 728 2929 veste
761 2893 910 2940 spoliat,
944 2892 1116 2939 nigraque
1146 2894 1398 2934 circumdatum
1422 2904 1524 2941 veste
1549 2904 1585 2934 et
1609 2910 1673 2933 nu—
