1742 3184
207 195 240 244 4
691 194 932 240 GEORGH
967 193 1214 238 CEDRENI

210 313 286 371 τὴς
319 309 536 371 Θεοφάνης
570 311 617 355 τὸ
652 311 803 355 ἐκείνου
834 310 949 361 τέλος
978 308 1110 368 ἀρχὴν
1130 305 1402 366 ποιησάμενος
1420 306 1571 352 οἰκείαν
1594 306 1691 366 ἄχρι

211 388 286 429 τοῦ
306 383 447 433 τέλους
465 379 707 441 Νικηφόρον
727 385 800 424 τοῦ
822 381 902 423 ἀπὸ
922 383 1080 436 γενικοῦ
1102 378 1336 436 κατήντησε.
1407 378 1511 435 μετὰ
1531 379 1576 422 δὲ
1596 383 1692 422 τοῦ-

212 472 282 499 τον
314 454 382 496 καὶ
413 451 530 494 ἄλλοι
563 452 842 509 ἐπεχείρησαν,
879 448 965 493 οἷον
999 447 1020 493 ὅ
1055 448 1300 505 Σικελιώτης
1329 450 1396 492 καὶ
1421 447 1445 492 ὃ
1474 447 1694 506 ῧπέρτιμος

218 523 377 574 Ψελλὸς
399 523 466 565 καὶ
489 522 617 579 ἕτεροι
636 521 714 564 σὺν
736 519 907 571 τούτοις.
978 519 1085 562 ἀλλὰ
1114 524 1188 576 τῆς
1218 519 1426 577 ἀκριβείας
1454 516 1695 561 &nomn-cui-

214 611 356 645 κασιν,
390 592 676 649 ἀπαρίθμησιν
703 588 832 646 μόνην
863 587 1126 645 ποιησάμενοι
1153 594 1233 633 τῶν
1260 589 1463 644 βασιλέων
1489 590 1556 631 καὶ
1578 585 1729 630 διδοῖ-5

217 666 358 716 ξαντες
380 663 441 713 τίς
460 661 564 716 μετὰ
586 663 675 704 τίνα
698 660 857 717 γέγονεν
880 657 1098 716 ἐγκρατής,
1135 661 1202 702 καὶ
1227 660 1348 701 πλέον
1370 658 1500 702 οὐδέν.
1571 655 1592 700 ὃ
1617 657 1697 715 γὰρ

119 741 149 777 Ρ
171 739 197 776 2
219 730 503 791 Δαφνοπάτης
537 727 777 789 Θεόδωρος,
823 727 1011 786 Νικήτας
1041 727 1061 772 ὅ
1092 727 1361 787 Παφλαγών,
1398 729 1466 771 καὶ
1497 727 1536 771 οἱ
1569 728 1701 770 λοιποὶ

220 800 460 856 Βυζάντιοι,
500 798 743 859 Νικηφόρος
775 817 817 844 τε
851 797 1039 851 διάκονος
1074 797 1095 842 ὃ
1136 797 1275 857 Φρύξ,
1310 799 1438 842 Λέων
1471 795 1492 841 ὅ
1525 798 1702 855 Καρίας,

223 871 444 931 Θεόδωρος
473 869 494 913 ὁ
527 872 676 926 Σίδης,
710 872 778 913 καὶ
812 868 833 913 ὅ
862 867 1011 914 τούτου
1045 867 1260 924 ὁμώνυμος
1283 869 1554 924 Σεβαστειάς,
1590 868 1656 910 καὶ
1676 864 1702 908 ὁ

220 933 403 997 Κυζίκου
434 938 696 999 Δημήτριος,
740 941 808 984 καὶ
839 937 861 983 ὃ
896 939 1078 996 μοναχὸς
1102 938 1312 996 Ἰωάννης,
1353 939 1505 982 οἰκείαν
1536 938 1704 987 ἕκαστος
1718 944 1742 979 1⁴

314 1087 337 1111 ο
355 1071 528 1131 μοναχὸς
545 1070 732 1130 Γεῶργιος
755 1072 818 1109 καὶ
825 1071 1032 1132 σύγκελλος
1049 1072 1275 1131 χρηματίσας
1296 1072 1487 1118 Ταρασίου
1505 1071 1575 1107 τοῦ
1595 1068 1706 1117 ἁγιω-

315 1133 436 1157 τατου
467 1118 720 1178 πατριάρχου,
754 1118 836 1165 μετ’
870 1118 1011 1156 ἐκεῖνον
1043 1120 1084 1156 δὲ
1110 1118 1130 1156 ὁ
1157 1118 1388 1165 ὁμολογητὴς
1421 1115 1621 1177 Θεοφανης
1644 1117 1708 1153 καὶ

315 1168 386 1203 τοῦ
416 1165 543 1211 Ἀγροῦ
567 1164 794 1213 ἡγούμενος,
824 1165 1165 1224 ἐπιστατικαίτερον
1178 1166 1246 1209 τὰς
1273 1164 1463 1213 ἱστορικὰς
1486 1162 1710 1223 ἐπιδραμόν-

317 1226 380 1255 τες
413 1214 568 1271 βίβλους
600 1213 664 1249 καὶ
696 1213 966 1269 συνοψίσαντες
991 1212 1095 1269 λόγῳ
1127 1211 1195 1259 μὲν
1228 1212 1362 1259 ἀφελεῖ
1390 1213 1456 1249 καὶ
1489 1209 1709 1268 ἄπεριέργῳ,

316 1259 438 1318 μόνον
469 1258 553 1305 ου’χὶ
582 1259 623 1296 δὲ
653 1261 722 1316 τῆς
753 1258 887 1301 οὐσίας
909 1260 1029 1305 αὐτῆς
1052 1250 1298 1318 ἐφαπτομένῳ
1321 1260 1399 1295 τῶν
1427 1258 1709 1314 πεπραγμένων.

320 1304 404 1342 αλλ’
439 1306 460 1343 ὁ
491 1307 559 1352 μὲν
591 1305 780 1364 Γεαίργιος
814 1304 891 1342 ἀπὸ
915 1307 1128 1363 καταβολῆς
1158 1296 1367 1351 ἁρξαμενος
1387 1305 1530 1363 κόσμου
1556 1304 1593 1346 ἐς
1618 1302 1710 1344 τοὺς

318 1351 531 1399 τυράννους
559 1353 755 1411 κατέληξε,
791 1352 1034 1397 Μαξιμιανόν
1054 1366 1150 1411 φημι
1170 1353 1234 1388 καὶ
1258 1352 1327 1389 τὸν
1349 1351 1489 1388 τούτου
1512 1350 1601 1387 υἱὸν
1625 1353 1711 1386 Μα-

318 1400 464 1445 ξιμῖνον
488 1398 723 1457 (Μαξὲντιον
746 1401 990 1435 Montfaucon.
1001 1401 1040 1445 )·
1080 1397 1099 1435 ὁ
1127 1399 1168 1434 δὲ
1195 1397 1395 1444 Θεοφανης
1416 1397 1460 1434 τὸ
1488 1396 1630 1433 ἐκείνου
1654 1396 1715 1432 τὲ·-

320 1450 384 1487 λος
418 1448 561 1482 οἰκείαν
595 1445 716 1492 ἀρχὴν
747 1444 1000 1501 ποιησάμενος
1022 1444 1085 1479 καὶ
1109 1445 1178 1490 τὴν
1202 1443 1394 1481 ἐπίλοιπον
1419 1442 1607 1489 συντεμὼν
1631 1456 1715 1500 χρο-

320 1493 534 1538 νογραφιαν
557 1493 620 1527 καὶ
645 1494 697 1532 εἰς
720 1491 795 1549 τὴν
814 1489 986 1535 τελευτήν
1008 1491 1079 1526 τοῦ
1102 1490 1284 1538 βασιλέως
1300 1490 1530 1549 Νικηφόρον
1547 1492 1614 1526 τοῦ
1635 1487 1714 1525 απὸ

321 1540 476 1597 γενικῶν
505 1537 741 1595 καταντήσας
776 1535 861 1595 ε’στη
893 1539 963 1573 τοῦ
999 1536 1156 1593 ὃρᾴμου.
1217 1550 1310 1583 μετα
1345 1537 1385 1573 δὲ
1417 1539 1557 1574 τοῦτον
1590 1535 1716 1576 ουδεις

323 1583 436 1626 ἀλλος
471 1582 656 1620 ἐπέδωκεν
691 1582 832 1619 ἑαυτὸν
867 1584 920 1632 τῷ
954 1585 1114 1633 τοιούτῳ
1149 1584 1418 1641 σπουδασματι
1458 1582 1716 1642 ἐπεχείρησαν

323 1644 391 1688 μεν
425 1629 497 1677 γάρ
526 1643 642 1675 τινες,
677 1629 760 1666 οἷον
790 1627 811 1666 6
843 1619 1069 1688 Σικελιώτης
1091 1620 1326 1673 διδάσκαλος
1355 1631 1419 1667 καὶ
1447 1628 1467 1667 ὁ
1493 1629 1589 1667 καθ’
1613 1629 1716 1686 ἡμᾶς

324 1691 472 1719 υπατος
495 1679 572 1714 τῶν
595 1675 817 1736 φιλοσόφων
840 1677 903 1713 καὶ
926 1690 1131 1735 υπερτιμος
1155 1676 1175 1714 ὁ
1208 1678 1368 1722 Ψελλός,
1403 1678 1468 1714 καὶ
1500 1676 1598 1720 πρὸς
1629 1675 1716 1712 τού-

324 1738 406 1766 τοις
430 1723 570 1769 ἕτεροι·
595 1722 689 1759 ἄλλᾶ
712 1737 902 1770 παρεργον
926 1722 1117 1768 ἁψαμενοι
1141 1726 1209 1760 τοῦ
1237 1724 1345 1770 ἔργου
1368 1726 1436 1771 τῆς
1459 1737 1498 1760 τε
1526 1724 1719 1782 οἷκριβεῖας

321 1770 603 1830 sumundum,
628 1770 676 1806 τὰ
694 1774 848 1807 πλεῖστα
867 1772 944 1808 τῶν
962 1770 1212 1816 καιριωτέρων
1230 1771 1430 1830 παρέντες,
1455 1771 1518 1807 καὶ
1535 1769 1719 1816 ἀνόνητοι

326 1822 408 1860 τοῖς
431 1816 514 1863 μετ’
541 1816 684 1859 αὐτοὺς
704 1816 918 1874 γεγόνασιν,
949 1817 1208 1878 ἀπαρίθμησιν
1230 1819 1352 1864 μόνην
1374 1818 1620 1864 ποιησάμενοι
1641 1819 1719 1853 τῶν

322 1865 512 1922 βασιλέων
543 1865 607 1900 καὶ
639 1863 858 1922 διδαξαντες
889 1865 945 1907 τίς
978 1863 1070 1922 μετὰ
1104 1866 1190 1900 τίνα
1224 1879 1302 1902 των
1344 1865 1539 1924 σκήπτρων
1570 1865 1720 1921 γέγονεν

328 1910 531 1969 ἐγκρατής)
556 1911 620 1947 καὶ
643 1914 772 1947 πλεῖον
796 1909 923 1948 οὐδέν.
972 1909 1067 1948 αλλοὶ
1099 1911 1162 1948 καὶ
1187 1911 1329 1955 ταύτας
1353 1911 1422 1949 οὐκ
1447 1910 1721 1969 ἐστοχασμένως

329 1966 636 2017 συγγραψαμενοι
668 1957 838 2016 ἔβλαψαν
868 1957 960 2000 τούς
997 1957 1309 2017 ἐντυγχᾶνοντας,
1342 1957 1412 1995 οὐκ
1437 1950 1648 2017 ω’φελησαν.
1698 1971 1718 1993 ο

326 2004 402 2063 γὰρ
434 2003 692 2050 Δαφνοπάτης
727 2003 946 2062 Θεόδωρος,
979 2005 1149 2052 Νικήτας
1178 2019 1198 2041 ο
1226 2005 1463 2064 Παφλαγών,
1495 2003 1629 2063 Ἰωσὴφ
1655 2007 1722 2040 Γε-

329 2051 453 2093 νέσισς
476 2051 538 2087 καὶ
557 2051 744 2097 Μανουὴλ
765 2051 801 2088 οἱ
819 2051 1037 2110 Βυζαντιοι,
1063 2051 1286 2098 Νικηφόρος
1310 2051 1331 2089 ὁ
1358 2054 1535 2093 διάκονος
1560 2050 1579 2088 ὁ
1609 2050 1722 2096 Φρύξ,

331 2095 354 2134 ὁ
386 2095 525 2139 Ἀσινὸς
557 2099 680 2156 Λέων,
720 2097 916 2159 Θεόδωρος
941 2097 961 2135 ὁ
986 2101 1069 2157 τῆς
1080 2100 1199 2145 Σίδης
1211 2098 1428 2158 γενόμενος
1449 2098 1635 2145 πρόεδρος
1658 2099 1723 2134 καὶ

271 2162 274 2165 ’
332 2142 353 2182 ὁ
381 2145 521 2181 τούτου
546 2143 705 2191 ἀνεψιὸς
726 2145 790 2181 καὶ
814 2143 1012 2203 ὁμώνυμος
1046 2159 1067 2182 ο
1103 2147 1171 2191 τῆς
1203 2144 1243 2182 ἐν
1268 2147 1476 2205 Σεβαστείᾳ
1507 2144 1723 2203 καθηγησα-

331 2203 444 2237 μενος
462 2190 685 2250 ἐκκλησίας,
719 2191 783 2228 καὶ
807 2191 869 2228 ἐπὶ
891 2191 1013 2240 τούτῳ
1037 2193 1250 2252 Δημήτριος
1282 2191 1303 2230 ὁ
1331 2207 1399 2251 της
1420 2195 1582 2237 Κυζίκου
1606 2193 1668 2227 καὶ
1697 2190 1720 2228 ὁ

332 2236 499 2284 μοναχός
512 2236 693 2298 Ἰωαννης
719 2252 740 2275 ο
768 2237 912 2282 Λυδός,
951 2229 1094 2275 οἰκειαν
1119 2239 1271 2281 ἕκαστος
1291 2238 1481 2276 υπόθεσιν
1512 2250 1724 2298 προστησα

329 2297 464 2343 μενος,
500 2297 520 2321 ο
547 2298 613 2331 μεν
637 2285 793 2323 ε’παινον
815 2285 1016 2334 βασιλέως,
1052 2285 1073 2322 ὁ
1097 2285 1139 2322 δὲ
1162 2286 1286 2344 ’ψόγον
1309 2297 1561 2346 πατριαρχου,
1600 2299 1724 2331 ετερος

333 2330 377 2368 δε
411 2332 525 2378 φίλου
555 2331 755 2379 ἐγκώμιον,
786 2333 851 2370 καὶ
873 2331 912 2368 ἐν
933 2333 1100 2380 ἱστορίας
1132 2332 1291 2380 σχήματι
1313 2333 1384 2371 τὸν
1409 2333 1547 2370 εαυτοῦ
1573 2332 1725 2373 εκαστος

334 2376 643 2427 ἄποπληροῦντες
673 2378 838 2427 σκοπόν,
870 2379 1002 2428 πόρρω
1032 2381 1102 2427 τῆς
1132 2382 1210 2417 τῶν
1241 2380 1446 2428 εἰρημένων
1477 2379 1628 2427 ἀνδρῶν
1659 2392 1723 2415 πε-

242 2494 328 2531 inde
349 2495 561 2543 principium
585 2508 724 2533 sumens
747 2496 987 2552 Theophanes
1019 2498 1202 2533 confessor
1225 2498 1325 2535 obitu
1347 2497 1563 2553 Nicephori‚
1596 2498 1657 2544 qui
1679 2498 1725 2533 de

246 2542 405 2587 generali
438 2544 622 2589 logotheta
655 2544 847 2600 imperator
879 2544 950 2579 fuit
980 2544 1114 2590 factus,
1150 2545 1332 2581 historiam
1362 2557 1460 2581 suam
1491 2525 1596 2580 fini'it.
1643 2551 1726 2591 post

246 2588 340 2623 hunc
363 2589 466 2624 etiam
490 2590 551 2624 alii
572 2591 667 2626 idem
689 2603 777 2638 opus
799 2591 838 2627 in
860 2603 981 2626 manus
1005 2599 1249 2638 sumpserunt,
1273 2598 1312 2628 ut
1331 2592 1490 2637 Siculus,
1515 2597 1554 2627 ut
1572 2592 1725 2627 honora-

245 2634 402 2670 tissimus
435 2636 591 2682 Psellus,
627 2650 669 2673 ac
690 2644 833 2685 praeter
853 2638 916 2673 hos
937 2638 1010 2673 alii.
1058 2644 1213 2674 ceterum
1235 2639 1298 2675 isti
1318 2644 1515 2674 accuratam
1535 2644 1642 2685 atque
1661 2651 1724 2674 ex-

249 2685 363 2716 actam
393 2686 586 2728 temporum
606 2685 778 2720 rationem
802 2697 873 2720 non
893 2691 1102 2731 tenuerunt,
1137 2698 1251 2732 neque
1274 2686 1368 2721 aliud
1388 2685 1598 2731 praestitere
1622 2698 1726 2731 quam

248 2728 344 2773 qnod
366 2729 459 2763 nuda
481 2741 601 2775 regum
622 2732 884 2767 enumeratione
910 2731 1091 2778 exposita,
1117 2733 1196 2779 quis
1219 2732 1276 2767 eui
1299 2734 1337 2767 in
1359 2733 1508 2778 imperio
1533 2733 1726 2767 successis-

248 2778 308 2808 set
327 2774 532 2811 docuerunt.
580 2788 659 2812 nam
682 2779 893 2814 Theodorus
914 2779 1187 2834 Daphnopates‚
1213 2779 1362 2815 Nicetas
1382 2779 1588 2825 Paphlagon
1607 2791 1649 2813 ac
1667 2791 1726 2814 re-

249 2819 338 2867 liqui
368 2821 555 2867 Byzantii,
588 2827 661 2858 tum
683 2825 908 2872 Nicephorus
931 2825 1098 2861 diaconus
1121 2826 1262 2871 Phryx,
1297 2825 1373 2860 Leo
1399 2838 1419 2860 e
1443 2827 1569 2870 Caria,
1603 2826 1726 2860 Theo-

247 2867 355 2902 dorus
379 2868 468 2903 sida
490 2868 677 2916 oriundus,
707 2872 868 2918 alterque
897 2872 1108 2908 Theodorus
1137 2874 1384 2918 Augustanus,
1418 2854 1617 2908 Demetr'ius
1641 2873 1726 2907 item

248 2913 447 2959 Cyzicenus
470 2926 512 2952 ac
533 2916 685 2953 Ioannes
708 2920 917 2967 monachus,
951 2919 1074 2956 horum
1103 2920 1222 2967 quivis
1254 2919 1428 2967 peculiari
1448 2919 1518 2956 sibi
1541 2919 1725 2967 proposito
