1742 3184
371 176 771 238 ms‘ronnmm
808 173 1207 221 ecmannum.
1464 171 1530 219 25

46 292 177 352 ὁρίοις
196 297 272 338 τοῦ
299 293 395 348 Σὴμ
425 294 493 336 καὶ
523 290 757 351 κατῴκησεν
785 291 888 345 ἐκεῖ,
922 290 1118 348 παραβὰς
1138 289 1213 346 τὴν
1236 289 1403 345 ε’ντολὴν
1419 293 1532 342 Νῶε,

45 364 122 408 σὺν
143 372 229 416 τοῖς
251 364 295 416 ἐξ
318 364 444 407 αὐτοῦ
467 363 695 420 γενομένοις
717 361 878 406 ἔθνεσιν
893 359 1008 414 ἑπτά,
1024 361 1286 419 Ἀμορραίοις
1301 361 1534 416 Φερεζαίοις

43 434 212 484 Εὖαίοις
223 435 266 477 Γ
262 435 484 493 εργεσαίοις
500 434 760 488 Ἰεβουζαίοις
779 434 847 475 καὶ
857 433 1132 482 Χαναναιόις”
1169 429 1240 481 οὓς
1257 431 1326 473 διὰ
1336 430 1529 479 Μωσέως
1553 428 1586 464 0

14 548 17 550 .
46 505 113 547 καὶ
132 504 266 559 Ἰησοῦ
299 508 374 547 τοῦ
391 507 516 558 Ναυῆ
546 501 849 560 ἓξωλόθρευσεν
873 501 895 545 ὃ
914 501 1036 554 θεός,
1072 502 1141 544 καὶ
1167 500 1272 555 μετά
1301 518 1416 551 τινας
1443 517 1536 542 και-

10 580 33 616 5
47 573 145 631 ροὺς
167 573 236 616 διὰ
253 578 336 616 τῶν
357 579 506 631 κριτῶν
528 573 709 616 ἀπέδωκε
731 580 817 623 τοῖς
834 573 938 623 υἱοῖς
952 572 1117 630 Ἰσραὴλ
1137 570 1212 625 τὴν
1231 568 1427 629 πατρῴαν
1445 573 1535 626 γῆν,

45 645 201 694 δίκαιος
220 645 288 686 καὶ
311 645 353 686 ἓν
371 642 503 701 τούτῳ
526 645 668 701 φανεὶς
686 641 707 684 ὃ
730 641 829 693 θεός
840 675 852 694 ,
894 640 950 693 ὡς
970 644 1013 685 ἐκ
1035 646 1108 685 τοῦ
1130 641 1225 696 Σήμ
1245 641 1537 697 καταγομένοις

43 713 114 757 διὰ
140 717 285 770 γενεῶν
306 712 383 769 λη’.
455 714 555 756 ἐτῶν
582 715 725 768 χιλίων
757 712 977 764 ἑξακοσίων
1008 709 1259 768 ὀγδοήκοντα
1295 709 1422 754 ἑπτά.
1444 741 1497 765 .Ὶ.
1523 728 1536 752 ’.

42 784 119 834 ἕως
141 785 421 834 Μαστουσιάς
446 788 520 838 τῆς
548 783 654 826 κατὰ
687 783 826 826 Ἴλιον.
897 782 939 825 αἲ
968 787 1105 839 χῶραι
1136 782 1182 824 δὲ
1211 781 1346 824 αὐτῶν
1366 782 1531 836 Μηδία,
1564 784 1595 820 Ρ
1622 783 1667 822 14

36 853 250 907 Ἀλβανία
262 885 276 905 ,
305 853 497 908 Ἀρμενία
517 852 646 912 μικρὰ
669 855 735 895 καὶ
755 851 937 910 μεγάλη,
973 853 1208 907 Ἀμαζονίς,
1240 852 1534 909 Παφλαγονία,

0 927 31 962 ΞΟ
46 924 337 975 Καππαδοκία,
372 925 573 976 Γαλατία,
609 924 783 979 Κολχίς,
814 923 1089 980 Βοσπορηνοί,
1122 925 1340 973 Μαιῶτις,
1368 922 1535 978 Λέρρις,

41 994 275 1050 Σαρματία,
306 995 546 1051 Ταυριανοί,
574 995 835 1051 Βακτριανοί,
870 994 1050 1044 Σκυθία,
1081 991 1242 1052 Θρᾴκῃ,
1271 993 1531 1043 ΖΙΊακεὸονία,
1554 995 1587 1030 D

34 1061 204 1115 ιΕλλιὶς,
243 1063 464 1115 Θετταλία,
496 1065 696 1116 Βοιωτίς,
731 1065 917 1120 Λοκρία,
952 1064 1156 1114 Αἰτωλία,
1188 1062 1364 1118 ’Λχα’ί·α,
1393 1064 1533 1104 Πελο-

37 1131 254 1189 πόννησος,
282 1133 559 1190 Ἀκαρνανία,
582 1134 848 1190 )Ηπειρῶται,
880 1133 1065 1190 Ἰλλυρίς,
1090 1134 1315 1188 Λυχνΐται,
1345 1131 1533 1187 ’Adma-

38 1201 89 1258 κή
100 1236 113 1255 ,
150 1203 230 1261 ἀφ’
250 1197 301 1259 ἧς
321 1203 368 1247 τὸ
381 1204 655 1259 Ἀὃριατικὸν
675 1204 850 1260 πέλαγος
870 1202 1027 1259 ἐκλήθη
1041 1235 1054 1254 ,
1091 1203 1331 1257 Καλαβρία,
1361 1202 1527 1253 Ἰταλία,

0 1275 28 1313 ι5
40 1274 83 1315 Γ
79 1274 224 1326 αλλία,
267 1273 510 1330 Θουσκηνή,
545 1275 808 1325 Λυσιτανία,
844 1272 1046 1328 Κελτική,
1077 1273 1337 1323 Mannum,
1373 1273 1534 1314 Κελτο-

36 1345 210 1400 γαλλιά,
236 1343 417 1401 Ἰβηριά,
451 1342 637 1387 ιῙσπανία
659 1341 685 1398 ἡ
708 1342 865 1400 μεγάλη
888 1345 955 1385 καὶ
979 1341 1122 1400 μικρά.
1195 1344 1380 1385 ἐνταῦθα
1401 1359 1532 1384 κατα-

37 1411 150 1469 λήγει
173 1413 224 1456 τὰ
249 1411 345 1470 ὅρια
367 1416 441 1456 τοῦ
461 1413 632 1471 Ἰάφεθ,
675 1413 751 1464 ἕως
773 1415 1056 1469 Βρεττανικῶν
1073 1411 1210 1468 νήσων
1229 1412 1281 1454 τὰ
1302 1412 1407 1467 πρὸς
1426 1417 1533 1469 βορ-

38 1488 115 1540 ρᾶν
138 1484 359 1538 βλέποντα.
429 1482 509 1538 ἕχει
542 1484 587 1526 δὲ
614 1481 764 1538 νήσους
789 1484 1056 1540 Βρεττανίαν,
1093 1484 1296 1533 Σικελίαν,
1333 1482 1532 1537 Εὔβοιαν,

30 1550 189 1605 ιΡόὸον,
222 1555 344 1605 Χίον,
371 1553 559 1607 Λέσβον,
588 1551 812 1609 Κύθηραν,
836 1552 1077 1603 Ζάκυνθον,
1108 1553 1390 1609 Κεφαληνιάν,
1415 1550 1534 1594 Ἰθά-

0 1631 126 1678 Ώκην,
161 1624 230 1665 καὶ
250 1622 325 1674 τὰς
343 1622 582 1675 Κυκλάδας,
613 1625 680 1666 καὶ
698 1623 824 1679 μέρος
843 1627 915 1678 τῆς
929 1622 1087 1672 ὶΛσίας
1106 1621 1180 1677 τὴν
1199 1623 1354 1665 Ἰωνίαν
1375 1626 1528 1665 καλου·
1553 1629 1583 1665 Ρ
1608 1628 1686 1667 141)

34 1693 174 1748 μένην,
209 1693 395 1748 ποταμὸν
418 1694 462 1736 δὲ
485 1695 643 1751 Τίγριν,
680 1695 906 1750 διορίζοντα
927 1692 1081 1747 μεταξὺ
1101 1694 1276 1747 ΖΙᾼῙ-ηὸιάς
1297 1694 1364 1735 καὶ
1384 1695 1534 1746 Βαβυ-

34 1764 197 1814 λωνιάς.
228 1763 270 1806 ἐν
287 1761 447 1815 τούτοις
468 1758 540 1806 οὖν
558 1767 786 1820 πληροῦται
807 1763 860 1806 τὰ
882 1768 954 1806 τοῦ
975 1762 1124 1820 Ἰάφεθ
1148 1762 1242 1820 ὅρια
1265 1762 1333 1804 διὰ
1355 1762 1400 1805 τὸ
1421 1765 1534 1820 εἴρη-

100 1875 102 1877 ’
125 1871 151 1908 4
172 1871 270 1908 κατά
293 1873 324 1909 Ρ
489 1873 512 1908 6
539 1872 796 1918 καταγομένης
819 1873 849 1908 Ρ
1014 1874 1037 1909 7
1062 1876 1146 1919 post
1169 1869 1263 1907 ἑπτά
1289 1873 1417 1908 desunt
1440 1884 1533 1919 quae

129 1921 223 1966 apud
248 1920 452 1966 Syncellum
476 1920 640 1966 leguntur
662 1921 719 1955 ed.
742 1922 858 1955 Bonn.
881 1933 919 1968 p.
939 1920 984 1957 84
1008 1932 1046 1956 ν.
1066 1922 1089 1956 4
1110 1940 1158 1946 —
1182 1933 1218 1967 p.
1238 1921 1285 1957 93
1307 1933 1342 1956 v.
1365 1921 1398 1967 5,
1426 1916 1446 1955 ὃ
1467 1917 1532 1956 καὶ

129 1963 299 2011 ἔφθασεν
324 1989 363 1994 ——
396 1965 587 2008 Τανάιδος
611 1968 800 2011 ποταμοῦ.

33 2071 128 2096 naan
155 2073 267 2097 novas
299 2073 358 2097 res
390 2061 532 2097 molitus
557 2061 655 2097 Semi
690 2062 781 2097 fines
812 2061 994 2108 ingressus
1026 2064 1081 2096 est
1103 2063 1228 2095 contra
1250 2061 1354 2096 Noae
1379 2071 1528 2105 praece-

59 2114 150 2151 tum,
185 2119 262 2143 cum
287 2114 421 2155 septem
447 2121 491 2143 ex
515 2121 555 2143 se
579 2109 667 2144 ortis
691 2108 856 2155 gentibus
880 2108 1081 2143 Amorraeis
1105 2107 1289 2142 Chettaeis
1313 2106 1528 2142 pherezaeis

71 2154 168 2190 vaeis
191 2156 409 2202 Gergesaeis
431 2156 615 2191 Iebusaeis
639 2163 676 2191 et
695 2155 942 2197 Chananaeis3
970 2167 1058 2202 quas
1082 2161 1207 2200 gentes
1236 2155 1323 2189 deus
1353 2166 1418 2201 per
1445 2154 1528 2188 Mo-

33 2213 108 2237 sem
140 2208 178 2237 et
205 2203 322 2238 lesum
352 2203 478 2237 Nauae
510 2203 619 2238 filium
653 2203 806 2248 excidit,
841 2215 882 2237 ac
914 2215 979 2238 suo
1014 2200 1147 2237 deinde
1175 2209 1336 2248 tempore
1370 2200 1528 2235 Indicum

33 2260 144 2294 opera
167 2249 252 2284 filiis
274 2249 401 2284 Israeli
425 2250 556 2285 avitam
578 2257 708 2286 terrain
728 2250 905 2295 reddidit,
943 2250 1048 2284 etiam
1079 2249 1115 2283 in
1149 2249 1216 2283 hoc
1237 2260 1333 2283 suam
1356 2246 1529 2281 iustitiam

31 2294 230 2331 declarans.
279 2308 359 2331 nam
383 2296 567 2332 Israelitae
591 2310 656 2344 per
679 2298 812 2343 gradus
836 2303 1054 2344 propagatae
1078 2295 1194 2341 gentis
1218 2296 1264 2331 38
1289 2307 1309 2329 a
1328 2295 1434 2329 Semo
1458 2293 1530 2328 orti

32 2348 148 2387 erant,
173 2343 275 2378 annis
302 2344 405 2379 1687.
453 2355 565 2389 usque
589 2345 635 2379 ad
657 2344 863 2380 Mastusiam
888 2345 956 2378 Ilio
981 2343 1193 2390 oppositam.
1219 2342 1385 2387 regiones
1411 2348 1529 2376 autem

31 2401 152 2424 eorum
171 2396 266 2433 sunt,
292 2390 427 2434 Media,
451 2391 613 2435 Albania,
639 2391 807 2426 Armenia
831 2391 942 2426 maior
967 2397 1005 2425 et
1027 2390 1152 2433 minor,
1177 2389 1390 2424 Amazonum
1414 2387 1528 2433 regio,

30 2434 301 2482 Paphlagonia,
325 2438 575 2483 Cappadocia,
601 2439 758 2483 Galatia,
783 2438 940 2482 Colchis,
963 2436 1175 2484 Bosporeni,
1199 2435 1365 2480 Maeotis,
1392 2434 1531 2480 Derris,

32 2483 230 2529 Sarmatia,
255 2484 451 2529 Tauriani,
474 2485 681 2530 Bactriani,
706 2486 879 2530 Scythia,
905 2484 1086 2527 Thracia,
1110 2481 1336 2527 Macedonia,
1360 2481 1530 2527 Graecia,

31 2529 244 2575 Thessalia,
269 2531 442 2574 Boeotia,
466 2531 616 2577 Locris,
639 2532 800 2577 Aetolia,
825 2532 979 2576 Achaia,
1003 2532 1295 2576 Peloponnesus,
1319 2529 1531 2573 Acarnania,

29 2576 178 2622 Epirus,
202 2577 396 2623 Illyricum,
420 2578 622 2624 Lychnitis,
648 2579 773 2623 Adria,
797 2580 890 2614 unde
910 2579 997 2614 mari
1022 2578 1205 2612 Adriatico
1229 2588 1356 2613 nomen
1380 2577 1530 2611 factum:

33 2623 222 2670 Calabria,
246 2625 368 2670 Italia,
393 2625 531 2669 Gallia,
557 2626 718 2670 Etruria,
745 2627 945 2670 Lusitania,
970 2625 1122 2668 Celtica,
1147 2623 1320 2668 Massilia,
1346 2622 1530 2669 Celtogal-

30 2669 92 2715 lia,
116 2671 292 2718 Hispania
314 2672 426 2707 maior
447 2679 483 2707 et
502 2672 629 2708 minor.
677 2673 730 2708 ibi
753 2674 844 2708 fines
870 2673 985 2719 Iapeti
1009 2671 1263 2716 terminantur,
1288 2682 1358 2717 qua
1380 2678 1528 2715 septen—

31 2717 168 2753 triones
200 2719 400 2766 respiciunt
428 2731 541 2765 usque
568 2721 614 2755 ad
644 2721 871 2756 Britannicas
901 2719 1049 2755 insulas.
1099 2718 1207 2753 habet
1237 2723 1353 2753 autem
1380 2716 1528 2762 insulas,

31 2763 266 2810 Britanniam,
290 2766 461 2811 Siciliam,
482 2767 679 2813 Euboeam,
704 2768 878 2810 Rhodum,
904 2766 1044 2810 Chium,
1068 2765 1236 2808 Lesbum,
1259 2765 1430 2809 Cythera,
1456 2764 1530 2798 Za-

33 2812 214 2857 cynthum,
238 2813 505 2859 cephaleniam,
529 2814 700 2859 Ithacam,
735 2826 777 2849 ac
797 2812 987 2860 Cyclades,
1013 2818 1051 2848 et
1067 2812 1176 2847 Asiae
1197 2818 1334 2857 partem
1354 2823 1445 2856 quae
1467 2811 1527 2845 Io·-

31 2858 93 2893 uia
116 2859 331 2906 appellatur.
366 2872 432 2906 pro
454 2861 606 2896 termino
628 2867 684 2896 est
702 2861 828 2907 Tigris
850 2860 996 2905 fluvius,
1020 2859 1083 2906 qui
1105 2859 1260 2894 Mediam
1286 2870 1306 2893 a
1330 2857 1530 2903 Babylonia

32 2904 174 2943 dividit.
223 2906 281 2942 his
299 2918 386 2954 ergo
404 2907 597 2955 implentur
613 2908 705 2944 fines
726 2907 857 2956 Iapeti,
878 2906 962 2955 quia
985 2912 1042 2943 est
1058 2905 1097 2943 in
1114 2905 1292 2954 scriptura
1313 2902 1531 2953 “amplificet
