1742 3184
332 156 728 210 HISTOBIARUM
761 161 1156 213 coMPENDrUM.
1387 167 1487 217 413

15 279 218 335 μέλλοντα
237 278 544 339 προεσήμαινεν.
612 279 762 337 ὁμοίιος
781 278 900 338 ἡνίκα
914 283 1111 339 χρίεσθαι
1129 280 1209 326 ἔδει
1226 280 1338 335 τινά,
1366 283 1488 328 πνεύ-

15 367 146 405 ματος
163 350 358 408 ἐφίπτατο
372 349 496 408 χάρις
515 352 581 394 καὶ
600 351 648 394 τὸ
668 351 805 394 ἔλαιον
821 350 1016 408 ἀνεπήδα.
1083 354 1149 395 καὶ
1168 357 1375 411 προφῆται
1394 356 1485 409 διη-
1509 355 1540 391 C

16 418 161 462 κόνουν
194 426 281 470 τοῖς
313 419 526 477 πράγμασι
556 420 737 473 τούτοις,
772 423 840 464 καὶ
867 422 1014 479 νεφέλη
1033 419 1230 473 πολλάκις
1249 424 1318 465 καὶ
1337 423 1489 474 καπνὸς

14 488 68 532 τὰ
97 487 231 530 ἄδυτα
258 488 574 545 κατελάμβανεν.
640 492 711 532 ἵνα
742 492 876 534 τοίνυν
895 491 953 547 μὴ
977 492 1267 546 ἀναισχυντῆτε
1286 493 1392 547 μηδὲ
1414 494 1489 534 ἀν-

0 555 205 615 ὶθρώποις
233 559 449 614 λογίζησθε
479 559 555 614 τὴν
584 557 789 616 ἐρήμωσιν
821 560 977 613 αὐτῶν,
1017 561 1107 616 οὐχὶ
1127 561 1202 616 τὴν
1222 559 1340 603 πόλιν
1360 561 1488 617 μόνην

16 627 149 685 ἀφῆκε
172 634 308 670 πεσεῖν
324 629 392 669 καὶ
413 627 485 670 τὸν
504 628 603 670 ναὸν
625 629 914 685 ἐρημωθῆναι,
951 629 1058 672 ἀλλὰ
1087 631 1155 673 καὶ
1183 630 1235 673 τὰ
1265 629 1490 687 πράγματα

15 697 168 748 ἐκεῖνα,
201 694 305 754 ἅπερ
326 697 370 739 ἐκ
390 702 472 740 τῶν
494 697 678 754 οὐρανῶν
694 698 768 750 τὰς
788 699 919 755 ἀρχὰς
939 697 1060 754 εἶχεν,
1096 699 1278 743 ἐκποδῶν
1298 701 1489 756 γενέσθαι

14 766 218 821 πεποίηκε.
285 767 395 817 τίνος
418 760 490 808 οὖν
513 768 641 809 ἕνεκεν
665 767 740 810 οὔκ
762 767 868 823 ἔχετε
891 773 964 811 νῦν
984 767 1201 827 προφήτας
1224 769 1322 811 οὐδέ
1344 787 1383 812 τι
1408 774 1490 812 τῶν

16 838 167 877 λοιπῶν
194 835 355 878 ἐκείνων
383 836 535 891 θείων;
571 836 646 878 οὐκ
679 837 848 892 εὔδηλον
871 837 934 880 ὅτι
953 843 1028 881 τοῦ
1048 843 1154 881 θεοῦ
1174 838 1226 881 τὰ
1251 839 1356 880 καθ’
1381 837 1492 894 ὑμᾶς

0 904 349 961 »ἀποστραφέντος
357 922 372 958 ,·
420 906 488 947 καὶ
519 903 670 957 πόθεν,
712 908 833 963 φησί,
870 911 989 950 τοῦτο
1022 909 1172 963 δῆλονς
1209 907 1286 966 ἀφ’
1324 902 1380 950 ὧν
1407 907 1487 965 πρὸ

14 970 161 1016 τούτου
179 973 255 1027 μὲν
272 973 513 1028 ἀσεβοῦντες
532 973 764 1031 ἐτυγχάνετε
780 974 955 1028 πάντως,
977 981 1050 1019 νῦν
1067 977 1112 1019 δὲ
1134 979 1347 1027 δοκοῦντες
1362 978 1486 1020 ἐπιει·
1507 985 1541 1020 D

16 1042 201 1099 κέστερον
234 1044 306 1097 ζῆν
334 1043 439 1097 μετὰ
465 1044 537 1087 τὸν
565 1044 744 1102 σταυρὸν
774 1046 938 1099 μείζονα
962 1047 1160 1103 τιμωρίαν
1183 1044 1396 1100 ὑπομένετε
1418 1049 1489 1089 καὶ

16 1111 180 1162 οὐδενὸς
198 1110 421 1156 ἀπολαύετε
440 1118 521 1156 τῶν
538 1115 770 1171 προτέρων,
806 1114 898 1157 οὔτε
914 1115 997 1170 μὴν
1018 1113 1308 1170 ἀπολήψεσθε,
1344 1116 1490 1167 καθὼς

17 1180 61 1223 αἶ
90 1185 203 1224 θεῖαι
236 1181 481 1239 προρρήσεις
514 1184 692 1239 ἐναργῶς
723 1185 928 1238 δηλοῦσιν.
998 1186 1032 1226 εἴ
1064 1185 1115 1239 δὴ
1145 1183 1372 1238 βούλεσθε,
1419 1187 1489 1227 καὶ

0 1248 182 1308 ἰὲτέρους
197 1249 416 1309 προφήτας
435 1253 707 1310 ἐφοπλίσομεν
727 1254 916 1308 λέγοντας
937 1258 1123 1311 φανερῶς
1142 1253 1203 1296 ὅτι
1224 1253 1276 1297 τὰ
1295 1254 1369 1307 μὲν
1387 1252 1489 1308 ὑμέ-

17 1336 116 1377 τερα
141 1319 256 1371 τέλος
282 1319 483 1375 λήψεται,
518 1322 569 1364 τὰ
601 1323 647 1364 δὲ
674 1320 850 1380 ἡμέτερα
874 1321 1069 1378 ἀνθήσει,
1104 1325 1172 1365 καὶ
1191 1328 1400 1378 πανταχοῦ
1418 1328 1491 1378 τῆς

18 1389 253 1444 οἰκουμένης
283 1388 556 1445 ἐκταθήσεται
588 1391 635 1433 τὸ
665 1390 878 1448 κήρυγμα,
913 1393 980 1434 καὶ
1010 1393 1165 1443 θυσίας
1182 1390 1323 1449 ἑτέρας
1339 1409 1491 1450 προσε-

17 1456 259 1514 νεχθήσεται
282 1457 459 1517 τρόπος,
487 1459 646 1501 ἐκείνων
665 1465 747 1502 τῶν
764 1461 868 1518 παρ’
889 1458 985 1515 ὖμΐν
1005 1465 1327 1504 καταλυθεισῶν.
1397 1462 1493 1505 οὐδὲ

19 1527 96 1585 γὰρ
112 1527 291 1571 Ἡσαΐαν
311 1527 484 1585 παράγω
505 1528 605 1579 τέως
627 1528 821 1587 μάρτυρα
846 1529 938 1573 οὔτε
956 1530 1153 1587 Ἰερεμίαν
1173 1529 1265 1573 οὕτε
1289 1529 1386 1581 τοὺς
1414 1530 1491 1574 ἷίλ-

0 1600 114 1647 »iove
144 1597 225 1655 πρὸ
253 1601 328 1653 τῆς
357 1599 661 1654 αἰχμαλωσίας,
688 1600 758 1640 ἵνα
783 1599 842 1654 μὴ
865 1600 1001 1655 λέγητε
1023 1599 1085 1642 ὅτι
1105 1599 1157 1642 τὰ
1179 1599 1291 1642 δεινὰ
1312 1601 1442 1642 ἐκεῖνα
1463 1600 1492 1643 ἃ

16 1665 152 1722 ἔλεγον
178 1668 269 1723 περὶ
298 1671 371 1722 τῆς
403 1666 695 1723 αι’χμαλώσεως
719 1668 858 1723 ἐξέβη,
892 1668 999 1710 ἀλλὰ
1029 1670 1259 1724 Μαλαχιάν
1284 1668 1356 1711 τὸν
1383 1670 1489 1724 μετὰ
1511 1678 1542 1715 Ρ
1565 1681 1636 1718 236

17 1735 90 1791 τὴν
121 1736 165 1779 ἐκ
196 1738 447 1790 Βαβυλῶνος
479 1735 676 1780 ἐπάνοδον
703 1739 771 1780 καὶ
793 1738 868 1792 τὴν
886 1742 960 1792 τῆς
978 1735 1134 1789 πόλεως
1158 1736 1490 1783 ἀποκατάστασιν

17 1809 162 1863 σαφῶς
191 1806 282 1863 περὶ
310 1809 392 1849 τῶν
421 1805 673 1863 πραγμάτων
689 1804 807 1861 ὑμῶν
823 1806 1178 1865 προφητεύσαντα.
1246 1807 1385 1863 ἐπειδὴ
1407 1809 1489 1866 γὰρ

17 1874 248 1930 ἐπανῆλθον
273 1877 341 1918 καὶ
367 1875 442 1931 τὴν
469 1875 587 1919 πόλιν
614 1876 821 1930 ἀπέλαβον
848 1878 917 1920 καὶ
941 1877 1013 1919 τὸν
1040 1877 1139 1920 ναόν
1164 1875 1403 1937 ᾠκοδόμουν
1419 1880 1489 1921 καὶ

14 1982 277 2029 paternionis.
322 1984 476 2030 itemque
497 1984 531 2020 si
555 1985 634 2031 quis
655 1985 905 2031 inungeretur,
939 1983 1057 2030 gratia
1076 1984 1223 2031 spiritus
1244 1984 1282 2020 in
1303 1996 1381 2021 eum
1401 1985 1491 2022 iusi-

14 2030 126 2066 fiebat
146 2036 185 2065 et
205 2030 318 2066 oleum
339 2031 536 2067 resiliebat.
580 2032 697 2078 iisque
716 2034 824 2068 rebus
842 2038 943 2066 vates
962 2037 1065 2066 erant
1082 2031 1300 2077 administri,
1324 2044 1366 2066 ac
1383 2044 1492 2078 saepe

14 2075 143 2112 nebula
162 2080 202 2112 et
220 2076 336 2112 sunus
358 2079 502 2123 adytum
527 2085 803 2125 occupaverunt.
851 2091 896 2113 ne
918 2078 1029 2123 igitur
1043 2089 1108 2123 pro
1124 2078 1343 2124 impudentia
1357 2085 1491 2123 vestra,

14 2123 229 2159 calamitates
250 2130 390 2160 vestras
410 2124 607 2160 hominibus
629 2132 792 2173 acceptas
809 2126 973 2169 ferretis,
997 2135 1067 2158 non
1084 2124 1184 2159 urbis
1199 2125 1302 2159 modo
1318 2130 1354 2159 et
1367 2126 1492 2172 templi

13 2168 187 2206 excidium
207 2170 288 2206 fieri
311 2171 399 2207 deus
421 2172 606 2219 permisit,
644 2173 708 2207 sed
729 2178 766 2207 et
787 2184 848 2207 eas
872 2183 932 2206 res
955 2182 1099 2216 quarum
1123 2171 1168 2205 de
1190 2170 1288 2205 caelo
1312 2171 1492 2218 principia

14 2221 117 2252 erant
146 2228 168 2252 e
197 2218 314 2253 medio
348 2217 502 2254 sustulit.
551 2230 615 2253 cur
645 2218 738 2254 enim
768 2230 860 2254 nunc
887 2224 924 2253 et
946 2217 1129 2264 prophetis
1153 2222 1190 2252 et
1213 2217 1375 2252 omnibus
1407 2218 1491 2253 istis

14 2262 146 2298 divinis
164 2264 273 2299 rebus
294 2265 556 2300 destituimini?
603 2277 720 2301 nonne
749 2265 787 2300 in
819 2270 984 2311 promptu
1016 2269 1072 2298 est
1096 2263 1133 2298 id
1155 2263 1256 2308 fieri,
1289 2264 1375 2309 quia
1401 2265 1491 2300 deus

12 2321 80 2345 vos
107 2312 319 2346 aversatur?
363 2312 480 2358 unde,
516 2311 628 2356 dicis,
660 2312 699 2347 id
730 2312 872 2357 liquet?
919 2311 1003 2345 inde
1033 2311 1129 2354 quod
1160 2311 1334 2355 quondam
1366 2311 1491 2346 admo-

12 2356 94 2391 dum
115 2355 216 2402 inpii
236 2358 376 2394 fuistisz
402 2370 496 2393 nunc
521 2364 636 2393 autem
655 2363 739 2406 post
755 2358 852 2393 cruci
876 2358 1020 2392 affixum
1039 2356 1241 2401 Christum,
1265 2367 1342 2391 cum
1365 2357 1492 2392 videa-

11 2402 99 2437 mini
118 2403 249 2440 recn’us
268 2404 416 2451 vivere,
443 2405 629 2451 graviores
650 2405 806 2451 penditis
826 2415 977 2451 poenas,
1014 2402 1173 2448 nihilque
1195 2402 1351 2448 priorum
1374 2405 1490 2439 bono-

10 2460 88 2484 rum
119 2451 224 2486 vobis
258 2451 380 2494 adest3
415 2463 532 2497 neque
566 2464 654 2487 vero
688 2463 840 2497 unquam
863 2450 995 2494 aderit,
1034 2449 1323 2494 quemadmodum
1345 2450 1491 2486 divinae

10 2495 270 2543 praedictiones
291 2497 480 2545 perspicue
502 2499 705 2533 ostendunt.
753 2497 907 2532 vultisne
926 2502 965 2531 ut
982 2495 1104 2541 plures
1121 2495 1228 2530 etiam
1246 2501 1347 2531 vates
1364 2502 1491 2533 contra

11 2554 77 2578 vos
101 2543 146 2577 ad
167 2544 332 2580 auxilium
356 2545 589 2588 advocemus,
624 2545 686 2590 qui
720 2545 855 2580 diserte
887 2542 1118 2589 pronuntient
1139 2542 1244 2576 finem
1268 2554 1348 2578 esse
1370 2555 1488 2579 rerum

10 2594 228 2635 vestrarum,
259 2596 401 2626 nostras
433 2602 493 2625 res
521 2590 718 2635 florituras,
756 2603 798 2625 ac
822 2602 886 2637 per
908 2595 1019 2623 totum
1043 2589 1164 2623 orbem
1187 2595 1419 2635 propagatum
1441 2590 1490 2625 iri

9 2637 256 2683 praeconium,
276 2637 453 2683 aliumque
477 2637 701 2672 sacrificandi
722 2637 861 2672 modum
881 2635 1154 2678 instituendum,
1179 2640 1299 2670 vestro
1318 2636 1488 2673 sublato!

10 2694 97 2718 sane
117 2694 189 2718 non
210 2685 401 2731 producam
430 2690 558 2719 testem
581 2684 725 2718 Esaiam
746 2690 808 2718 aut
829 2682 1012 2717 Ieremiam
1033 2685 1095 2716 aut
1115 2680 1206 2717 alios
1226 2681 1289 2728 qui
1311 2687 1395 2718 aute
1415 2683 1490 2718 Bu·-

9 2729 212 2774 bylonicum
231 2730 399 2766 vixerunt
421 2729 600 2775 exsilium,
625 2742 671 2765 ne
693 2742 735 2765 eo
756 2729 901 2776 impleta
924 2728 1036 2763 fuisse
1057 2727 1184 2763 dicatis
1207 2739 1300 2775 quae
1322 2728 1375 2764 illi
1397 2729 1489 2766 mala

10 2775 135 2811 minati
155 2781 253 2812 sunt:
279 2778 344 2812 sed
366 2776 598 2820 Malachiam,
625 2776 687 2822 qui
713 2782 797 2822 post
819 2782 974 2810 vestrum
1003 2786 1048 2810 ex
1068 2774 1254 2820 Babylone
1274 2776 1428 2812 reditum
1450 2781 1489 2811 et

9 2822 108 2858 urbis
129 2821 419 2859 inmun-itionem
443 2823 629 2858 evidenter
648 2824 694 2858 de
716 2822 848 2858 vestris
868 2823 977 2856 rebus
1001 2826 1057 2857 est
1074 2821 1301 2858 vaticinatus.
1348 2822 1382 2858 is
1399 2834 1487 2868 ergo

8 2881 88 2906 cum
108 2870 234 2907 Iudaei
254 2870 292 2906 in
314 2870 464 2917 patriam
486 2869 624 2905 reversi
646 2870 768 2905 urbem
790 2868 1031 2915 recepissent,
1055 2867 1218 2916 templum
1235 2869 1488 2907 aedificassent
