1742 3184
184 195 285 244 678
670 193 913 254 QEoRGn
947 188 1196 239 cEDRENJ

182 312 319 356 Χίτου
336 308 494 368 “κιῦμης.
562 315 686 355 τοῦτο
706 311 830 369 γνοὺς
851 308 873 354 ὅ
890 308 1087 366 βασιλεὺς
1108 306 1355 365 ’ἐδημότευσε
1374 305 1574 364 πολλοὺς,
1604 313 1674 354 καὶ

181 380 363 439 ἴπεμψεν
385 384 442 433 εἷς
462 381 507 425 τὸ
531 382 694 440 μακρὸν
715 388 860 436 τεῖχος.
928 381 998 424 καὶ
1024 378 1348 438 συγκρούσαντες
1371 378 1551 436 πόλεμον
1571 385 1674 423 πολ-

181 454 245 496 λοὶ
277 456 359 495 τῶν
385 450 598 506 Ῥωμαίων
629 450 852 494 ἀπέθανον.
922 450 1129 493 ἀπέστειλε
1151 450 1195 493 δὲ
1218 447 1239 492 ὅ
1259 450 1456 504 βασιλεὺς
1474 449 1568 493 κατ’
1594 450 1674 493 αὖ-

179 527 262 566 τῶν
285 521 358 565 τὸν
377 520 622 578 Βελισάριον
631 552 644 573 ,
681 519 727 571 ὃς
752 519 893 575 λαβὼν
913 519 1010 571 τοὺς
1026 520 1180 570 ἰ’ππους
1198 524 1280 562 τῶν
1299 522 1476 562 πολιτῶν
1494 521 1562 562 καὶ
1582 521 1672 571 ἕξο-

179 594 328 643 πλίσας
346 590 447 634 λαὸν
465 586 595 647 ἦλθεν
613 592 669 641 εἷς
687 590 823 633 Χίτου
843 587 1006 646 κώμην,
1035 591 1105 634 καὶ
1125 587 1300 645 ποιήσας
1321 586 1532 648 φοσσάτον
1549 587 1706 641 ὅσουςό

34 660 65 695 Ρ
87 661 158 699 387
181 660 403 719 ἐκράτησεν
424 661 467 711 ἐξ
489 660 625 703 αὐτῶν
648 659 888 703 ἀπέκτεινεν.
958 659 1138 705 ἐκέλευσε
1166 659 1212 702 δὲ
1237 663 1411 714 κοπῆναι
1433 659 1582 717 δένδρα
1604 662 1674 706 καὶ

178 730 385 790 σύρεσθαι
408 730 538 772 ὀπίσω
561 733 636 773 τοῦ
659 730 866 788 ἒξερκέτου
890 728 1042 781 αὐτοῦ,
1077 731 1147 772 καὶ
1180 729 1332 786 ἐγένετο
1356 729 1400 772 ἐκ
1421 733 1496 772 τοῦ
1519 729 1671 783 ἀνέμου

177 800 386 858 κονιορτὸς
405 799 555 856 μέγας,
592 801 661 843 καὶ
686 798 893 857 ἀπήγαγεν
913 799 1040 842 αὐτὸν
1057 795 1193 842 ἐπάνω
1213 803 1294 842 τῶν
1316 797 1498 842 Οῧννων.
1567 799 1605 842 οἱ
1626 800 1672 842 δὲ

175 871 416 925 νομίσαντες
433 868 578 926 πλήθη
600 869 733 913 πολλὰ
753 867 853 912 εἶναι
874 870 1025 928 ἔφυγον
1045 868 1120 919 ἕως
1145 866 1533 926 Ἀρκαὸιουπόλεως.
1604 887 1672 912 κε-

177 938 282 982 λεύει
312 934 384 982 οὖν
417 937 439 981 ὃ
468 939 667 994 βασιλεὺς
699 939 891 997 γενέσθαι
914 942 1040 982 πλοῖα
1067 939 1276 995 δίπρυμνα
1299 939 1367 980 καὶ
1391 937 1586 981 ἀπελθεῖν
1613 941 1670 991 εἷς
1683 944 1729 980 10

174 1008 246 1052 τὸν
271 1007 485 1063 Δάνουβιν
516 1011 584 1052 καὶ
614 1013 846 1066 πολεμῆσαι
877 1008 1028 1059 αὐτοῖς.
1098 1006 1199 1065 ὅπερ
1219 1005 1380 1064 γνόντες
1400 1008 1440 1050 οἳ
1459 1006 1671 1067 βάρβαροι

174 1076 460 1137 παρεκάλεσαν
490 1078 560 1122 διὰ
591 1083 845 1138 πρεσβευτοῦ
871 1079 1086 1122 ἀκίνδυνον
1106 1081 1410 1134 παραχωρῆσαι
1435 1079 1576 1129 αὐτοῖς
1596 1079 1671 1134 τὴν

171 1152 253 1192 τοῦ·
268 1152 459 1204 ποταμοῦ
477 1146 685 1204 διάβασιν.
755 1150 825 1192 καὶ
849 1148 1081 1192 ἀπέστειλεν
1101 1145 1122 1190 ὃ
1139 1147 1336 1202 βασιλεὺς
1351 1147 1578 1192 Ἰουστῖνον
1599 1148 1671 1192 τὸν

171 1217 345 1275 ἀνεψιὸν
367 1219 498 1261 αῧτοῦ
514 1218 586 1262 τὸν
603 1216 919 1277 κουροπαλάτην
940 1214 1184 1273 διαβιβάσαι
1205 1214 1369 1268 αὐτούς.

117 1284 148 1323 Β
314 1292 390 1347 Τῷ
419 1286 481 1345 λγ’
515 1287 593 1333 ἔτει
626 1290 747 1342 κτίζει
773 1288 848 1344 τὴν
875 1289 1060 1346 γέφυραν
1089 1291 1162 1331 τοῦ
1190 1285 1440 1345 Σαγγάρεως
1462 1292 1666 1343 ποταμοῦ,
1682 1291 1728 1328 15

170 1347 248 1413 τὴν
280 1358 499 1415 λεγομένην
531 1359 861 1418 πενταγέφυρον,
898 1357 968 1401 διὰ
993 1361 1182 1416 καμερῶν
1206 1358 1346 1410 πέντε,
1382 1358 1544 1413 ξυλίνην
1564 1357 1671 1416 πρό-

168 1444 287 1485 τερον
314 1423 455 1472 οὖσαν.
525 1430 646 1482 κτίζει
678 1429 724 1472 δὲ
757 1430 825 1472 καὶ
854 1427 927 1472 τὸν
954 1428 996 1472 ἐν
1025 1432 1076 1486 τῇ
1102 1432 1212 1486 πηγῇ
1235 1427 1335 1471 ναὸν
1355 1431 1430 1484 τῆς
1446 1425 1671 1486 ὖπεραγιάς

167 1495 382 1540 θεοτόκου.

309 1571 384 1626 Τῷ
416 1564 481 1610 λὸ’
515 1566 592 1611 ἔτει
625 1566 842 1627 ἐφημίσθη
874 1566 917 1608 ἐν
947 1569 999 1624 τῇ
1022 1563 1137 1608 πόλει
1161 1563 1225 1609 ὅτι
1248 1563 1269 1609 ὃ
1292 1565 1490 1620 βασιλεὺς
1510 1564 1668 1610 ἐτελεύ-

169 1652 266 1692 τησε
287 1637 356 1680 διὰ
375 1637 423 1681 τό
446 1641 718 1696 κεφαλαλγεΐν
737 1638 806 1679 καὶ
825 1635 984 1692 μηδένα
1002 1639 1191 1692 θεωρεῖν.
1261 1638 1329 1678 καὶ
1346 1631 1398 1691 ἦν
1415 1636 1576 1694 ταραχὴ
1598 1639 1666 1679 καὶ
1679 1642 1726 1679 20

168 1702 352 1762 ἁρπαγαὶ
383 1707 440 1758 εἷς
473 1724 517 1751 τε
546 1706 622 1758 τὰς
647 1706 859 1764 προβολὰς
881 1705 1022 1748 καὶτὰ
1038 1712 1275 1761 μαγκιπεῖα.
1345 1707 1413 1748 καὶ
1436 1707 1527 1762 περὶ
1553 1705 1668 1764 ὥραν

169 1773 214 1817 θ’
249 1776 473 1833 προσέταξε
501 1781 560 1834 τῷ
591 1775 781 1835 ἐπάρχῳ,
818 1777 887 1819 καὶ
916 1775 1052 1829 ἀνῆψε
1078 1778 1199 1832 φῶτα
1229 1777 1286 1825 εἷς
1314 1773 1413 1830 ὅλην
1434 1774 1508 1829 τὴν
1532 1775 1666 1830 πόλιν,

167 1841 231 1886 ὅτι
254 1843 415 1900 ὗγίανεν
437 1843 458 1887 ὃ
481 1843 700 1899 βασιλεύς,
729 1846 797 1887 καὶ
820 1842 1045 1899 συνεστάλη
1064 1843 1114 1885 τὰ
1135 1847 1208 1899 τῆς
1225 1848 1422 1900 ταραχῆς.
1492 1849 1552 1903 τῷ
1578 1846 1667 1889 Δε-

165 1914 316 1974 κεβρίῳ
344 1916 444 1971 μηνὶ
472 1914 631 1971 γέγονεν
667 1913 908 1973 ἐμπρησμὸς
933 1913 1063 1970 μέγας
1092 1911 1173 1956 ἀπό
1206 1931 1248 1957 τε
1277 1917 1359 1957 τῶν
1391 1916 1564 1973 Σοφιῶν
1596 1918 1667 1959 καὶ

165 2033 208 2058 eo
241 2022 384 2068 cognito
417 2022 613 2069 imperator
641 2022 769 2058 multos
802 2022 848 2060 de
880 2021 1019 2057 civibus
1052 2021 1098 2057 ad
1129 2021 1271 2069 longum
1294 2034 1428 2059 murum
1457 2024 1565 2067 misit.
1615 2026 1667 2063 ibi

165 2070 351 2105 commissa
383 2082 504 2116 pugna
536 2069 639 2105 multi
668 2070 906 2104 Romanorum
934 2068 1153 2104 ceciderunt.
1201 2069 1410 2105 Belisarium
1442 2083 1528 2117 ergo
1554 2072 1665 2108 Iusti-

164 2115 290 2150 nianus
316 2122 441 2151 contra
462 2117 613 2152 Hunnos
637 2116 760 2151 mittit.
809 2115 841 2151 is
865 2115 967 2161 equis
991 2115 1122 2150 civium
1146 2117 1318 2162 sumptis,
1349 2124 1484 2153 armata
1506 2119 1666 2155 multitu-

164 2161 249 2197 dine
272 2163 374 2198 venit
397 2164 443 2199 ad
467 2164 567 2198 Chiti
591 2174 742 2209 pagum3
777 2163 947 2208 fossaque
969 2168 1070 2208 acta,
1107 2167 1283 2208 quotquot
1305 2165 1533 2200 barbarorum
1555 2167 1664 2213 cepit,

163 2220 226 2243 eos
259 2209 415 2246 necavit.
464 2210 572 2245 iussit
603 2211 710 2245 etiam
744 2211 891 2245 arbores
925 2209 1027 2244 caedi
1059 2215 1095 2244 et
1131 2215 1213 2255 post
1245 2211 1438 2245 exercitum
1469 2223 1568 2247 suum
1601 2226 1665 2249 eas

161 2255 276 2290 trahi:
321 2257 374 2291 ita
405 2263 534 2292 ventus
571 2268 733 2302 magnum
766 2256 950 2303 pulverem
982 2255 1174 2290 excitatum
1206 2267 1314 2302 supra
1345 2257 1497 2292 Hunnos
1529 2261 1663 2307 evexit,

161 2302 224 2347 qui
248 2306 414 2348 putantes
439 2315 584 2349 magnos
606 2305 732 2338 adesse
757 2302 957 2348 exercitus,
993 2313 1106 2348 usque
1129 2303 1383 2348 Arcadiopolin
1411 2306 1662 2352 profugerunt.

159 2347 261 2384 iubet
284 2362 369 2395 ergo
394 2350 588 2397 imperator
613 2362 724 2385 naves
747 2350 926 2395 bipuppes
959 2349 1100 2397 parari,
1134 2349 1252 2394 iisque
1276 2350 1314 2384 in
1340 2350 1506 2386 Danubio
1539 2359 1663 2390 contra

161 2393 314 2430 Hunnos
338 2396 405 2431 uti.
453 2397 547 2443 quod
571 2397 633 2432 ubi
655 2397 878 2431 resciverunt
902 2396 1069 2440 barbari,
1097 2395 1215 2430 missis
1238 2397 1366 2442 legatis
1390 2398 1599 2444 petiverunt
1622 2406 1664 2436 ut

160 2441 230 2476 sibi
252 2447 330 2477 tuto
355 2443 491 2479 reditus
515 2455 581 2490 per
604 2443 642 2478 id
664 2444 795 2478 flumen
820 2443 1088 2477 concederetur.
1138 2442 1236 2477 misit
1269 2455 1355 2488 ergo
1379 2445 1575 2491 imperator
1597 2447 1659 2484 Iu-

160 2487 289 2523 stinum
313 2490 572 2535 curopalatam‚
595 2501 719 2525 sorore
743 2501 807 2524 sua
832 2494 971 2532 natum,
995 2488 1058 2534 qui
1081 2500 1142 2523 eos
1166 2489 1386 2526 traduceret.

250 2536 354 2570 Anno
385 2537 430 2572 33
459 2543 602 2583 pontem
633 2537 671 2571 in
704 2535 881 2580 Sangario
913 2536 1058 2570 flumine
1088 2535 1229 2580 condit,
1265 2537 1422 2584 quinque
1442 2538 1656 2575 fornicibus.

157 2579 257 2625 prius
282 2581 400 2627 ligneo
422 2589 532 2631 ponte
556 2589 757 2619 constratus
779 2582 910 2619 fuerat.
959 2582 1084 2618 condit
1108 2582 1216 2617 etiarn
1237 2583 1404 2630 templum
1426 2585 1594 2632 deiparae
1617 2586 1656 2622 in

157 2627 272 2663 fonte.

249 2675 351 2710 Anno
375 2676 439 2721 34,
466 2688 542 2712 cum
567 2677 612 2711 ob
636 2675 794 2711 dolorem
819 2673 947 2721 capitis
970 2674 1190 2724 Iustinianuq
1213 2675 1251 2710 in
1275 2681 1503 2725 conspectum
1530 2678 1654 2725 populi

158 2730 229 2754 non
259 2722 441 2768 prodiret,
481 2724 613 2759 diditus
638 2729 694 2758 est
715 2723 754 2758 in
778 2724 868 2758 urbe
888 2733 1008 2757 rumor
1031 2722 1076 2756 de
1102 2727 1214 2758 morte
1236 2722 1327 2759 eius.
1375 2725 1499 2770 itaque
1524 2725 1653 2760 tumul-

155 2770 291 2801 tuntum
327 2774 402 2813 est,
444 2770 680 2816 direptaeque
714 2770 888 2805 tabernae
922 2773 960 2803 ct
992 2768 1182 2815 mancipia.
1223 2769 1336 2806 τίνω,
1366 2770 1490 2806 horam
1526 2783 1654 2807 nonam

154 2813 356 2858 praefectus
380 2818 544 2852 mandato
569 2815 796 2862 imperatoris
819 2813 952 2853 lumina
975 2827 1042 2862 per
1064 2821 1175 2851 totam
1194 2817 1320 2851 urbem
1342 2817 1546 2863 succendit,
1572 2818 1654 2864 qui-

154 2860 220 2894 bus
251 2872 369 2905 regem
399 2861 534 2898 salvum
568 2875 647 2898 esse
676 2862 918 2903 indicabatur.
966 2873 1011 2896 ea
1035 2873 1094 2897 res
1117 2861 1300 2898 tumultum
1329 2865 1485 2900 sedavit.
1533 2877 1656 2899 mense

152 2905 344 2942 Decembri
366 2919 527 2954 magnum
552 2910 622 2946 fuit
648 2909 876 2955 incendium,
913 2920 936 2950 a
958 2908 1118 2956 Sophiae
1143 2920 1256 2956 usque
1283 2911 1330 2947 ad
1352 2911 1479 2950 Probi·
1527 2910 1596 2947 fuit
1619 2916 1657 2947 et
