1742 3184
169 150 271 200 676
654 149 902 202 GEORGII
932 147 1180 200 CEDRENI

168 270 339 319 τῶντας.
407 264 509 310 ὅθεν
539 262 715 322 ποιήσας
747 263 769 309 ὅ
800 265 996 322 βασιλεὺς
1026 264 1144 323 ἕτερα
1169 261 1405 323 κραββάτια
1427 262 1564 320 χίλια,
1599 266 1669 308 καὶ

171 336 278 394 μηδ’
311 332 443 388 οὕτως
468 334 767 395 ἐξαρκούντων,
813 332 977 391 ἁμάξας
1010 335 1231 393 προσέταξε
1265 335 1455 385 πλείστας
1485 334 1670 392 εὐτρεπι-

121 413 153 448 D
179 411 358 464 σθῆναι,
389 408 460 449 καὶ
489 405 621 463 ἄλογα
650 404 800 448 δέδωκε
826 406 957 462 μυρία
983 404 1086 463 πρὸς
1103 403 1151 448 τὸ
1172 404 1355 462 ἐκφέρειν
1374 403 1472 455 τοὺς
1489 402 1671 462 νεκρούς.

174 475 470 531 ἓπιτεινομένης
500 476 547 519 δὲ
576 479 651 529 τῆς
678 472 868 528 θνήσεως
891 473 1081 533 ἴρριπτον
1104 474 1202 526 τοὺς
1223 475 1411 524 πλείονας
1432 475 1488 524 εἲς
1509 473 1580 516 τὸν
1603 476 1671 516 αἶ-

176 544 319 603 γιαλόν
329 577 343 598 ,
379 546 448 587 καὶ
467 542 608 599 ἔμενον
629 541 783 601 ἄταφοι
804 543 879 595 ἕως
896 541 1053 601 ἡμέρας
1070 541 1116 596 (ἐξ
1137 544 1208 586 διὰ
1228 542 1275 587 τὸ
1297 544 1357 598 μὴ
1380 543 1567 600 ἐπαρκεῖν
1587 550 1704 594 τοΐς5

177 618 277 670 ζῶσι
305 611 480 657 θάπτειν
507 613 607 664 τοὺς
635 617 890 665 τεθνεῶτας,
923 611 1026 669 μήτε
1054 614 1100 657 δὲ
1124 612 1177 656 τὰ
1199 617 1322 656 πλοῖα
1343 614 1524 671 ἐξαρκεῖν
1549 614 1604 663 εἷς
1623 613 1670 655 τὸ

179 687 379 742 διαπερᾶν
409 679 573 733 αὐτούς.
642 680 803 740 ἐκράτει
834 676 907 725 οὖν
927 680 952 739 ἦ
976 687 1126 737 θνῆσις
1149 682 1254 738 αὕτη
1279 686 1414 738 μῆνας
1438 679 1512 725 δύο
1524 714 1538 734 ,
1567 680 1675 725 Ἰού-

179 759 267 797 λιον
293 754 361 796 καὶ
394 750 656 808 Αὔγουστον.
725 752 905 808 ἐγένοντο
929 752 973 795 δὲ
991 754 1162 809 βρονταὶ
1185 753 1252 795 καὶ
1274 753 1481 809 ἀστραπαὶ
1500 750 1675 808 μεγάλαι

179 825 247 866 καὶ
270 822 447 881 φοβεραὶ
470 819 660 880 σφόδρα,
695 819 799 865 ὥστε
821 815 999 873 πολλοὺς
1019 819 1094 864 ὕπ’
1119 822 1255 865 αὐτῶν
1276 825 1543 877 κατακαῆναι.

319 895 394 950 Τῷ
421 888 486 933 λα’
515 890 593 934 ἔτει
629 890 831 947 ἐπεγένετο
861 886 987 943 αὖθις
1008 889 1235 935 θανατικόν
1248 923 1261 944 ,
1297 891 1366 934 καὶ
1388 889 1569 955 μάλιστα
1590 895 1677 941 τοῖς
1689 902 1734 938 10

180 961 384 1012 παιδίοις,
433 959 514 1003 ἀπὸ
546 964 810 1015 βουβωνικοῦ
840 959 1029 1013 πάθους,
1068 965 1202 1017 μῆνας
1234 958 1288 1003 δ’.
1358 961 1426 1009 καὶ
1449 961 1526 1016 οὔχ
1553 955 1676 1015 ἧττον

180 1032 395 1089 διέφθειρε
414 1033 489 1073 τοῦ
507 1029 707 1088 προτέρου
728 1033 958 1074 θανατικοῦ
978 1035 1114 1074 πᾶσαν
1136 1030 1214 1086 τὴν
1233 1027 1351 1072 πόλιν
1369 1031 1441 1073 καὶ
1460 1030 1512 1074 τὰ
1533 1028 1676 1087 πόρρω

34 1116 64 1151 Ρ
88 1116 159 1154 386
181 1099 348 1155 ταύτης.
418 1100 460 1142 ἓν
483 1099 534 1154 δὴ
552 1099 775 1159 Ἀντιοχείᾳ
796 1099 919 1143 πάλιν
942 1100 1077 1157 γέγονε
1099 1100 1267 1155 σεισμὸς
1289 1099 1433 1156 μέγας.
1502 1099 1607 1155 μετὰ
1631 1099 1677 1141 δὲ

177 1168 330 1228 χρόνον
347 1168 439 1212 τινὰ
459 1168 618 1225 γέγονεν
637 1167 819 1227 ἀστέρων
840 1168 996 1227 δρόμος
1013 1170 1099 1229 ἀφ’
1121 1168 1295 1226 ἑσπέρας
1314 1169 1389 1220 ἕως
1407 1171 1522 1226 πρωί·
1528 1202 1541 1222 ,
1573 1167 1677 1212 ὥστε

181 1238 340 1289 πάντας
378 1235 785 1296 ὦπερεκπλήττεσθαι
818 1241 886 1282 καὶ
918 1240 1046 1297 λέγειν
1080 1238 1143 1283 ὅτι
1175 1240 1390 1282 πίπτουσιν
1427 1239 1465 1282 οἳ
1498 1239 1676 1296 ἀστέρες.
1690 1248 1734 1285 15

181 1306 370 1367 γεγόνασι
402 1308 446 1350 δὲ
474 1309 667 1362 κοσμικαὶ
698 1310 972 1367 δημοκρατίαι
996 1311 1063 1352 καὶ
1090 1307 1209 1367 φόνοι
1234 1310 1376 1351 πολλοὶ
1402 1310 1471 1351 καὶ
1493 1306 1680 1363 πόλεμοι,

183 1379 253 1421 καὶ
272 1376 385 1422 νόσοι
404 1378 475 1419 καὶ
495 1376 676 1421 θάνατοι
699 1385 784 1430 τοῖς
808 1377 1048 1437 ἀνθρώποις
1068 1378 1141 1422 οὐκ
1164 1379 1367 1421 ἐπέλιπον.
1437 1378 1478 1420 ἓν
1506 1379 1550 1421 δὲ
1571 1377 1683 1421 Ἀν-

185 1448 340 1508 τιοχείᾳ
355 1446 461 1502 μετὰ
484 1447 531 1489 τὸ
555 1447 748 1503 γενέσθαι
767 1447 839 1490 τὸν
860 1449 1028 1503 σεισμὸν
1045 1448 1179 1505 γέγονε
1199 1448 1387 1506 βρυγμὸς
1404 1446 1449 1491 ἐκ
1464 1452 1538 1491 τοῦ
1557 1442 1684 1506 οὖρα-’-

184 1522 259 1561 νοῦ
282 1513 596 1576 φοβερώτατος,
626 1519 694 1559 καὶ
713 1518 858 1569 πολλοὶ
878 1519 922 1561 ἐκ
941 1522 1016 1561 τοῦ
1034 1516 1170 1576 φόβου
1190 1517 1413 1560 ἀπέθανον.

326 1590 402 1644 Τῷ
428 1585 472 1628 δὲ
502 1584 567 1640 λβ’
596 1585 674 1630 ἔτει
696 1590 770 1642 τῆς
790 1588 1003 1642 βασιλείας
1021 1587 1310 1631 Ἰουστινιανοῦ
1330 1585 1681 1646 φιλοκαλουμένου
1693 1594 1741 1631 20

185 1659 270 1699 τῶν
290 1653 467 1714 τρούλου
489 1659 563 1710 τῆς
583 1654 766 1712 μεγάλης
788 1657 1002 1713 ἐκκλησίας
1028 1652 1105 1713 (ἦν
1129 1657 1208 1716 γὰρ
1233 1657 1519 1715 διερρηγμένος
1541 1658 1583 1699 ἐκ
1603 1660 1684 1699 τῶν

188 1724 479 1782 ἐπιγενομένων
501 1723 819 1780 ἀλλεπαλλήλων
840 1727 1046 1782 σεισμῶν)
1075 1725 1189 1770 ἔπεσε
1217 1727 1264 1770 τὸ
1292 1726 1532 1768 ἀνατολικὸν
1559 1726 1686 1783 μέρος

136 1802 169 1840 Β
193 1798 267 1850 τῆς
294 1797 608 1853 προϋποστολῆς
625 1799 698 1838 τοῦ
718 1793 834 1852 ἇγιόυ
858 1796 1185 1854 θυσιαστηρίου,
1214 1796 1283 1839 καὶ
1311 1795 1530 1854 συνέτριψε
1552 1795 1599 1840 τὸ
1621 1813 1687 1839 κι-

188 1925 329 1973 plorum
360 1927 398 1960 et
427 1935 606 1962 sacrarum
629 1926 783 1962 aedium.
830 1925 913 1962 ideo
936 1927 1133 1975 imperator
1154 1927 1243 1964 alias
1266 1927 1360 1963 mille
1384 1927 1559 1971 confecit3
1591 1939 1689 1963 cum-

192 1984 264 2019 que
286 1984 332 2007 ne
355 1971 424 2007 hae
449 1972 590 2018 quidem
613 1974 701 2009 satis
721 1978 852 2019 essent,
878 1974 1046 2020 plurimos
1070 1987 1194 2011 currus
1218 1975 1323 2010 iussit
1347 1975 1528 2022 apparari,
1550 1975 1689 2010 iumen-

189 2025 302 2064 taque
325 2018 509 2053 innumera
531 2019 631 2054 dedit
655 2021 701 2055 ad
727 2032 801 2055 eam
822 2033 911 2056 rem.
958 2026 1062 2068 peste
1085 2028 1201 2057 autem
1225 2034 1266 2057 se
1289 2022 1497 2057 intendente
1517 2021 1692 2068 pleraque

193 2066 371 2100 cadavera
401 2065 439 2099 in
472 2064 556 2100 litus
588 2067 751 2112 proiecta
784 2067 829 2102 ad
865 2072 1003 2103 sextum
1028 2069 1122 2103 diem
1143 2069 1323 2103 inhumata
1352 2069 1557 2114 iacuerunt,
1595 2070 1691 2114 quod

193 2111 272 2148 vivi
292 2110 339 2146 iis
363 2110 578 2159 sepeliendis
600 2124 671 2147 non
691 2114 912 2160 sufficerent,
936 2126 1053 2161 neque
1076 2127 1186 2150 naves
1208 2115 1254 2151 iis
1274 2115 1561 2150 transvehendis.
1608 2127 1692 2150 sae-

192 2157 264 2192 viit
293 2157 356 2192 illa
384 2158 499 2203 pestis
531 2170 669 2194 menses
701 2161 789 2196 duos
824 2160 950 2196 Iulium
975 2167 1012 2196 et
1035 2162 1244 2208 Augustum.
1292 2163 1437 2197 fuerunt
1466 2162 1572 2198 etiam
1594 2162 1691 2198 toni-

193 2209 276 2240 trua
299 2209 336 2240 et
359 2204 502 2251 fulgura
523 2205 700 2242 terribilia
723 2206 927 2253 admodum,
953 2208 1082 2254 quibus
1106 2208 1207 2244 multi
1227 2209 1505 2254 conflagrarunt.

287 2272 390 2308 Anno
413 2274 458 2310 31
481 2286 620 2310 rursum
643 2274 719 2310 lues
742 2275 859 2311 letalis
881 2281 1044 2322 grassata
1063 2280 1140 2323 est,
1165 2276 1316 2312 maxime
1338 2278 1375 2312 in
1399 2289 1551 2324 pueroS‚
1576 2278 1692 2314 bubo-

195 2319 299 2355 nibus
324 2331 386 2355 eos
413 2332 558 2357 necans.
607 2321 752 2357 duravit
775 2334 913 2359 menses
934 2323 973 2368 4,
1010 2335 1126 2369 neque
1148 2324 1316 2359 minorem
1343 2335 1448 2370 quam
1471 2324 1571 2370 prior
1597 2330 1692 2360 stra-

195 2377 276 2411 gem
309 2365 347 2401 in
380 2368 469 2402 urbe
501 2373 539 2403 et
569 2369 715 2403 remotis
749 2369 855 2404 etiam
890 2370 979 2405 locis
1014 2371 1140 2405 edidit.
1187 2370 1385 2405 Antiochea
1411 2382 1549 2406 rursum
1573 2375 1695 2408 terrae

195 2417 295 2448 motu
327 2417 383 2448 est
415 2425 599 2450 concussa.
648 2415 828 2461 aliquanto
862 2423 947 2462 post
980 2417 1158 2452 stellarum
1193 2416 1374 2452 discursus
1398 2418 1469 2453 fuit
1492 2429 1514 2452 a
1539 2429 1693 2463 vespera

195 2469 311 2504 usque
345 2460 391 2495 ad
423 2472 606 2506 auroram,
643 2462 696 2497 ita
728 2467 767 2496 ut
799 2473 919 2498 ornnes
952 2463 1138 2509 perterriti
1169 2463 1331 2498 dicerent
1364 2464 1484 2499 stellas
1510 2464 1692 2500 decidere.

195 2505 342 2540 fuerunt
364 2506 470 2541 etiam
493 2507 624 2553 passim
655 2508 694 2542 in
724 2509 854 2543 mundo
886 2510 1009 2556 populi
1040 2509 1237 2545 seditiones
1269 2509 1398 2545 caedes
1432 2510 1523 2546 bella
1555 2512 1690 2546 morbi-

197 2561 269 2596 que
298 2556 337 2586 et
365 2558 496 2588 mortes
529 2553 689 2589 homines
717 2566 788 2590 non
821 2556 1002 2591 faciebant
1031 2556 1172 2591 missos.
1221 2555 1440 2592 Antiocheae
1465 2562 1550 2603 post
1570 2563 1691 2592 terrae

196 2602 327 2678 inottum
350 2599 484 2682 stridotr
508 2600 597 2636 caeli
618 2601 816 2637 horrendus
842 2614 951 2650 supra
975 2603 1113 2639 modum
1141 2602 1299 2649 exstitit,
1334 2603 1435 2639 cuius
1464 2610 1560 2640 metu
1589 2603 1691 2640 multi

199 2654 264 2678 exs
283 2651 370 2679 men
392 2657 458 2681 sun
477 2670 488 2682 .

294 2711 397 2749 Anno
419 2714 465 2750 32
487 2715 593 2752 trulla
615 2717 733 2763 magni
755 2717 879 2764 templi
908 2718 1172 2755 continentibus
1201 2720 1318 2754 terrae
1341 2719 1495 2755 motibus
1519 2724 1692 2767 perrupta

201 2757 376 2804 concidit,
409 2765 446 2795 et
468 2774 551 2807 pars
576 2763 758 2799 orientalis
780 2764 928 2800 fornicis
949 2771 1093 2801 sanctae
1116 2777 1220 2809 arae,
1254 2766 1494 2812 contrivitque
1519 2767 1691 2802 ciborium

203 2807 241 2838 et
270 2815 405 2858 sacram
436 2818 593 2845 mensam
625 2815 662 2846 et
691 2817 907 2856 suggestum.
967 2812 1005 2847 id
1038 2812 1163 2847 videns
1194 2812 1387 2857 imperator
1409 2814 1478 2849 alia
1503 2813 1692 2859 pinnacula

201 2855 338 2899 erexit,
369 2852 498 2899 quibus
519 2856 659 2894 trullam
682 2858 880 2905 exciperete
913 2858 1036 2906 itaque
1058 2859 1257 2896 instaurata
1279 2864 1357 2905 est,
1380 2860 1428 2896 20
1449 2861 1562 2907 pedes
1584 2859 1691 2896 altior
