<?xml version="1.0" encoding="UTF-8"?>
<!DOCTYPE html PUBLIC "-//W3C//DTD XHTML 1.0 Transitional//EN"
    "http://www.w3.org/TR/xhtml1/DTD/xhtml1-transitional.dtd">
<html xmlns="http://www.w3.org/1999/xhtml" xml:lang="en" lang="en">
 <head>
  <title>
</title>
<meta http-equiv="Content-Type" content="text/html;charset=utf-8" />
  <meta name='ocr-system' content='tesseract 3.04.00' />
  <meta name='ocr-capabilities' content='ocr_page ocr_carea ocr_par ocr_line ocrx_word'/>
</head>
<body>
  <div class='ocr_page' id='page_1' title='image "./corpusscriptorum13niebuoft_0126.png"; bbox 0 0 1742 3184; ppageno 0'>
   <div class='ocr_carea' id='block_1_1' title="bbox 194 178 1193 266">
    <p class='ocr_par' dir='ltr' id='par_1_1' title="bbox 194 178 1193 266">
     <span class='ocr_line' id='line_1_1' title="bbox 194 178 1193 266; baseline -0.012 0"><span class='ocrx_word' id='word_1_1' title='bbox 194 218 292 266; x_wconf 76' lang='lat'>102</span> <span class='ocrx_word' id='word_1_2' title='bbox 337 251 344 262; x_wconf 60' lang='lat'><em>1</em></span> <span class='ocrx_word' id='word_1_3' title='bbox 580 178 585 206; x_wconf 21' lang='lat' dir='ltr'>j</span> <span class='ocrx_word' id='word_1_4' title='bbox 671 212 912 261; x_wconf 85' lang='lat' dir='ltr'>GEORGII</span> <span class='ocrx_word' id='word_1_5' title='bbox 945 210 1193 257; x_wconf 83' lang='lat' dir='ltr'>GEDRENI</span> 
     </span>
    </p>
   </div>
   <div class='ocr_carea' id='block_1_2' title="bbox 138 326 1742 1924">
    <p class='ocr_par' dir='ltr' id='par_1_2' title="bbox 189 326 1484 599">
     <span class='ocr_line' id='line_1_2' title="bbox 328 326 1214 389; baseline -0.008 -13"><span class='ocrx_word' id='word_1_6' title='bbox 328 331 436 389; x_wconf 81' lang='grc' dir='ltr'><strong><em>ἠέλιε</em></strong></span> <span class='ocrx_word' id='word_1_7' title='bbox 455 330 690 388; x_wconf 68' lang='grc' dir='ltr'><strong><em>χρυσέοισιν</em></strong></span> <span class='ocrx_word' id='word_1_8' title='bbox 711 327 917 388; x_wconf 85' lang='grc' dir='ltr'><strong><em>ἀειρόμενε</em></strong></span> <span class='ocrx_word' id='word_1_9' title='bbox 939 326 1214 385; x_wconf 79' lang='grc' dir='ltr'><strong><em>πτερύγεσσιν.</em></strong></span> 
     </span>
     <span class='ocr_line' id='line_1_3' title="bbox 189 397 1164 459; baseline -0.008 -13"><span class='ocrx_word' id='word_1_10' title='bbox 189 402 277 458; x_wconf 74' lang='grc' dir='ltr'><strong><em>ἥλιε</em></strong></span> <span class='ocrx_word' id='word_1_11' title='bbox 301 404 455 458; x_wconf 87' lang='grc' dir='ltr'><strong><em>τιμιάις</em></strong></span> <span class='ocrx_word' id='word_1_12' title='bbox 476 404 533 452; x_wconf 84' lang='grc' dir='ltr'>εἰς</span> <span class='ocrx_word' id='word_1_13' title='bbox 553 400 622 444; x_wconf 83' lang='grc' dir='ltr'>τὸν</span> <span class='ocrx_word' id='word_1_14' title='bbox 642 400 746 459; x_wconf 80' lang='grc' dir='ltr'><strong><em>ἀέρα</em></strong></span> <span class='ocrx_word' id='word_1_15' title='bbox 764 397 971 455; x_wconf 78' lang='grc' dir='ltr'><strong><em>ὓψούμενε</em></strong></span> <span class='ocrx_word' id='word_1_16' title='bbox 986 398 1164 454; x_wconf 81' lang='grc' dir='ltr'><strong><em>πτέρυξι.</em></strong></span> 
     </span>
     <span class='ocr_line' id='line_1_4' title="bbox 331 461 1311 527; baseline -0.01 -11"><span class='ocrx_word' id='word_1_17' title='bbox 331 470 564 527; x_wconf 75' lang='grc' dir='ltr'><em>δωδεκάτην</em></span> <span class='ocrx_word' id='word_1_18' title='bbox 583 469 635 526; x_wconf 77' lang='grc' dir='ltr'>δὴ</span> <span class='ocrx_word' id='word_1_19' title='bbox 653 469 772 525; x_wconf 78' lang='grc' dir='ltr'><strong><em>τήνδε</em></strong></span> <span class='ocrx_word' id='word_1_20' title='bbox 792 470 886 525; x_wconf 86' lang='grc' dir='ltr'><strong><em>περί</em></strong></span> <span class='ocrx_word' id='word_1_21' title='bbox 902 485 975 511; x_wconf 91' lang='grc' dir='ltr'>σου</span> <span class='ocrx_word' id='word_1_22' title='bbox 998 467 1140 510; x_wconf 65' lang='grc' dir='ltr'><strong><em>ἔκλυον</em></strong></span> <span class='ocrx_word' id='word_1_23' title='bbox 1157 461 1311 523; x_wconf 80' lang='grc' dir='ltr'><strong><em>ὀμφήν,</em></strong></span> 
     </span>
     <span class='ocr_line' id='line_1_5' title="bbox 329 533 1484 599; baseline -0.01 -14"><span class='ocrx_word' id='word_1_24' title='bbox 329 549 413 586; x_wconf 80' lang='grc' dir='ltr'><strong><em>σεῖο</em></strong></span> <span class='ocrx_word' id='word_1_25' title='bbox 439 541 637 599; x_wconf 83' lang='grc' dir='ltr'><strong><em>φαμένου.</em></strong></span> <span class='ocrx_word' id='word_1_26' title='bbox 673 541 717 584; x_wconf 82' lang='grc' dir='ltr'>σὲ</span> <span class='ocrx_word' id='word_1_27' title='bbox 737 539 779 582; x_wconf 74' lang='lat'>‹5&#39;</span> <span class='ocrx_word' id='word_1_28' title='bbox 803 538 926 586; x_wconf 75' lang='grc' dir='ltr'><strong><em>αὐτὸν</em></strong></span> <span class='ocrx_word' id='word_1_29' title='bbox 947 535 1115 592; x_wconf 71' lang='grc' dir='ltr'><strong><em>ἓκηβόλε</em></strong></span> <span class='ocrx_word' id='word_1_30' title='bbox 1137 534 1329 593; x_wconf 82' lang='grc' dir='ltr'><strong><em>μάρτυρα</em></strong></span> <span class='ocrx_word' id='word_1_31' title='bbox 1350 533 1484 588; x_wconf 86' lang='grc' dir='ltr'><strong><em>θείην.</em></strong></span> 
     </span>
    </p>

    <p class='ocr_par' dir='ltr' id='par_1_3' title="bbox 138 597 1742 1366">
     <span class='ocr_line' id='line_1_6' title="bbox 138 597 1708 666; baseline -0.007 -9"><span class='ocrx_word' id='word_1_32' title='bbox 138 623 170 659; x_wconf 88' lang='lat' dir='ltr'>c</span> <span class='ocrx_word' id='word_1_33' title='bbox 192 614 262 662; x_wconf 66' lang='grc' dir='ltr'><strong><em>,καὶ</em></strong></span> <span class='ocrx_word' id='word_1_34' title='bbox 285 611 435 663; x_wconf 78' lang='grc' dir='ltr'><strong><em>ἄλλους</em></strong></span> <span class='ocrx_word' id='word_1_35' title='bbox 457 612 500 654; x_wconf 77' lang='grc' dir='ltr'>δὲ</span> <span class='ocrx_word' id='word_1_36' title='bbox 523 609 699 661; x_wconf 79' lang='grc' dir='ltr'><strong><em>πολλοὺς</em></strong></span> <span class='ocrx_word' id='word_1_37' title='bbox 718 610 808 666; x_wconf 85' lang='grc' dir='ltr'><strong><em>περὶ</em></strong></span> <span class='ocrx_word' id='word_1_38' title='bbox 826 599 983 652; x_wconf 83' lang='grc' dir='ltr'><strong><em>τούτων</em></strong></span> <span class='ocrx_word' id='word_1_39' title='bbox 1003 605 1084 650; x_wconf 79' lang='grc' dir='ltr'><strong><em>εἶπε</em></strong></span> <span class='ocrx_word' id='word_1_40' title='bbox 1108 607 1271 661; x_wconf 83' lang='grc' dir='ltr'><strong><em>στίχους</em></strong></span> <span class='ocrx_word' id='word_1_41' title='bbox 1297 601 1318 647; x_wconf 83' lang='grc' dir='ltr'><strong>ὅ</strong></span> <span class='ocrx_word' id='word_1_42' title='bbox 1342 602 1466 653; x_wconf 77' lang='grc' dir='ltr'><strong><em>αὐτὸς</em></strong></span> <span class='ocrx_word' id='word_1_43' title='bbox 1481 597 1708 659; x_wconf 80' lang='grc' dir='ltr'><strong><em>Ὀρφεύς.5</em></strong></span> 
     </span>
     <span class='ocr_line' id='line_1_7' title="bbox 193 669 1678 740; baseline -0.009 -14"><span class='ocrx_word' id='word_1_44' title='bbox 193 682 346 740; x_wconf 70' lang='grc' dir='ltr'><strong><em>ἔφρασε</em></strong></span> <span class='ocrx_word' id='word_1_45' title='bbox 366 682 410 725; x_wconf 74' lang='grc' dir='ltr'>δὲ</span> <span class='ocrx_word' id='word_1_46' title='bbox 434 682 476 724; x_wconf 77' lang='grc' dir='ltr'>ἐκ</span> <span class='ocrx_word' id='word_1_47' title='bbox 498 685 579 723; x_wconf 82' lang='grc' dir='ltr'>τῶν</span> <span class='ocrx_word' id='word_1_48' title='bbox 599 679 899 738; x_wconf 74' lang='grc' dir='ltr'><strong><em>προειρημένων</em></strong></span> <span class='ocrx_word' id='word_1_49' title='bbox 920 678 1069 733; x_wconf 83' lang='grc' dir='ltr'><strong><em>στίχων</em></strong></span> <span class='ocrx_word' id='word_1_50' title='bbox 1087 675 1149 719; x_wconf 81' lang='grc' dir='ltr'>ὅτι</span> <span class='ocrx_word' id='word_1_51' title='bbox 1173 673 1229 726; x_wconf 80' lang='grc' dir='ltr'><strong><em>ὡς</em></strong></span> <span class='ocrx_word' id='word_1_52' title='bbox 1251 675 1294 717; x_wconf 77' lang='grc' dir='ltr'>ἐκ</span> <span class='ocrx_word' id='word_1_53' title='bbox 1317 677 1391 729; x_wconf 81' lang='grc' dir='ltr'>τῆς</span> <span class='ocrx_word' id='word_1_54' title='bbox 1413 673 1532 728; x_wconf 73' lang='grc' dir='ltr'><strong><em>εὐχῆς</em></strong></span> <span class='ocrx_word' id='word_1_55' title='bbox 1553 669 1678 714; x_wconf 84' lang='grc' dir='ltr'><strong><em>ἀκού-</em></strong></span> 
     </span>
     <span class='ocr_line' id='line_1_8' title="bbox 193 743 1679 810; baseline -0.009 -14"><span class='ocrx_word' id='word_1_56' title='bbox 193 770 270 803; x_wconf 88' lang='grc' dir='ltr'>σας</span> <span class='ocrx_word' id='word_1_57' title='bbox 288 753 377 810; x_wconf 81' lang='grc' dir='ltr'><strong><em>περὶ</em></strong></span> <span class='ocrx_word' id='word_1_58' title='bbox 399 752 612 806; x_wconf 76' lang='grc' dir='ltr'><strong><em>θεογονίας</em></strong></span> <span class='ocrx_word' id='word_1_59' title='bbox 632 751 698 792; x_wconf 83' lang='grc' dir='ltr'>καὶ</span> <span class='ocrx_word' id='word_1_60' title='bbox 719 750 886 799; x_wconf 77' lang='grc' dir='ltr'><strong><em>κτίσεως</em></strong></span> <span class='ocrx_word' id='word_1_61' title='bbox 905 745 1062 802; x_wconf 86' lang='grc' dir='ltr'><strong><em>κόσμου</em></strong></span> <span class='ocrx_word' id='word_1_62' title='bbox 1081 743 1384 802; x_wconf 81' lang='grc' dir='ltr'><strong><em>συνεγράψατο.</em></strong></span> <span class='ocrx_word' id='word_1_63' title='bbox 1419 743 1679 799; x_wconf 75' lang='grc' dir='ltr'><strong><em>παρείθησαν</em></strong></span> 
     </span>
     <span class='ocr_line' id='line_1_9' title="bbox 193 810 1679 875; baseline -0.007 -10"><span class='ocrx_word' id='word_1_64' title='bbox 193 823 239 866; x_wconf 78' lang='grc' dir='ltr'>δὲ</span> <span class='ocrx_word' id='word_1_65' title='bbox 271 822 339 865; x_wconf 76' lang='grc' dir='ltr'>διὰ</span> <span class='ocrx_word' id='word_1_66' title='bbox 369 821 415 864; x_wconf 84' lang='grc' dir='ltr'><strong><em>τὸ</em></strong></span> <span class='ocrx_word' id='word_1_67' title='bbox 441 824 615 875; x_wconf 79' lang='grc' dir='ltr'><strong><em>πλῆθος.</em></strong></span> <span class='ocrx_word' id='word_1_68' title='bbox 686 819 788 874; x_wconf 79' lang='grc' dir='ltr'><strong><em>λέγει</em></strong></span> <span class='ocrx_word' id='word_1_69' title='bbox 811 819 856 861; x_wconf 78' lang='grc' dir='ltr'>δὲ</span> <span class='ocrx_word' id='word_1_70' title='bbox 876 818 978 874; x_wconf 84' lang='grc' dir='ltr'><strong><em>πρὸς</em></strong></span> <span class='ocrx_word' id='word_1_71' title='bbox 998 824 1083 867; x_wconf 80' lang='grc' dir='ltr'><strong><em>τοῖς</em></strong></span> <span class='ocrx_word' id='word_1_72' title='bbox 1103 815 1241 866; x_wconf 80' lang='grc' dir='ltr'><strong><em>ἄλλοις</em></strong></span> <span class='ocrx_word' id='word_1_73' title='bbox 1259 816 1327 858; x_wconf 84' lang='grc' dir='ltr'>καὶ</span> <span class='ocrx_word' id='word_1_74' title='bbox 1348 817 1502 864; x_wconf 79' lang='grc' dir='ltr'><strong><em>ταῦτα,</em></strong></span> <span class='ocrx_word' id='word_1_75' title='bbox 1551 810 1614 854; x_wconf 82' lang='grc' dir='ltr'>ὅτι</span> <span class='ocrx_word' id='word_1_76' title='bbox 1636 812 1679 862; x_wconf 75' lang='grc' dir='ltr'>ἐξ</span> 
     </span>
     <span class='ocr_line' id='line_1_10' title="bbox 193 882 1679 950; baseline -0.009 -13"><span class='ocrx_word' id='word_1_77' title='bbox 193 891 325 950; x_wconf 79' lang='grc' dir='ltr'><strong><em>ἀρχῆς</em></strong></span> <span class='ocrx_word' id='word_1_78' title='bbox 349 891 564 945; x_wconf 76' lang='grc' dir='ltr'><strong><em>ἀνεδείχθη</em></strong></span> <span class='ocrx_word' id='word_1_79' title='bbox 586 892 645 946; x_wconf 76' lang='grc' dir='ltr'><strong><em>τῷ</em></strong></span> <span class='ocrx_word' id='word_1_80' title='bbox 665 887 807 947; x_wconf 77' lang='grc' dir='ltr'><strong><em>κόσμῳ</em></strong></span> <span class='ocrx_word' id='word_1_81' title='bbox 829 885 851 930; x_wconf 79' lang='grc' dir='ltr'><strong>ὅ</strong></span> <span class='ocrx_word' id='word_1_82' title='bbox 873 887 1003 943; x_wconf 82' lang='grc' dir='ltr'><strong><em>αἰθὴρ</em></strong></span> <span class='ocrx_word' id='word_1_83' title='bbox 1023 884 1104 929; x_wconf 71' lang='grc' dir='ltr'>ὑπὸ</span> <span class='ocrx_word' id='word_1_84' title='bbox 1124 891 1197 929; x_wconf 83' lang='grc' dir='ltr'><strong><em>τοῦ</em></strong></span> <span class='ocrx_word' id='word_1_85' title='bbox 1216 888 1321 928; x_wconf 77' lang='grc' dir='ltr'><strong><em>θεοῦ</em></strong></span> <span class='ocrx_word' id='word_1_86' title='bbox 1344 882 1679 939; x_wconf 80' lang='grc' dir='ltr'><strong><em>δημιουργηθείς,</em></strong></span> 
     </span>
     <span class='ocr_line' id='line_1_11' title="bbox 191 949 1742 1013; baseline -0.008 -9"><span class='ocrx_word' id='word_1_87' title='bbox 191 961 380 1004; x_wconf 74' lang='grc' dir='ltr'><strong><em>ἐντεῦθεν</em></strong></span> <span class='ocrx_word' id='word_1_88' title='bbox 413 960 457 1003; x_wconf 79' lang='grc' dir='ltr'>δὲ</span> <span class='ocrx_word' id='word_1_89' title='bbox 487 961 555 1002; x_wconf 85' lang='grc' dir='ltr'>καὶ</span> <span class='ocrx_word' id='word_1_90' title='bbox 588 960 775 1002; x_wconf 73' lang='grc' dir='ltr'><strong><em>ἐντεῦθεν</em></strong></span> <span class='ocrx_word' id='word_1_91' title='bbox 808 961 883 1001; x_wconf 80' lang='grc' dir='ltr'><strong><em>τοῦ</em></strong></span> <span class='ocrx_word' id='word_1_92' title='bbox 914 958 1085 1013; x_wconf 82' lang='grc' dir='ltr'><strong><em>αἰθέρος</em></strong></span> <span class='ocrx_word' id='word_1_93' title='bbox 1111 951 1162 1012; x_wconf 75' lang='grc' dir='ltr'><strong><em>ἦν</em></strong></span> <span class='ocrx_word' id='word_1_94' title='bbox 1189 953 1294 1010; x_wconf 84' lang='grc' dir='ltr'><strong><em>χάος</em></strong></span> <span class='ocrx_word' id='word_1_95' title='bbox 1314 955 1382 999; x_wconf 80' lang='grc' dir='ltr'>καὶ</span> <span class='ocrx_word' id='word_1_96' title='bbox 1414 953 1486 1004; x_wconf 81' lang='grc' dir='ltr'><strong><em>νὺξ</em></strong></span> <span class='ocrx_word' id='word_1_97' title='bbox 1510 949 1677 1010; x_wconf 76' lang='grc' dir='ltr'><strong><em>ζοφερά,</em></strong></span> <span class='ocrx_word' id='word_1_98' title='bbox 1693 956 1742 992; x_wconf 72' lang='lat' dir='ltr'>10v</span> 
     </span>
     <span class='ocr_line' id='line_1_12' title="bbox 191 1021 1682 1084; baseline -0.007 -10"><span class='ocrx_word' id='word_1_99' title='bbox 191 1028 325 1075; x_wconf 79' lang='grc' dir='ltr'><strong><em>πάντα</em></strong></span> <span class='ocrx_word' id='word_1_100' title='bbox 350 1031 391 1073; x_wconf 72' lang='grc' dir='ltr'>δ’</span> <span class='ocrx_word' id='word_1_101' title='bbox 415 1028 615 1073; x_wconf 73' lang='grc' dir='ltr'><strong><em>ἐκάλυπτε</em></strong></span> <span class='ocrx_word' id='word_1_102' title='bbox 640 1028 692 1071; x_wconf 83' lang='grc' dir='ltr'><strong><em>τὰ</em></strong></span> <span class='ocrx_word' id='word_1_103' title='bbox 710 1026 790 1072; x_wconf 69' lang='grc' dir='ltr'>ὑπὸ</span> <span class='ocrx_word' id='word_1_104' title='bbox 814 1028 885 1071; x_wconf 85' lang='grc' dir='ltr'>τὸν</span> <span class='ocrx_word' id='word_1_105' title='bbox 905 1028 1072 1084; x_wconf 86' lang='grc' dir='ltr'><strong><em>αἰθέρα,</em></strong></span> <span class='ocrx_word' id='word_1_106' title='bbox 1109 1027 1319 1081; x_wconf 85' lang='grc' dir='ltr'><strong><em>σημαίνων</em></strong></span> <span class='ocrx_word' id='word_1_107' title='bbox 1340 1023 1413 1079; x_wconf 82' lang='grc' dir='ltr'>τὴν</span> <span class='ocrx_word' id='word_1_108' title='bbox 1430 1021 1556 1066; x_wconf 87' lang='grc' dir='ltr'><strong><em>νύκτα</em></strong></span> <span class='ocrx_word' id='word_1_109' title='bbox 1579 1037 1682 1079; x_wconf 86' lang='grc' dir='ltr'><strong><em>προ-</em></strong></span> 
     </span>
     <span class='ocr_line' id='line_1_13' title="bbox 191 1090 1683 1157; baseline -0.007 -13"><span class='ocrx_word' id='word_1_110' title='bbox 191 1098 380 1156; x_wconf 84' lang='grc' dir='ltr'><strong><em>τερεύειν,</em></strong></span> <span class='ocrx_word' id='word_1_111' title='bbox 408 1099 578 1157; x_wconf 76' lang='grc' dir='ltr'><strong><em>εἰρηκὼς</em></strong></span> <span class='ocrx_word' id='word_1_112' title='bbox 597 1100 640 1142; x_wconf 77' lang='grc' dir='ltr'><strong><em>ἐν</em></strong></span> <span class='ocrx_word' id='word_1_113' title='bbox 662 1103 713 1156; x_wconf 84' lang='grc' dir='ltr'><strong><em>τῇ</em></strong></span> <span class='ocrx_word' id='word_1_114' title='bbox 737 1098 864 1141; x_wconf 56' lang='lat' dir='ltr'>adzo&amp;</span> <span class='ocrx_word' id='word_1_115' title='bbox 887 1098 1047 1141; x_wconf 73' lang='grc' dir='ltr'><strong><em>ἐκθέσει</em></strong></span> <span class='ocrx_word' id='word_1_116' title='bbox 1068 1091 1355 1150; x_wconf 78' lang='grc' dir='ltr'><strong><em>ἄκατάληπτόν</em></strong></span> <span class='ocrx_word' id='word_1_117' title='bbox 1377 1110 1467 1136; x_wconf 90' lang='grc' dir='ltr'><strong><em>τινα</em></strong></span> <span class='ocrx_word' id='word_1_118' title='bbox 1489 1093 1556 1135; x_wconf 83' lang='grc' dir='ltr'>καὶ</span> <span class='ocrx_word' id='word_1_119' title='bbox 1577 1090 1683 1134; x_wconf 79' lang='grc' dir='ltr'><strong><em>πάν-</em></strong></span> 
     </span>
     <span class='ocr_line' id='line_1_14' title="bbox 194 1160 1684 1227; baseline -0.007 -13"><span class='ocrx_word' id='word_1_120' title='bbox 194 1187 275 1214; x_wconf 86' lang='grc' dir='ltr'>των</span> <span class='ocrx_word' id='word_1_121' title='bbox 296 1169 522 1227; x_wconf 71' lang='grc' dir='ltr'><strong><em>ὑπέρτατον</em></strong></span> <span class='ocrx_word' id='word_1_122' title='bbox 546 1167 667 1220; x_wconf 75' lang='grc' dir='ltr'><strong><em>εἶναι,</em></strong></span> <span class='ocrx_word' id='word_1_123' title='bbox 703 1165 1015 1227; x_wconf 80' lang='grc' dir='ltr'><strong><em>προγενέστερόν</em></strong></span> <span class='ocrx_word' id='word_1_124' title='bbox 1037 1184 1079 1211; x_wconf 89' lang='grc' dir='ltr'>τε</span> <span class='ocrx_word' id='word_1_125' title='bbox 1103 1167 1170 1209; x_wconf 83' lang='grc' dir='ltr'>καὶ</span> <span class='ocrx_word' id='word_1_126' title='bbox 1195 1162 1445 1221; x_wconf 81' lang='grc' dir='ltr'><strong><em>δημιουργὸν</em></strong></span> <span class='ocrx_word' id='word_1_127' title='bbox 1478 1160 1684 1214; x_wconf 77' lang='grc' dir='ltr'><strong><em>ἁπάντων,</em></strong></span> 
     </span>
     <span class='ocr_line' id='line_1_15' title="bbox 194 1232 1685 1295; baseline -0.006 -12"><span class='ocrx_word' id='word_1_128' title='bbox 194 1242 262 1283; x_wconf 81' lang='grc' dir='ltr'>καὶ</span> <span class='ocrx_word' id='word_1_129' title='bbox 295 1239 422 1283; x_wconf 81' lang='grc' dir='ltr'><strong><em>αὐτοῦ</em></strong></span> <span class='ocrx_word' id='word_1_130' title='bbox 453 1243 525 1283; x_wconf 78' lang='grc' dir='ltr'><strong><em>τοῦ</em></strong></span> <span class='ocrx_word' id='word_1_131' title='bbox 562 1239 732 1295; x_wconf 86' lang='grc' dir='ltr'><strong><em>αἰθέρος</em></strong></span> <span class='ocrx_word' id='word_1_132' title='bbox 763 1239 832 1281; x_wconf 82' lang='grc' dir='ltr'>καὶ</span> <span class='ocrx_word' id='word_1_133' title='bbox 862 1236 1026 1281; x_wconf 82' lang='grc' dir='ltr'><strong><em>πάντων</em></strong></span> <span class='ocrx_word' id='word_1_134' title='bbox 1059 1240 1140 1281; x_wconf 82' lang='grc' dir='ltr'>τῶν</span> <span class='ocrx_word' id='word_1_135' title='bbox 1166 1234 1241 1279; x_wconf 69' lang='grc' dir='ltr'>ὑπ’</span> <span class='ocrx_word' id='word_1_136' title='bbox 1278 1234 1402 1277; x_wconf 74' lang='grc' dir='ltr'><strong><em>αὐτὸν</em></strong></span> <span class='ocrx_word' id='word_1_137' title='bbox 1424 1233 1494 1276; x_wconf 81' lang='grc' dir='ltr'>τὸν</span> <span class='ocrx_word' id='word_1_138' title='bbox 1517 1232 1685 1289; x_wconf 84' lang='grc' dir='ltr'><strong><em>αἰθέρα.</em></strong></span> 
     </span>
     <span class='ocr_line' id='line_1_16' title="bbox 193 1300 1742 1366; baseline -0.006 -14"><span class='ocrx_word' id='word_1_139' title='bbox 193 1309 268 1365; x_wconf 80' lang='grc' dir='ltr'>τὴν</span> <span class='ocrx_word' id='word_1_140' title='bbox 292 1311 335 1352; x_wconf 74' lang='grc' dir='ltr'>δὲ</span> <span class='ocrx_word' id='word_1_141' title='bbox 356 1314 432 1366; x_wconf 76' lang='grc' dir='ltr'><strong><em>γῆν</em></strong></span> <span class='ocrx_word' id='word_1_142' title='bbox 453 1308 559 1352; x_wconf 77' lang='grc' dir='ltr'><strong><em>εἶπεν</em></strong></span> <span class='ocrx_word' id='word_1_143' title='bbox 577 1307 657 1351; x_wconf 76' lang='grc' dir='ltr'>ὑπὸ</span> <span class='ocrx_word' id='word_1_144' title='bbox 681 1311 756 1351; x_wconf 82' lang='grc' dir='ltr'><strong><em>τοῦ</em></strong></span> <span class='ocrx_word' id='word_1_145' title='bbox 778 1306 949 1358; x_wconf 87' lang='grc' dir='ltr'><strong><em>σκότους</em></strong></span> <span class='ocrx_word' id='word_1_146' title='bbox 972 1305 1149 1363; x_wconf 80' lang='grc' dir='ltr'><strong><em>ἀόρατον</em></strong></span> <span class='ocrx_word' id='word_1_147' title='bbox 1170 1300 1309 1348; x_wconf 78' lang='grc' dir='ltr'><strong><em>οὖσαν.</em></strong></span> <span class='ocrx_word' id='word_1_148' title='bbox 1380 1303 1535 1361; x_wconf 63' lang='grc' dir='ltr'><strong><em>ἔφρασε</em></strong></span> <span class='ocrx_word' id='word_1_149' title='bbox 1557 1303 1600 1344; x_wconf 78' lang='grc' dir='ltr'>δὲ</span> <span class='ocrx_word' id='word_1_150' title='bbox 1621 1300 1683 1344; x_wconf 82' lang='grc' dir='ltr'>ὅτι</span> <span class='ocrx_word' id='word_1_151' title='bbox 1697 1304 1742 1341; x_wconf 84' lang='grc'>15</span> 
     </span>
    </p>

    <p class='ocr_par' dir='ltr' id='par_1_4' title="bbox 142 1372 1742 1924">
     <span class='ocr_line' id='line_1_17' title="bbox 142 1372 1685 1437; baseline -0.006 -13"><span class='ocrx_word' id='word_1_152' title='bbox 142 1389 174 1424; x_wconf 93' lang='lat' dir='ltr'><em>D</em></span> <span class='ocrx_word' id='word_1_153' title='bbox 198 1379 245 1423; x_wconf 78' lang='grc' dir='ltr'><strong><em>τὸ</em></strong></span> <span class='ocrx_word' id='word_1_154' title='bbox 272 1385 361 1437; x_wconf 81' lang='grc' dir='ltr'><strong><em>φῶς</em></strong></span> <span class='ocrx_word' id='word_1_155' title='bbox 381 1379 508 1435; x_wconf 79' lang='grc' dir='ltr'><strong><em>ῥῆξαν</em></strong></span> <span class='ocrx_word' id='word_1_156' title='bbox 527 1378 597 1421; x_wconf 87' lang='grc' dir='ltr'>τὸν</span> <span class='ocrx_word' id='word_1_157' title='bbox 618 1378 769 1435; x_wconf 80' lang='grc' dir='ltr'><strong><em>αἰθέρα</em></strong></span> <span class='ocrx_word' id='word_1_158' title='bbox 789 1376 962 1435; x_wconf 77' lang='grc' dir='ltr'><strong><em>ἐφώτισε</em></strong></span> <span class='ocrx_word' id='word_1_159' title='bbox 985 1382 1122 1420; x_wconf 83' lang='grc' dir='ltr'><strong><em>πᾶσαν</em></strong></span> <span class='ocrx_word' id='word_1_160' title='bbox 1145 1375 1219 1431; x_wconf 80' lang='grc' dir='ltr'>τὴν</span> <span class='ocrx_word' id='word_1_161' title='bbox 1240 1376 1382 1425; x_wconf 83' lang='grc' dir='ltr'><strong><em>κτίσιν,</em></strong></span> <span class='ocrx_word' id='word_1_162' title='bbox 1415 1372 1537 1416; x_wconf 77' lang='grc' dir='ltr'><strong><em>εἰπὼν</em></strong></span> <span class='ocrx_word' id='word_1_163' title='bbox 1562 1374 1685 1421; x_wconf 73' lang='grc' dir='ltr'><strong><em>ἐκεῖνο</em></strong></span> 
     </span>
     <span class='ocr_line' id='line_1_18' title="bbox 196 1441 1688 1506; baseline -0.005 -14"><span class='ocrx_word' id='word_1_164' title='bbox 196 1448 295 1492; x_wconf 77' lang='grc' dir='ltr'><strong><em>εἶναι</em></strong></span> <span class='ocrx_word' id='word_1_165' title='bbox 324 1449 370 1492; x_wconf 86' lang='grc' dir='ltr'><strong><em>τὸ</em></strong></span> <span class='ocrx_word' id='word_1_166' title='bbox 406 1454 495 1506; x_wconf 82' lang='grc' dir='ltr'><strong><em>φῶς</em></strong></span> <span class='ocrx_word' id='word_1_167' title='bbox 525 1448 569 1490; x_wconf 87' lang='grc' dir='ltr'><strong><em>τὸ</em></strong></span> <span class='ocrx_word' id='word_1_168' title='bbox 593 1447 720 1506; x_wconf 76' lang='grc' dir='ltr'><strong><em>ῥῆξαν</em></strong></span> <span class='ocrx_word' id='word_1_169' title='bbox 741 1447 811 1490; x_wconf 84' lang='grc' dir='ltr'>τὸν</span> <span class='ocrx_word' id='word_1_170' title='bbox 834 1448 987 1504; x_wconf 87' lang='grc' dir='ltr'><strong><em>αἰθέρα</em></strong></span> <span class='ocrx_word' id='word_1_171' title='bbox 1011 1446 1055 1490; x_wconf 83' lang='grc' dir='ltr'><strong><em>τὸ</em></strong></span> <span class='ocrx_word' id='word_1_172' title='bbox 1079 1445 1372 1503; x_wconf 83' lang='grc' dir='ltr'><strong><em>προειρημένον</em></strong></span> <span class='ocrx_word' id='word_1_173' title='bbox 1395 1442 1441 1487; x_wconf 85' lang='grc' dir='ltr'><strong><em>τὸ</em></strong></span> <span class='ocrx_word' id='word_1_174' title='bbox 1462 1441 1688 1499; x_wconf 67' lang='grc' dir='ltr'><strong><em>ὑπέρτατον</em></strong></span> 
     </span>
     <span class='ocr_line' id='line_1_19' title="bbox 194 1512 1688 1574; baseline -0.005 -12"><span class='ocrx_word' id='word_1_175' title='bbox 194 1518 370 1562; x_wconf 86' lang='grc' dir='ltr'><strong><em>πάντων.</em></strong></span> <span class='ocrx_word' id='word_1_176' title='bbox 441 1512 490 1561; x_wconf 70' lang='grc' dir='ltr'>οὗ</span> <span class='ocrx_word' id='word_1_177' title='bbox 509 1517 640 1572; x_wconf 82' lang='grc' dir='ltr'><strong><em>ὄνομα</em></strong></span> <span class='ocrx_word' id='word_1_178' title='bbox 662 1515 682 1560; x_wconf 82' lang='grc' dir='ltr'>ὅ</span> <span class='ocrx_word' id='word_1_179' title='bbox 704 1517 828 1568; x_wconf 78' lang='grc' dir='ltr'><strong><em>αὐτὸς</em></strong></span> <span class='ocrx_word' id='word_1_180' title='bbox 853 1516 1033 1574; x_wconf 75' lang='grc' dir='ltr'><strong><em>Ὀρφεὺς</em></strong></span> <span class='ocrx_word' id='word_1_181' title='bbox 1053 1514 1235 1566; x_wconf 79' lang='grc' dir='ltr'><strong><em>ἀκούσας</em></strong></span> <span class='ocrx_word' id='word_1_182' title='bbox 1253 1516 1297 1557; x_wconf 71' lang='grc' dir='ltr'>ἐκ</span> <span class='ocrx_word' id='word_1_183' title='bbox 1318 1518 1391 1568; x_wconf 82' lang='grc' dir='ltr'>τῆς</span> <span class='ocrx_word' id='word_1_184' title='bbox 1407 1514 1602 1568; x_wconf 86' lang='grc' dir='ltr'><strong><em>μαντείας</em></strong></span> <span class='ocrx_word' id='word_1_185' title='bbox 1621 1513 1688 1563; x_wconf 74' lang='grc' dir='ltr'>ἐξ-</span> 
     </span>
     <span class='ocr_line' id='line_1_20' title="bbox 195 1581 1688 1644; baseline -0.005 -13"><span class='ocrx_word' id='word_1_186' title='bbox 195 1595 280 1632; x_wconf 82' lang='grc' dir='ltr'><strong><em>εῖπε</em></strong></span> <span class='ocrx_word' id='word_1_187' title='bbox 303 1593 449 1644; x_wconf 79' lang='grc' dir='ltr'><strong><em>μῆτις,</em></strong></span> <span class='ocrx_word' id='word_1_188' title='bbox 487 1586 584 1644; x_wconf 81' lang='grc' dir='ltr'><strong><em>ὅπερ</em></strong></span> <span class='ocrx_word' id='word_1_189' title='bbox 609 1585 870 1643; x_wconf 70' lang='grc' dir='ltr'><strong><em>ἑρμηνεύεται</em></strong></span> <span class='ocrx_word' id='word_1_190' title='bbox 893 1584 1047 1641; x_wconf 78' lang='grc' dir='ltr'><strong><em>βουλή,</em></strong></span> <span class='ocrx_word' id='word_1_191' title='bbox 1077 1589 1187 1643; x_wconf 80' lang='grc' dir='ltr'><strong><em>φῶς,</em></strong></span> <span class='ocrx_word' id='word_1_192' title='bbox 1225 1581 1446 1640; x_wconf 78' lang='grc' dir='ltr'><strong><em>ζωοὸοτήρ.</em></strong></span> <span class='ocrx_word' id='word_1_193' title='bbox 1517 1581 1624 1625; x_wconf 78' lang='grc' dir='ltr'><strong><em>εἶπεν</em></strong></span> <span class='ocrx_word' id='word_1_194' title='bbox 1645 1584 1688 1625; x_wconf 75' lang='grc' dir='ltr'><strong><em>ἐν</em></strong></span> 
     </span>
     <span class='ocr_line' id='line_1_21' title="bbox 195 1651 1742 1716; baseline -0.005 -15"><span class='ocrx_word' id='word_1_195' title='bbox 195 1663 246 1716; x_wconf 81' lang='grc' dir='ltr'><strong><em>τῇ</em></strong></span> <span class='ocrx_word' id='word_1_196' title='bbox 269 1659 396 1701; x_wconf 76' lang='grc' dir='ltr'><strong><em>αὐτοῦ</em></strong></span> <span class='ocrx_word' id='word_1_197' title='bbox 425 1658 586 1700; x_wconf 73' lang='grc' dir='ltr'><strong><em>ἐκθέσει</em></strong></span> <span class='ocrx_word' id='word_1_198' title='bbox 615 1655 769 1707; x_wconf 87' lang='grc' dir='ltr'><strong><em>ταύτας</em></strong></span> <span class='ocrx_word' id='word_1_199' title='bbox 791 1651 865 1707; x_wconf 79' lang='grc' dir='ltr'>τὰς</span> <span class='ocrx_word' id='word_1_200' title='bbox 885 1663 992 1712; x_wconf 83' lang='grc' dir='ltr'><strong><em>τρεῖς</em></strong></span> <span class='ocrx_word' id='word_1_201' title='bbox 1014 1657 1134 1706; x_wconf 86' lang='grc' dir='ltr'><strong><em>θείας</em></strong></span> <span class='ocrx_word' id='word_1_202' title='bbox 1156 1659 1238 1699; x_wconf 84' lang='grc' dir='ltr'>τῶν</span> <span class='ocrx_word' id='word_1_203' title='bbox 1261 1651 1473 1708; x_wconf 79' lang='grc' dir='ltr'><strong><em>ὀνομάτων</em></strong></span> <span class='ocrx_word' id='word_1_204' title='bbox 1497 1651 1742 1707; x_wconf 65' lang='grc' dir='ltr'><strong><em>δυνάμειςέῦ</em></strong></span> 
     </span>
     <span class='ocr_line' id='line_1_22' title="bbox 197 1717 1690 1783; baseline -0.003 -14"><span class='ocrx_word' id='word_1_205' title='bbox 197 1729 296 1783; x_wconf 88' lang='grc' dir='ltr'><strong><em>μίαν</em></strong></span> <span class='ocrx_word' id='word_1_206' title='bbox 325 1726 424 1771; x_wconf 78' lang='grc' dir='ltr'><strong><em>εἶναι</em></strong></span> <span class='ocrx_word' id='word_1_207' title='bbox 456 1725 652 1781; x_wconf 79' lang='grc' dir='ltr'><strong><em>δύναμιν,</em></strong></span> <span class='ocrx_word' id='word_1_208' title='bbox 701 1727 768 1769; x_wconf 88' lang='grc' dir='ltr'>καὶ</span> <span class='ocrx_word' id='word_1_209' title='bbox 795 1724 946 1783; x_wconf 79' lang='grc' dir='ltr'><strong><em>κράτος</em></strong></span> <span class='ocrx_word' id='word_1_210' title='bbox 970 1723 1125 1769; x_wconf 87' lang='grc' dir='ltr'><strong><em>τούτων</em></strong></span> <span class='ocrx_word' id='word_1_211' title='bbox 1146 1725 1248 1767; x_wconf 86' lang='grc' dir='ltr'><strong><em>θεὸν</em></strong></span> <span class='ocrx_word' id='word_1_212' title='bbox 1270 1724 1318 1767; x_wconf 81' lang='grc' dir='ltr'><strong><em>ὃν</em></strong></span> <span class='ocrx_word' id='word_1_213' title='bbox 1339 1724 1472 1774; x_wconf 77' lang='grc' dir='ltr'><strong><em>οὐδεὶς</em></strong></span> <span class='ocrx_word' id='word_1_214' title='bbox 1493 1721 1592 1783; x_wconf 80' lang='grc' dir='ltr'><strong><em>ὁρᾷ·</em></strong></span> <span class='ocrx_word' id='word_1_215' title='bbox 1640 1717 1690 1778; x_wconf 72' lang='grc' dir='ltr'><strong><em>ἧς</em></strong></span> 
     </span>
     <span class='ocr_line' id='line_1_23' title="bbox 197 1792 1691 1852; baseline -0.003 -12"><span class='ocrx_word' id='word_1_216' title='bbox 197 1796 308 1848; x_wconf 88' lang='grc' dir='ltr'><strong><em>τινὸς</em></strong></span> <span class='ocrx_word' id='word_1_217' title='bbox 340 1795 550 1851; x_wconf 79' lang='grc' dir='ltr'><strong><em>δυνάμεως</em></strong></span> <span class='ocrx_word' id='word_1_218' title='bbox 577 1797 709 1847; x_wconf 79' lang='grc' dir='ltr'><strong><em>οὐδεὶς</em></strong></span> <span class='ocrx_word' id='word_1_219' title='bbox 742 1793 911 1839; x_wconf 77' lang='grc' dir='ltr'><strong><em>δύναται</em></strong></span> <span class='ocrx_word' id='word_1_220' title='bbox 935 1800 1084 1852; x_wconf 83' lang='grc' dir='ltr'><strong><em>γνῶναι</em></strong></span> <span class='ocrx_word' id='word_1_221' title='bbox 1108 1795 1220 1837; x_wconf 73' lang='grc' dir='ltr'><strong><em>ἰδέαν</em></strong></span> <span class='ocrx_word' id='word_1_222' title='bbox 1241 1792 1266 1850; x_wconf 84' lang='grc' dir='ltr'>ἢ</span> <span class='ocrx_word' id='word_1_223' title='bbox 1292 1792 1427 1852; x_wconf 77' lang='grc' dir='ltr'><strong><em>φύσιν.</em></strong></span> <span class='ocrx_word' id='word_1_224' title='bbox 1498 1795 1541 1844; x_wconf 73' lang='grc' dir='ltr'>ἐξ</span> <span class='ocrx_word' id='word_1_225' title='bbox 1564 1793 1691 1847; x_wconf 77' lang='grc' dir='ltr'><strong><em>αὐτῆς</em></strong></span> 
     </span>
     <span class='ocr_line' id='line_1_24' title="bbox 199 1861 1689 1924; baseline -0.004 -14"><span class='ocrx_word' id='word_1_226' title='bbox 199 1867 245 1910; x_wconf 72' lang='grc' dir='ltr'>δὲ</span> <span class='ocrx_word' id='word_1_227' title='bbox 275 1871 348 1924; x_wconf 82' lang='grc' dir='ltr'>τῆς</span> <span class='ocrx_word' id='word_1_228' title='bbox 379 1865 593 1922; x_wconf 80' lang='grc' dir='ltr'><strong><em>δυνάμεως</em></strong></span> <span class='ocrx_word' id='word_1_229' title='bbox 625 1866 678 1910; x_wconf 83' lang='grc' dir='ltr'><strong><em>τὰ</em></strong></span> <span class='ocrx_word' id='word_1_230' title='bbox 706 1863 839 1909; x_wconf 83' lang='grc' dir='ltr'><strong><em>πάντα</em></strong></span> <span class='ocrx_word' id='word_1_231' title='bbox 869 1869 1140 1922; x_wconf 76' lang='grc' dir='ltr'><strong><em>γεγενῆσθαι,</em></strong></span> <span class='ocrx_word' id='word_1_232' title='bbox 1187 1864 1318 1922; x_wconf 82' lang='grc' dir='ltr'><strong><em>ἀρχὰς</em></strong></span> <span class='ocrx_word' id='word_1_233' title='bbox 1350 1861 1597 1919; x_wconf 82' lang='grc' dir='ltr'><strong><em>ἀσωμάτους</em></strong></span> <span class='ocrx_word' id='word_1_234' title='bbox 1621 1864 1689 1905; x_wconf 86' lang='grc' dir='ltr'>καὶ</span> 
     </span>
    </p>
   </div>
   <div class='ocr_carea' id='block_1_3' title="bbox 200 1996 1700 2981">
    <p class='ocr_par' dir='ltr' id='par_1_5' title="bbox 425 1996 1222 2042">
     <span class='ocr_line' id='line_1_25' title="bbox 425 1996 1222 2042; baseline 0 -10"><span class='ocrx_word' id='word_1_235' title='bbox 425 2010 446 2033; x_wconf 94' lang='lat' dir='ltr'>o</span> <span class='ocrx_word' id='word_1_236' title='bbox 470 1997 542 2042; x_wconf 90' lang='lat' dir='ltr'>sol,</span> <span class='ocrx_word' id='word_1_237' title='bbox 567 1997 699 2032; x_wconf 85' lang='lat' dir='ltr'>auratis</span> <span class='ocrx_word' id='word_1_238' title='bbox 724 1998 786 2042; x_wconf 86' lang='lat' dir='ltr'>qui</span> <span class='ocrx_word' id='word_1_239' title='bbox 808 2008 945 2032; x_wconf 87' lang='lat' dir='ltr'>sursum</span> <span class='ocrx_word' id='word_1_240' title='bbox 966 1996 1137 2032; x_wconf 85' lang='lat' dir='ltr'>attolleris</span> <span class='ocrx_word' id='word_1_241' title='bbox 1158 1996 1222 2032; x_wconf 86' lang='lat' dir='ltr'>alis</span> 
     </span>
    </p>

    <p class='ocr_par' dir='ltr' id='par_1_6' title="bbox 424 2043 1334 2090">
     <span class='ocr_line' id='line_1_26' title="bbox 424 2043 1334 2090; baseline -0.001 -11"><span class='ocrx_word' id='word_1_242' title='bbox 424 2049 461 2079; x_wconf 87' lang='lat' dir='ltr'>et</span> <span class='ocrx_word' id='word_1_243' title='bbox 478 2044 649 2090; x_wconf 88' lang='lat' dir='ltr'>liquidum</span> <span class='ocrx_word' id='word_1_244' title='bbox 674 2044 818 2079; x_wconf 81' lang='lat' dir='ltr'>intactis</span> <span class='ocrx_word' id='word_1_245' title='bbox 847 2043 947 2079; x_wconf 85' lang='lat' dir='ltr'>velox</span> <span class='ocrx_word' id='word_1_246' title='bbox 972 2045 1064 2089; x_wconf 85' lang='lat' dir='ltr'>petis</span> <span class='ocrx_word' id='word_1_247' title='bbox 1087 2045 1170 2079; x_wconf 68' lang='lat' dir='ltr'>aera</span> <span class='ocrx_word' id='word_1_248' title='bbox 1195 2043 1334 2090; x_wconf 85' lang='lat' dir='ltr'>pennis,</span> 
     </span>
    </p>

    <p class='ocr_par' dir='ltr' id='par_1_7' title="bbox 423 2090 1345 2137">
     <span class='ocr_line' id='line_1_27' title="bbox 423 2090 1345 2137; baseline 0.001 -12"><span class='ocrx_word' id='word_1_249' title='bbox 423 2090 494 2126; x_wconf 89' lang='lat' dir='ltr'>iste</span> <span class='ocrx_word' id='word_1_250' title='bbox 512 2091 845 2129; x_wconf 76' lang='lat' dir='ltr'>duodecimus,mihi</span> <span class='ocrx_word' id='word_1_251' title='bbox 866 2096 902 2125; x_wconf 88' lang='lat' dir='ltr'>te</span> <span class='ocrx_word' id='word_1_252' title='bbox 927 2102 1018 2125; x_wconf 92' lang='lat' dir='ltr'>nunc</span> <span class='ocrx_word' id='word_1_253' title='bbox 1041 2103 1154 2125; x_wconf 90' lang='lat' dir='ltr'>sermo</span> <span class='ocrx_word' id='word_1_254' title='bbox 1177 2091 1345 2137; x_wconf 84' lang='lat' dir='ltr'><strong>loquente</strong></span> 
     </span>
    </p>

    <p class='ocr_par' dir='ltr' id='par_1_8' title="bbox 200 2138 1700 2981">
     <span class='ocr_line' id='line_1_28' title="bbox 426 2138 1316 2173; baseline 0 -1"><span class='ocrx_word' id='word_1_255' title='bbox 426 2138 589 2173; x_wconf 77' lang='lat' dir='ltr'>auditur:</span> <span class='ocrx_word' id='word_1_256' title='bbox 617 2150 694 2173; x_wconf 80' lang='lat' dir='ltr'>mea</span> <span class='ocrx_word' id='word_1_257' title='bbox 717 2143 754 2172; x_wconf 87' lang='lat' dir='ltr'>te</span> <span class='ocrx_word' id='word_1_258' title='bbox 778 2138 879 2172; x_wconf 87' lang='lat' dir='ltr'>firma</span> <span class='ocrx_word' id='word_1_259' title='bbox 904 2143 959 2172; x_wconf 88' lang='lat' dir='ltr'>est</span> <span class='ocrx_word' id='word_1_260' title='bbox 983 2138 1097 2173; x_wconf 82' lang='lat' dir='ltr'>oratio</span> <span class='ocrx_word' id='word_1_261' title='bbox 1120 2143 1228 2173; x_wconf 88' lang='lat' dir='ltr'>teste.</span> <span class='ocrx_word' id='word_1_262' title='bbox 1314 2164 1316 2167; x_wconf 87' lang='lat'>.</span> 
     </span>
     <span class='ocr_line' id='line_1_29' title="bbox 201 2181 1693 2231; baseline -0.001 -13"><span class='ocrx_word' id='word_1_263' title='bbox 201 2187 310 2230; x_wconf 84' lang='lat' dir='ltr'>atque</span> <span class='ocrx_word' id='word_1_264' title='bbox 335 2184 458 2220; x_wconf 85' lang='lat' dir='ltr'>eadem</span> <span class='ocrx_word' id='word_1_265' title='bbox 482 2185 527 2219; x_wconf 91' lang='lat' dir='ltr'>de</span> <span class='ocrx_word' id='word_1_266' title='bbox 553 2197 593 2220; x_wconf 89' lang='lat' dir='ltr'>re</span> <span class='ocrx_word' id='word_1_267' title='bbox 617 2184 717 2220; x_wconf 85' lang='lat' dir='ltr'>multi</span> <span class='ocrx_word' id='word_1_268' title='bbox 742 2185 846 2220; x_wconf 83' lang='lat' dir='ltr'>etiam</span> <span class='ocrx_word' id='word_1_269' title='bbox 870 2196 995 2219; x_wconf 88' lang='lat' dir='ltr'>versus</span> <span class='ocrx_word' id='word_1_270' title='bbox 1019 2190 1100 2219; x_wconf 89' lang='lat' dir='ltr'>sunt</span> <span class='ocrx_word' id='word_1_271' title='bbox 1123 2184 1281 2231; x_wconf 70' lang='lat' dir='ltr'>Orpheit</span> <span class='ocrx_word' id='word_1_272' title='bbox 1313 2183 1378 2220; x_wconf 84' lang='lat' dir='ltr'>sed</span> <span class='ocrx_word' id='word_1_273' title='bbox 1401 2188 1440 2218; x_wconf 87' lang='lat' dir='ltr'>et</span> <span class='ocrx_word' id='word_1_274' title='bbox 1461 2182 1500 2217; x_wconf 87' lang='lat' dir='ltr'>in</span> <span class='ocrx_word' id='word_1_275' title='bbox 1525 2181 1582 2217; x_wconf 89' lang='lat' dir='ltr'>his</span> <span class='ocrx_word' id='word_1_276' title='bbox 1603 2192 1693 2227; x_wconf 87' lang='lat' dir='ltr'>quos</span> 
     </span>
     <span class='ocr_line' id='line_1_30' title="bbox 200 2230 1695 2278; baseline -0.002 -12"><span class='ocrx_word' id='word_1_277' title='bbox 200 2230 400 2267; x_wconf 80' lang='lat' dir='ltr'><strong>rettulimus</strong></span> <span class='ocrx_word' id='word_1_278' title='bbox 423 2231 577 2276; x_wconf 85' lang='lat' dir='ltr'>indicat,</span> <span class='ocrx_word' id='word_1_279' title='bbox 612 2243 703 2277; x_wconf 87' lang='lat' dir='ltr'>quae</span> <span class='ocrx_word' id='word_1_280' title='bbox 728 2231 805 2266; x_wconf 86' lang='lat' dir='ltr'>voti</span> <span class='ocrx_word' id='word_1_281' title='bbox 827 2243 971 2278; x_wconf 88' lang='lat' dir='ltr'>compos</span> <span class='ocrx_word' id='word_1_282' title='bbox 995 2231 1122 2275; x_wconf 81' lang='lat' dir='ltr'>factus,</span> <span class='ocrx_word' id='word_1_283' title='bbox 1151 2243 1243 2277; x_wconf 86' lang='lat' dir='ltr'>quae</span> <span class='ocrx_word' id='word_1_284' title='bbox 1265 2232 1309 2267; x_wconf 92' lang='lat' dir='ltr'>de</span> <span class='ocrx_word' id='word_1_285' title='bbox 1334 2231 1479 2266; x_wconf 90' lang='lat' dir='ltr'>deorum</span> <span class='ocrx_word' id='word_1_286' title='bbox 1501 2240 1632 2275; x_wconf 82' lang='lat' dir='ltr'>genere</span> <span class='ocrx_word' id='word_1_287' title='bbox 1657 2233 1695 2263; x_wconf 86' lang='lat' dir='ltr'>et</span> 
     </span>
     <span class='ocr_line' id='line_1_31' title="bbox 200 2277 1696 2324; baseline -0.001 -13"><span class='ocrx_word' id='word_1_288' title='bbox 200 2278 322 2312; x_wconf 89' lang='lat' dir='ltr'>mundi</span> <span class='ocrx_word' id='word_1_289' title='bbox 352 2278 491 2324; x_wconf 79' lang='lat' dir='ltr'>origine</span> <span class='ocrx_word' id='word_1_290' title='bbox 523 2278 720 2313; x_wconf 80' lang='lat' dir='ltr'>audivisset</span> <span class='ocrx_word' id='word_1_291' title='bbox 750 2277 1025 2323; x_wconf 75' lang='lat' dir='ltr'>conscripserit:</span> <span class='ocrx_word' id='word_1_292' title='bbox 1069 2278 1199 2324; x_wconf 87' lang='lat' dir='ltr'>reliqui</span> <span class='ocrx_word' id='word_1_293' title='bbox 1239 2280 1283 2313; x_wconf 90' lang='lat' dir='ltr'>ob</span> <span class='ocrx_word' id='word_1_294' title='bbox 1319 2277 1577 2312; x_wconf 78' lang='lat' dir='ltr'>multitudinem</span> <span class='ocrx_word' id='word_1_295' title='bbox 1612 2280 1696 2310; x_wconf 88' lang='lat' dir='ltr'>sunt</span> 
     </span>
     <span class='ocr_line' id='line_1_32' title="bbox 201 2323 1693 2371; baseline -0.003 -11"><span class='ocrx_word' id='word_1_296' title='bbox 201 2324 337 2360; x_wconf 82' lang='lat' dir='ltr'>omissi.</span> <span class='ocrx_word' id='word_1_297' title='bbox 385 2325 480 2362; x_wconf 86' lang='lat' dir='ltr'>inter</span> <span class='ocrx_word' id='word_1_298' title='bbox 505 2325 575 2361; x_wconf 82' lang='lat' dir='ltr'>alia</span> <span class='ocrx_word' id='word_1_299' title='bbox 600 2326 668 2360; x_wconf 92' lang='lat' dir='ltr'>hoc</span> <span class='ocrx_word' id='word_1_300' title='bbox 701 2325 806 2360; x_wconf 82' lang='lat' dir='ltr'>etiam</span> <span class='ocrx_word' id='word_1_301' title='bbox 840 2324 950 2369; x_wconf 85' lang='lat' dir='ltr'>dicit,</span> <span class='ocrx_word' id='word_1_302' title='bbox 990 2325 1166 2371; x_wconf 88' lang='lat' dir='ltr'>principio</span> <span class='ocrx_word' id='word_1_303' title='bbox 1191 2326 1370 2360; x_wconf 83' lang='lat' dir='ltr'>aetherem</span> <span class='ocrx_word' id='word_1_304' title='bbox 1402 2323 1504 2369; x_wconf 83' lang='lat' dir='ltr'>(sive</span> <span class='ocrx_word' id='word_1_305' title='bbox 1537 2323 1576 2357; x_wconf 89' lang='lat' dir='ltr'>id</span> <span class='ocrx_word' id='word_1_306' title='bbox 1609 2334 1693 2357; x_wconf 85' lang='lat' dir='ltr'>cae-</span> 
     </span>
     <span class='ocr_line' id='line_1_33' title="bbox 201 2370 1694 2417; baseline -0.001 -12"><span class='ocrx_word' id='word_1_307' title='bbox 201 2370 272 2406; x_wconf 90' lang='lat' dir='ltr'>lum</span> <span class='ocrx_word' id='word_1_308' title='bbox 305 2371 425 2407; x_wconf 82' lang='lat' dir='ltr'>dicere</span> <span class='ocrx_word' id='word_1_309' title='bbox 456 2372 581 2417; x_wconf 89' lang='lat' dir='ltr'>voles)</span> <span class='ocrx_word' id='word_1_310' title='bbox 615 2372 653 2407; x_wconf 90' lang='lat' dir='ltr'>in</span> <span class='ocrx_word' id='word_1_311' title='bbox 687 2373 815 2406; x_wconf 91' lang='lat' dir='ltr'>mundo</span> <span class='ocrx_word' id='word_1_312' title='bbox 844 2371 1025 2407; x_wconf 79' lang='lat' dir='ltr'>exstitisse</span> <span class='ocrx_word' id='word_1_313' title='bbox 1050 2384 1070 2406; x_wconf 86' lang='lat' dir='ltr'>a</span> <span class='ocrx_word' id='word_1_314' title='bbox 1099 2373 1165 2407; x_wconf 91' lang='lat' dir='ltr'>deo</span> <span class='ocrx_word' id='word_1_315' title='bbox 1199 2372 1425 2407; x_wconf 81' lang='lat' dir='ltr'>fabricatum.</span> <span class='ocrx_word' id='word_1_316' title='bbox 1472 2371 1517 2405; x_wconf 87' lang='lat' dir='ltr'>ab</span> <span class='ocrx_word' id='word_1_317' title='bbox 1542 2375 1694 2414; x_wconf 80' lang='lat' dir='ltr'>utraque</span> 
     </span>
     <span class='ocr_line' id='line_1_34' title="bbox 202 2416 1694 2465; baseline -0.003 -11"><span class='ocrx_word' id='word_1_318' title='bbox 202 2423 320 2454; x_wconf 83' lang='lat' dir='ltr'>autem</span> <span class='ocrx_word' id='word_1_319' title='bbox 356 2419 512 2455; x_wconf 84' lang='lat' dir='ltr'>aetheris</span> <span class='ocrx_word' id='word_1_320' title='bbox 546 2423 647 2465; x_wconf 85' lang='lat' dir='ltr'>parte</span> <span class='ocrx_word' id='word_1_321' title='bbox 679 2418 793 2453; x_wconf 87' lang='lat' dir='ltr'>fuisse</span> <span class='ocrx_word' id='word_1_322' title='bbox 829 2418 937 2453; x_wconf 89' lang='lat' dir='ltr'>chaos</span> <span class='ocrx_word' id='word_1_323' title='bbox 974 2424 1009 2453; x_wconf 88' lang='lat' dir='ltr'>et</span> <span class='ocrx_word' id='word_1_324' title='bbox 1042 2418 1268 2465; x_wconf 84' lang='lat' dir='ltr'>caliginosam</span> <span class='ocrx_word' id='word_1_325' title='bbox 1296 2423 1456 2461; x_wconf 88' lang='lat' dir='ltr'>noctem,</span> <span class='ocrx_word' id='word_1_326' title='bbox 1490 2429 1560 2462; x_wconf 84' lang='lat' dir='ltr'>qua</span> <span class='ocrx_word' id='word_1_327' title='bbox 1592 2416 1694 2462; x_wconf 80' lang='lat' dir='ltr'>quic-</span> 
     </span>
     <span class='ocr_line' id='line_1_35' title="bbox 203 2464 1696 2511; baseline -0.002 -12"><span class='ocrx_word' id='word_1_328' title='bbox 203 2464 290 2510; x_wconf 87' lang='lat' dir='ltr'>quid</span> <span class='ocrx_word' id='word_1_329' title='bbox 324 2472 378 2501; x_wconf 86' lang='lat' dir='ltr'>est</span> <span class='ocrx_word' id='word_1_330' title='bbox 408 2467 503 2502; x_wconf 81' lang='lat' dir='ltr'>infra</span> <span class='ocrx_word' id='word_1_331' title='bbox 533 2466 714 2501; x_wconf 82' lang='lat' dir='ltr'>aetherem</span> <span class='ocrx_word' id='word_1_332' title='bbox 746 2464 856 2500; x_wconf 87' lang='lat' dir='ltr'>fuerit</span> <span class='ocrx_word' id='word_1_333' title='bbox 881 2464 1109 2511; x_wconf 82' lang='lat' dir='ltr'>occultatum,</span> <span class='ocrx_word' id='word_1_334' title='bbox 1145 2478 1188 2500; x_wconf 85' lang='lat' dir='ltr'>eo</span> <span class='ocrx_word' id='word_1_335' title='bbox 1210 2466 1393 2511; x_wconf 84' lang='lat' dir='ltr'>indicans,</span> <span class='ocrx_word' id='word_1_336' title='bbox 1429 2469 1567 2499; x_wconf 87' lang='lat' dir='ltr'>noctem</span> <span class='ocrx_word' id='word_1_337' title='bbox 1590 2475 1696 2509; x_wconf 85' lang='lat' dir='ltr'>prae-</span> 
     </span>
     <span class='ocr_line' id='line_1_36' title="bbox 203 2509 1697 2559; baseline -0.004 -10"><span class='ocrx_word' id='word_1_338' title='bbox 203 2511 370 2549; x_wconf 76' lang='lat' dir='ltr'>cessisse.</span> <span class='ocrx_word' id='word_1_339' title='bbox 419 2513 456 2548; x_wconf 91' lang='lat' dir='ltr'>in</span> <span class='ocrx_word' id='word_1_340' title='bbox 489 2514 613 2548; x_wconf 89' lang='lat' dir='ltr'>eodem</span> <span class='ocrx_word' id='word_1_341' title='bbox 648 2524 757 2558; x_wconf 88' lang='lat' dir='ltr'>opere</span> <span class='ocrx_word' id='word_1_342' title='bbox 800 2512 940 2546; x_wconf 81' lang='lat' dir='ltr'>dixerat</span> <span class='ocrx_word' id='word_1_343' title='bbox 978 2524 1057 2547; x_wconf 89' lang='lat' dir='ltr'>esse</span> <span class='ocrx_word' id='word_1_344' title='bbox 1095 2514 1266 2559; x_wconf 79' lang='lat' dir='ltr'>quendam</span> <span class='ocrx_word' id='word_1_345' title='bbox 1306 2509 1697 2557; x_wconf 84' lang='lat' dir='ltr'>incomprehensibilem</span> 
     </span>
     <span class='ocr_line' id='line_1_37' title="bbox 204 2556 1696 2605; baseline -0.001 -14"><span class='ocrx_word' id='word_1_346' title='bbox 204 2558 439 2605; x_wconf 87' lang='lat' dir='ltr'>omnibusque</span> <span class='ocrx_word' id='word_1_347' title='bbox 476 2561 584 2594; x_wconf 81' lang='lat' dir='ltr'>rebus</span> <span class='ocrx_word' id='word_1_348' title='bbox 621 2559 774 2604; x_wconf 84' lang='lat' dir='ltr'>priorem</span> <span class='ocrx_word' id='word_1_349' title='bbox 813 2570 854 2594; x_wconf 89' lang='lat' dir='ltr'>ac</span> <span class='ocrx_word' id='word_1_350' title='bbox 892 2559 1135 2604; x_wconf 87' lang='lat' dir='ltr'>superiorem,</span> <span class='ocrx_word' id='word_1_351' title='bbox 1185 2566 1293 2605; x_wconf 85' lang='lat' dir='ltr'>atque</span> <span class='ocrx_word' id='word_1_352' title='bbox 1334 2558 1487 2594; x_wconf 91' lang='lat' dir='ltr'>omnium</span> <span class='ocrx_word' id='word_1_353' title='bbox 1532 2556 1696 2592; x_wconf 74' lang='lat' dir='ltr'>condito-</span> 
     </span>
     <span class='ocr_line' id='line_1_38' title="bbox 204 2605 1698 2653; baseline -0.002 -13"><span class='ocrx_word' id='word_1_354' title='bbox 204 2616 299 2650; x_wconf 84' lang='lat' dir='ltr'>rem,</span> <span class='ocrx_word' id='word_1_355' title='bbox 341 2617 418 2642; x_wconf 90' lang='lat' dir='ltr'>cum</span> <span class='ocrx_word' id='word_1_356' title='bbox 450 2606 564 2652; x_wconf 91' lang='lat' dir='ltr'>ipsius</span> <span class='ocrx_word' id='word_1_357' title='bbox 595 2605 750 2641; x_wconf 87' lang='lat' dir='ltr'>aetheris</span> <span class='ocrx_word' id='word_1_358' title='bbox 782 2611 856 2640; x_wconf 87' lang='lat' dir='ltr'>tum</span> <span class='ocrx_word' id='word_1_359' title='bbox 887 2606 1131 2642; x_wconf 82' lang='lat' dir='ltr'>universorum</span> <span class='ocrx_word' id='word_1_360' title='bbox 1163 2618 1255 2653; x_wconf 89' lang='lat' dir='ltr'>quae</span> <span class='ocrx_word' id='word_1_361' title='bbox 1288 2606 1384 2641; x_wconf 83' lang='lat' dir='ltr'>infra</span> <span class='ocrx_word' id='word_1_362' title='bbox 1415 2610 1510 2640; x_wconf 84' lang='lat' dir='ltr'>sunt.</span> <span class='ocrx_word' id='word_1_363' title='bbox 1566 2610 1698 2639; x_wconf 86' lang='lat' dir='ltr'>terram</span> 
     </span>
     <span class='ocr_line' id='line_1_39' title="bbox 205 2651 1697 2698; baseline -0.001 -11"><span class='ocrx_word' id='word_1_364' title='bbox 205 2657 325 2687; x_wconf 80' lang='lat' dir='ltr'>autem</span> <span class='ocrx_word' id='word_1_365' title='bbox 357 2665 444 2698; x_wconf 85' lang='lat' dir='ltr'>prae</span> <span class='ocrx_word' id='word_1_366' title='bbox 474 2652 633 2687; x_wconf 88' lang='lat' dir='ltr'>tenebris</span> <span class='ocrx_word' id='word_1_367' title='bbox 666 2651 825 2698; x_wconf 87' lang='lat' dir='ltr'>conspici</span> <span class='ocrx_word' id='word_1_368' title='bbox 857 2664 927 2687; x_wconf 86' lang='lat' dir='ltr'>non</span> <span class='ocrx_word' id='word_1_369' title='bbox 960 2653 1138 2698; x_wconf 85' lang='lat' dir='ltr'>potuisse,</span> <span class='ocrx_word' id='word_1_370' title='bbox 1190 2655 1304 2689; x_wconf 87' lang='lat' dir='ltr'>donec</span> <span class='ocrx_word' id='word_1_371' title='bbox 1339 2653 1399 2688; x_wconf 86' lang='lat' dir='ltr'>lux</span> <span class='ocrx_word' id='word_1_372' title='bbox 1432 2651 1579 2687; x_wconf 75' lang='lat' dir='ltr'>aethere</span> <span class='ocrx_word' id='word_1_373' title='bbox 1612 2662 1697 2696; x_wconf 88' lang='lat' dir='ltr'>per-</span> 
     </span>
     <span class='ocr_line' id='line_1_40' title="bbox 207 2697 1699 2745; baseline -0.002 -11"><span class='ocrx_word' id='word_1_374' title='bbox 207 2703 315 2745; x_wconf 80' lang='lat' dir='ltr'>rupto</span> <span class='ocrx_word' id='word_1_375' title='bbox 346 2699 463 2737; x_wconf 85' lang='lat' dir='ltr'>omnia</span> <span class='ocrx_word' id='word_1_376' title='bbox 492 2698 636 2734; x_wconf 87' lang='lat' dir='ltr'>condita</span> <span class='ocrx_word' id='word_1_377' title='bbox 667 2699 871 2734; x_wconf 84' lang='lat' dir='ltr'>illustravit.</span> <span class='ocrx_word' id='word_1_378' title='bbox 937 2711 1013 2734; x_wconf 88' lang='lat' dir='ltr'>eam</span> <span class='ocrx_word' id='word_1_379' title='bbox 1057 2700 1169 2735; x_wconf 89' lang='lat' dir='ltr'>lucem</span> <span class='ocrx_word' id='word_1_380' title='bbox 1208 2700 1246 2736; x_wconf 85' lang='lat' dir='ltr'>id</span> <span class='ocrx_word' id='word_1_381' title='bbox 1284 2711 1364 2735; x_wconf 89' lang='lat' dir='ltr'>esse</span> <span class='ocrx_word' id='word_1_382' title='bbox 1402 2698 1499 2745; x_wconf 87' lang='lat' dir='ltr'>quod</span> <span class='ocrx_word' id='word_1_383' title='bbox 1536 2697 1699 2745; x_wconf 80' lang='lat' dir='ltr'>omnibus</span> 
     </span>
     <span class='ocr_line' id='line_1_41' title="bbox 207 2743 1699 2792; baseline -0.001 -11"><span class='ocrx_word' id='word_1_384' title='bbox 207 2747 316 2781; x_wconf 87' lang='lat' dir='ltr'>rebus</span> <span class='ocrx_word' id='word_1_385' title='bbox 340 2746 503 2792; x_wconf 89' lang='lat' dir='ltr'>superius</span> <span class='ocrx_word' id='word_1_386' title='bbox 528 2751 610 2781; x_wconf 86' lang='lat' dir='ltr'>ante</span> <span class='ocrx_word' id='word_1_387' title='bbox 634 2746 787 2781; x_wconf 83' lang='lat' dir='ltr'>dixerat.</span> <span class='ocrx_word' id='word_1_388' title='bbox 835 2745 1016 2792; x_wconf 83' lang='lat' dir='ltr'>perhibuit</span> <span class='ocrx_word' id='word_1_389' title='bbox 1034 2747 1139 2782; x_wconf 86' lang='lat' dir='ltr'>etiam</span> <span class='ocrx_word' id='word_1_390' title='bbox 1158 2758 1285 2782; x_wconf 87' lang='lat' dir='ltr'>nomen</span> <span class='ocrx_word' id='word_1_391' title='bbox 1306 2746 1409 2781; x_wconf 83' lang='lat' dir='ltr'>huius</span> <span class='ocrx_word' id='word_1_392' title='bbox 1430 2745 1532 2789; x_wconf 86' lang='lat' dir='ltr'>lucis,</span> <span class='ocrx_word' id='word_1_393' title='bbox 1557 2743 1699 2779; x_wconf 81' lang='lat' dir='ltr'>oraculo</span> 
     </span>
     <span class='ocr_line' id='line_1_42' title="bbox 209 2792 1700 2839; baseline -0.001 -12"><span class='ocrx_word' id='word_1_394' title='bbox 209 2792 280 2828; x_wconf 84' lang='lat' dir='ltr'>sibi</span> <span class='ocrx_word' id='word_1_395' title='bbox 303 2793 511 2830; x_wconf 83' lang='lat' dir='ltr'>revelatum.</span> <span class='ocrx_word' id='word_1_396' title='bbox 561 2793 649 2827; x_wconf 87' lang='lat' dir='ltr'>haec</span> <span class='ocrx_word' id='word_1_397' title='bbox 680 2792 771 2834; x_wconf 84' lang='lat' dir='ltr'>enim</span> <span class='ocrx_word' id='word_1_398' title='bbox 800 2793 924 2838; x_wconf 81' lang='lat' dir='ltr'>ponit=</span> <span class='ocrx_word' id='word_1_399' title='bbox 954 2793 1157 2839; x_wconf 87' lang='lat' dir='ltr'>consilium,</span> <span class='ocrx_word' id='word_1_400' title='bbox 1188 2793 1269 2839; x_wconf 88' lang='lat' dir='ltr'>lux,</span> <span class='ocrx_word' id='word_1_401' title='bbox 1303 2793 1401 2829; x_wconf 84' lang='lat' dir='ltr'>vitae</span> <span class='ocrx_word' id='word_1_402' title='bbox 1425 2793 1543 2828; x_wconf 81' lang='lat' dir='ltr'>dator.</span> <span class='ocrx_word' id='word_1_403' title='bbox 1592 2797 1700 2836; x_wconf 88' lang='lat' dir='ltr'>atque</span> 
     </span>
     <span class='ocr_line' id='line_1_43' title="bbox 211 2837 1698 2885; baseline -0.002 -11"><span class='ocrx_word' id='word_1_404' title='bbox 211 2840 263 2875; x_wconf 83' lang='lat' dir='ltr'>ait</span> <span class='ocrx_word' id='word_1_405' title='bbox 285 2838 349 2874; x_wconf 88' lang='lat' dir='ltr'>has</span> <span class='ocrx_word' id='word_1_406' title='bbox 380 2845 452 2875; x_wconf 85' lang='lat' dir='ltr'>tres</span> <span class='ocrx_word' id='word_1_407' title='bbox 477 2839 618 2875; x_wconf 82' lang='lat' dir='ltr'>divinas</span> <span class='ocrx_word' id='word_1_408' title='bbox 642 2839 818 2874; x_wconf 90' lang='lat' dir='ltr'>nominum</span> <span class='ocrx_word' id='word_1_409' title='bbox 848 2839 1035 2876; x_wconf 82' lang='lat' dir='ltr'>facultates</span> <span class='ocrx_word' id='word_1_410' title='bbox 1066 2852 1169 2876; x_wconf 85' lang='lat' dir='ltr'>unam</span> <span class='ocrx_word' id='word_1_411' title='bbox 1199 2853 1279 2875; x_wconf 88' lang='lat' dir='ltr'>esse</span> <span class='ocrx_word' id='word_1_412' title='bbox 1310 2840 1382 2875; x_wconf 88' lang='lat' dir='ltr'>vim</span> <span class='ocrx_word' id='word_1_413' title='bbox 1413 2851 1455 2874; x_wconf 78' lang='lat' dir='ltr'>ac</span> <span class='ocrx_word' id='word_1_414' title='bbox 1491 2837 1698 2885; x_wconf 86' lang='lat' dir='ltr'>potentiam,</span> 
     </span>
     <span class='ocr_line' id='line_1_44' title="bbox 211 2885 1699 2941; baseline -0.002 -20"><span class='ocrx_word' id='word_1_415' title='bbox 211 2885 345 2941; x_wconf 86' lang='lat' dir='ltr'>quippe</span> <span class='ocrx_word' id='word_1_416' title='bbox 368 2888 471 2922; x_wconf 91' lang='lat' dir='ltr'>deum</span> <span class='ocrx_word' id='word_1_417' title='bbox 495 2885 732 2929; x_wconf 84' lang='lat' dir='ltr'>invisibilem,</span> <span class='ocrx_word' id='word_1_418' title='bbox 768 2886 869 2922; x_wconf 87' lang='lat' dir='ltr'>cuius</span> <span class='ocrx_word' id='word_1_419' title='bbox 897 2886 1077 2922; x_wconf 81' lang='lat' dir='ltr'>facultatis</span> <span class='ocrx_word' id='word_1_420' title='bbox 1107 2887 1261 2934; x_wconf 87' lang='lat' dir='ltr'>speciem</span> <span class='ocrx_word' id='word_1_421' title='bbox 1285 2893 1392 2933; x_wconf 88' lang='lat' dir='ltr'>atque</span> <span class='ocrx_word' id='word_1_422' title='bbox 1415 2891 1574 2921; x_wconf 80' lang='lat' dir='ltr'>naturam</span> <span class='ocrx_word' id='word_1_423' title='bbox 1597 2896 1699 2919; x_wconf 90' lang='lat' dir='ltr'>nemo</span> 
     </span>
     <span class='ocr_line' id='line_1_45' title="bbox 211 2932 1700 2981; baseline -0.001 -13"><span class='ocrx_word' id='word_1_424' title='bbox 211 2939 328 2980; x_wconf 77' lang='lat' dir='ltr'>possit</span> <span class='ocrx_word' id='word_1_425' title='bbox 348 2945 578 2981; x_wconf 82' lang='lat' dir='ltr'>cognoscere.</span> <span class='ocrx_word' id='word_1_426' title='bbox 627 2939 781 2970; x_wconf 86' lang='lat' dir='ltr'>ceterum</span> <span class='ocrx_word' id='word_1_427' title='bbox 805 2946 851 2970; x_wconf 85' lang='lat' dir='ltr'>ex</span> <span class='ocrx_word' id='word_1_428' title='bbox 869 2945 911 2970; x_wconf 80' lang='lat' dir='ltr'>ea</span> <span class='ocrx_word' id='word_1_429' title='bbox 935 2933 1051 2970; x_wconf 83' lang='lat' dir='ltr'>omnia</span> <span class='ocrx_word' id='word_1_430' title='bbox 1075 2940 1155 2970; x_wconf 86' lang='lat' dir='ltr'>orta</span> <span class='ocrx_word' id='word_1_431' title='bbox 1178 2946 1258 2970; x_wconf 85' lang='lat' dir='ltr'>esse</span> <span class='ocrx_word' id='word_1_432' title='bbox 1278 2933 1458 2980; x_wconf 83' lang='lat' dir='ltr'>principia</span> <span class='ocrx_word' id='word_1_433' title='bbox 1476 2932 1700 2979; x_wconf 80' lang='lat' dir='ltr'>incorporea,</span> 
     </span>
    </p>
   </div>
  </div>
 </body>
</html>
