1742 3184
205 167 305 215 370
680 164 926 212 GEORGII
960 163 1207 210 CEDRENI

204 282 388 341 Χριστὸς
405 280 427 326 ὃ
448 277 548 333 θεός
566 297 642 326 σου
662 277 876 339 ἀνελήφθη
889 292 901 305 ·
929 279 1018 322 ῗδοὺ
1041 277 1153 337 κᾶγὼ
1173 274 1563 334 ἀναλαμβάνομαι.”
1613 279 1681 321 καὶ

206 353 305 397 ῗδὼν
333 351 456 395 αὖτὸν
482 351 644 409 Πέτρος
669 347 959 408 κουφιζόμενον
979 349 1050 392 διὰ
1070 353 1143 405 τῆς
1161 349 1330 404 μαγείας
1352 349 1408 400 εἷς
1428 348 1499 391 τὸν
1520 347 1620 404 ἆέρα
1639 349 1682 390 ἐν

203 423 317 481 μέσῳ
334 426 408 478 τῆς
427 419 580 472 πόλεως
598 417 779 476 Ῥώμης,
813 418 990 475 ηὔξατο,
1026 421 1093 462 καὶ
1116 417 1244 468 εὐθὺς
1260 417 1393 461 πεσών
1413 415 1436 460 ὅ
1456 418 1596 472 Σίμων
1613 419 1682 459 καὶ

204 493 431 546 συντριβεὶς
455 490 669 533 ἀπέθανεν.
738 488 760 531 ὃ
794 490 838 532 δὲ
865 486 988 540 τόπος
1014 486 1170 540 ἔκτοτε,
1206 485 1227 530 ὅ
1251 485 1469 542 δεξάμενος
1488 486 1616 529 αὐτοῦ
1634 487 1679 529 τὸ

203 562 379 617 βέβηλον
409 561 477 602 καὶ
508 560 745 616 παμμίαρον
775 562 919 613 σῶμα,
965 555 1122 614 ἐκλήθη
1156 555 1373 610 Σιμώνιον.
1441 557 1531 613 περὶ
1561 549 1611 598 οὗ
1641 556 1715 598 ἐν5

204 637 294 681 ταῖς
326 630 612 679 ἀποστολικαΐς
646 626 874 679 διατάξεσιν
913 625 937 670 ὃ
973 628 1099 683 μέγας
1126 625 1353 677 ἀπόστολος
1380 626 1544 682 Πέτρος
1576 624 1683 667 οὕτω

207 698 353 759 φάσκει
382 696 439 752 “57
474 698 518 740 δὲ
548 698 732 756 καταρχὴ
764 701 846 740 τῶν
875 692 976 740 νέων
999 696 1192 753 αἷρέσεων
1214 696 1372 752 γε’γονεν
1394 695 1474 738 ἀπὸ
1499 696 1685 749 Σίμωνος

151 779 181 814 Β
206 773 281 812 τοῦ
311 766 469 823 μάγου,
506 765 551 817 ὃς
582 768 650 810 καὶ
676 769 717 810 ἐν
745 767 878 826 Συρίᾳ
899 767 1031 809 πολλὰ
1054 763 1380 822 διαπραξάμενος
1400 764 1535 807 ἄτοπα
1554 766 1622 806 καὶ
1643 765 1684 805 ἐν
1723 789 1730 797 -

199 836 336 895 Ῥώμῃ
358 834 570 893 γενόμενος
589 836 693 879 πολὺ
717 836 791 891 την
813 836 1027 892 ἐκκλησίαν
1055 834 1197 878 ἴσκυλε
1218 834 1287 877 διὰ
1308 835 1479 890 μαγείας
1502 835 1569 876 καὶ
1591 836 1685 876 δια-

203 910 372 962 βολικῆς
390 906 588 963 ἐνεργείας
604 907 672 948 καὶ
693 906 915 963 ἐμπειρίας.
977 906 1019 947 ἐν
1037 906 1112 959 μὲν
1132 905 1210 962 γὰρ
1229 905 1459 964 Καισαρείᾳ
1478 908 1527 960 τῇ
1547 900 1684 960 Στρά-
1698 909 1742 944 10

202 993 332 1027 τωνος
361 977 450 1030 ἐμοὶ
480 976 631 1034 Πέτρῳ
659 975 868 1030 συντυχὼν
891 975 1078 1033 ἐπειρᾶτο
1105 975 1361 1031 διαστρέφειν
1381 973 1452 1017 τὸν
1470 970 1590 1029 λόγον
1612 976 1686 1015 τοῦ

203 1050 308 1089 θεοῦ
318 1077 331 1097 ,
365 1043 662 1102 συμπαρόντων
689 1062 761 1099 μοι
786 1049 868 1088 τῶν
889 1044 1008 1102 ἱερῶν
1029 1044 1201 1096 τέκνων,
1237 1043 1475 1101 Ζακχαρίου
1496 1046 1570 1085 τοῦ
1589 1042 1688 1084 ποτὲ

203 1113 380 1159 τελώνου
413 1116 481 1157 καὶ
513 1112 738 1171 Βαρνάβα,
773 1116 840 1157 καὶ
858 1112 1008 1157 Ἀκύλα
1032 1114 1216 1172 ἀδελφοῦ
1237 1111 1476 1168 Κλήμεντος
1494 1116 1567 1154 τοῦ
1584 1109 1687 1154 Ῥω·-

203 1185 352 1240 μαίου,
386 1183 726 1239 μαθητεύσαντος
748 1184 795 1226 δὲ
815 1185 884 1226 καὶ
906 1181 1065 1241 Παύλῳ
1087 1187 1145 1241 τῷ
1168 1179 1457 1240 συναποστόλῳ
1482 1179 1597 1237 ἡμῶν
1619 1181 1688 1222 καὶ

205 1254 387 1312 συνέργῳ
409 1254 450 1295 ἐν
471 1257 528 1311 τῷ
549 1253 785 1311 εὐαγγελίῳ·
820 1254 888 1296 καὶ
908 1253 1044 1311 τρίτον
1067 1253 1132 1294 ἐπ’
1161 1251 1296 1294 αὐτῶν
1323 1253 1552 1306 διαλεχθεὶς
1574 1250 1686 1308 αὐτῷ
1700 1254 1742 1290 15

205 1325 251 1371 ἐκ
271 1327 352 1366 τῶν
373 1323 442 1365 διὰ
460 1324 541 1365 τῶν
555 1326 778 1380 προφητῶν
796 1320 927 1378 λόγων
943 1324 1011 1364 καὶ
1028 1323 1116 1378 περὶ
1136 1325 1239 1364 θεοῦ
1253 1322 1501 1378 μοναρχίας,
1530 1318 1689 1375 ἣττησα

154 1411 186 1448 c
210 1393 334 1436 αὐτὸν
353 1390 523 1447 δυνάμει
538 1395 613 1435 τοῦ
631 1393 773 1450 κυρίου
793 1390 910 1447 ἡμῶν
926 1391 1070 1447 Ἰησοῦ
1087 1393 1298 1448 Χριστοῦ,
1338 1392 1407 1433 καὶ
1428 1392 1484 1441 εἷς
1504 1389 1689 1447 ἀφωνίαν

203 1462 431 1517 κατέβαλον
444 1493 457 1513 ,
488 1459 658 1519 φυγάδα
674 1479 717 1504 τε
740 1461 866 1504 αὐτὸν
891 1464 947 1511 εἷς
961 1461 1146 1503 Ἰταλίαν
1167 1461 1408 1515 κατέστησα.
1477 1458 1689 1515 γενόμενος

205 1533 275 1583 δέ,
306 1529 362 1582 ὥς
379 1530 504 1588 ἔφην,
533 1533 578 1574 ἐν
592 1529 728 1588 Ῥώμῃ
748 1531 851 1573 πολὺ
876 1531 952 1586 τὴν
972 1530 1183 1585 ἐκκλησίαν
1205 1528 1395 1586 ἐτάραξε,
1430 1529 1563 1571 πολλὰ
1585 1528 1689 1571 ἅνα-

155 1609 158 1611 ’
204 1600 363 1658 τρέπων
389 1601 457 1642 καὶ
485 1598 618 1658 ἐαυτῷ
641 1598 993 1658 περιποιούμενος,
1020 1600 1073 1641 τὰ
1101 1601 1146 1642 δὲ
1173 1598 1276 1654 ἔθνη
1298 1596 1515 1649 ἐξιστάνων
1534 1600 1742 1654 μαγικῇέθ

204 1670 324 1726 τέχνῃ
343 1670 411 1711 καὶ
431 1668 636 1723 δαιμόνων
653 1671 840 1728 ἐνεργείᾳ.
876 1669 921 1719 ὃς
940 1669 1012 1711 καί
1030 1685 1126 1710 ποτε
1147 1667 1353 1723 μεσούσης
1367 1665 1525 1723 ἡμέρας
1540 1667 1688 1725 προελ-

204 1738 299 1781 θών
330 1739 387 1788 εἷς
417 1736 464 1780 τὸ
495 1738 675 1796 θέατρον
707 1739 964 1794 ἐπηγγείλατο
997 1738 1055 1779 δι’
1092 1737 1212 1794 ἀέρος
1241 1737 1490 1793 ἀναπτῆναι,
1525 1735 1687 1779 πάντων

205 1804 506 1862 θαυμαζόντων
529 1808 594 1851 ἐπὶ
624 1806 772 1867 τούτῳ.
840 1808 918 1864 ἐγώ
941 1807 989 1849 δὲ
1008 1807 1171 1865 Πέτρος
1190 1807 1294 1850 καθ’
1321 1806 1466 1850 ἑαυτὸν
1488 1804 1689 1862 ηὐχόμην.

207 1983 320 2020 fuisse
343 1983 548 2019 sublatum?
576 1996 621 2019 en
643 1983 722 2030 ipse
745 1995 886 2030 quoque
909 1983 946 2019 in
966 1984 1100 2020 caelum
1124 1984 1281 2020 attollor.
1327 1995 1407 2019 cum
1427 1986 1543 2019 autem
1560 1983 1690 2018 Petrus

209 2043 288 2067 eum
311 2030 458 2076 magicis
490 2030 625 2066 artibus
657 2030 836 2067 sublimem
867 2031 904 2065 in
936 2032 1051 2066 aerem
1085 2031 1206 2067 efferri
1229 2031 1370 2066 videret
1389 2031 1426 2065 in
1452 2030 1567 2066 medio
1591 2030 1690 2065 urbis

208 2078 365 2123 Romae,
402 2078 505 2112 deum
529 2082 694 2125 precatus
718 2082 792 2122 est,
827 2083 934 2124 atque
957 2078 1141 2112 confestim
1164 2079 1287 2113 Simon
1310 2077 1463 2123 decidit,
1495 2077 1689 2112 comminu-

206 2124 326 2170 tisque
358 2135 401 2158 eo
434 2135 519 2158 casu
549 2124 713 2159 membris
744 2123 865 2170 periit.
913 2124 1010 2159 locus
1035 2124 1096 2170 qui
1118 2125 1291 2170 impurum
1314 2124 1390 2159 eius
1418 2130 1455 2159 et
1482 2123 1690 2159 sceleratum

209 2181 338 2216 corpus
371 2170 534 2216 excepit,
567 2171 636 2206 iam
670 2171 754 2205 inde
788 2171 981 2205 Simonium
1014 2171 1224 2206 nominatur.
1281 2172 1326 2205 de
1357 2171 1424 2205 hoc
1456 2182 1600 2216 magnus
1629 2170 1691 2204 ille

208 2216 391 2264 apostolus
416 2216 543 2252 Petrus
570 2217 608 2251 in
631 2217 951 2252 Constitutionibus
982 2218 1186 2263 apostolicis
1209 2217 1262 2252 ita
1283 2217 1447 2252 disserit:
1478 2217 1691 2263 principium

208 2275 377 2298 novarum
401 2263 600 2298 haeresium
624 2275 645 2299 a
667 2263 811 2299 Simone
840 2275 941 2309 mago
965 2264 1119 2299 ducitur.
1166 2264 1198 2299 is
1222 2267 1259 2298 et
1281 2265 1318 2298 in
1342 2264 1452 2307 Syria
1474 2264 1581 2298 multa
1603 2274 1690 2310 pro-

209 2309 348 2354 digiose
378 2310 488 2355 fecit,
523 2315 559 2346 et
590 2311 724 2345 Romae
746 2309 891 2355 magicis
921 2310 1174 2356 diabolicisque
1197 2310 1330 2345 artibus
1351 2316 1390 2345 et
1413 2310 1604 2345 calliditate
1628 2321 1689 2344 ec-

211 2356 355 2391 clesiam
380 2356 545 2392 maiorem
567 2357 605 2391 in
628 2358 765 2391 modum
788 2357 947 2392 vexavit.
994 2369 1037 2392 ac
1062 2358 1262 2392 Caesareae
1284 2357 1445 2402 quidem,
1472 2369 1564 2403 quae
1583 2357 1687 2391 Stra-

210 2402 305 2437 tonis
329 2402 479 2449 dicitur,
508 2403 592 2438 mihi
609 2403 717 2438 Petro
741 2414 950 2448 congressus
975 2409 1122 2439 conatus
1144 2408 1199 2438 est
1222 2405 1366 2438 verbum
1391 2404 1450 2438 dei
1471 2408 1691 2449 pervertere,

210 2459 288 2483 cum
321 2455 441 2485 essent
474 2461 608 2486 mecum
639 2449 754 2485 sancti
785 2450 871 2493 filii,
905 2450 1105 2494 Zachaeus,
1139 2450 1201 2496 qui
1224 2450 1304 2485 olim
1329 2450 1537 2496 publicanus
1562 2451 1692 2493 fuerat,

208 2494 412 2539 Barnabas,
437 2501 474 2531 et
493 2496 622 2542 Aquila
642 2497 833 2532 Clementis
856 2497 1006 2531 Romani
1027 2498 1160 2539 frater3
1183 2497 1245 2541 qui
1263 2496 1391 2542 Aquila
1410 2497 1514 2532 etiam
1533 2496 1692 2542 discipu-

210 2539 265 2574 lus
289 2541 358 2576 fuit
380 2542 501 2588 Pauli,
539 2543 576 2578 in
602 2543 794 2589 apostolico
826 2553 970 2578 munere
995 2548 1031 2578 et
1054 2543 1240 2588 evangelio
1264 2543 1422 2577 docendo
1447 2543 1603 2588 collegae
1627 2554 1691 2576 no·-

211 2586 290 2621 stri.
338 2589 480 2623 tertium
510 2601 587 2625 cum
615 2589 676 2625 illo
708 2589 887 2635 disputavi
910 2590 956 2624 iis
981 2591 1227 2636 praesentibus
1252 2601 1297 2624 ex
1319 2589 1463 2635 scriptis
1493 2589 1692 2625 divinorum

212 2636 352 2677 vatum,
378 2635 423 2669 de
447 2635 549 2671 unius
573 2636 632 2671 dei
654 2637 822 2683 imperio;
857 2641 894 2670 et
915 2648 992 2671 eum
1015 2636 1053 2670 vi
1078 2635 1209 2671 domini
1233 2636 1345 2670 nostri
1367 2637 1449 2670 Iesu
1470 2635 1606 2671 Christi
1629 2646 1691 2669 su-

211 2684 370 2722 peratum
393 2692 459 2716 usu
482 2683 581 2718 vocis
605 2683 768 2729 privavi,
800 2683 909 2727 inque
933 2683 1069 2718 Italiam
1093 2682 1286 2717 exsulatum
1308 2682 1426 2728 abegi.
1474 2683 1609 2718 Romae
1627 2692 1691 2715 au—

211 2728 282 2758 tem
307 2736 382 2760 cum
407 2733 522 2773 esset,
553 2730 756 2775 ecclesiam,
781 2733 821 2764 ut
843 2728 936 2774 dixi,
960 2730 1187 2764 vehementer
1208 2730 1451 2774 perturbavit,
1476 2728 1582 2764 multa
1605 2739 1691 2773 per-

211 2774 355 2823 vertens
379 2783 421 2806 ac
444 2774 513 2809 sibi
536 2787 725 2821 arrogans,
749 2779 944 2821 gentesque
963 2776 1109 2821 magicis
1128 2774 1263 2810 artibus
1282 2786 1324 2809 ac
1342 2776 1546 2811 daemonum
1565 2774 1688 2808 effica-

211 2820 320 2870 citate
337 2817 476 2854 fallens.
524 2822 609 2866 quin
634 2828 671 2858 et
693 2823 880 2868 aliquando
902 2824 1017 2857 media
1041 2823 1099 2857 die
1123 2822 1161 2856 in
1184 2821 1358 2856 theatrum
1378 2832 1584 2868 progressus
1604 2832 1689 2866 pro-

212 2866 308 2896 m1s1t
341 2874 380 2898 se
412 2875 478 2909 per
510 2870 626 2903 aerem
657 2880 792 2905 sursum
823 2868 1061 2914 evolaturum,
1097 2867 1256 2903 omnibus
1286 2868 1324 2903 id
1354 2867 1574 2904 mirantibus.
1623 2878 1690 2912 ego
