1742 3184
215 169 315 219 574
694 173 934 220 GEORGII
960 174 1208 220 CEDRENI

207 285 362 346 Ῥώμῃ.
429 284 642 346 μετήνεγκε
679 290 725 333 δὲ
761 287 809 332 τὸ
850 289 973 345 σῶμα
1016 288 1146 334 αῧτοῧ
1181 290 1224 334 ἓν
1262 288 1689 336 Κωνσταντινουπόλει

209 356 464 416 Ἀρκάδιος,
500 361 590 410 θεὶς
620 361 661 401 ἓν
689 362 748 416 τῷ
767 362 853 418 ναῷ
873 363 954 402 τῶν
975 357 1098 416 ἁγίων
1116 359 1369 406 ἀποστόλων.
1436 362 1512 417 τὴν
1542 363 1586 405 δὲ
1617 366 1690 417 τῆς

213 426 516 486 ἀρχιερωσύνης
543 428 752 485 καθέδραν
781 434 939 484 κατεῖχε
965 427 1214 488 Νεκτάριος,
1249 428 1405 487 κόσμου
1433 429 1511 474 ἕτει
1537 429 1689 491 ,εωπηᾏ

211 502 286 553 τῆς
307 499 428 548 θείας
447 495 691 555 σαρκώσεως
709 495 814 554 tqd'.

346 565 575 624 Ἀρκάδιος
591 564 611 608 ὁ
627 566 719 618 υἱὸς
734 571 808 609 τοῦ
822 564 1002 623 μεγάλου
1023 567 1245 611 Θεοδοσίου
1261 567 1518 623 ἐβασίλευσεν
1534 565 1602 624 ἕτη
1621 565 1688 611 ιδ’.
1699 578 1721 615 5

211 629 330 687 οὗτος
363 638 406 679 ἓν
434 641 491 694 τῷ
521 634 551 678 ε’
586 635 661 678 ἕτει
693 636 764 679 τὸν
791 637 918 693 μέγαν
948 636 1122 692 ἔμβολον
1147 637 1313 695 ἀντικρὺ
1339 641 1413 681 τοῦ
1442 639 1689 695 πραιτωρίου

210 704 373 748 ἔκτισεν.
443 699 495 760 ἦν
518 705 562 747 δὲ
581 704 812 763 Ἀρκάδιος
831 705 905 762 τὴν
924 707 1043 749 θέσιν
1061 712 1134 750 τοῦ
1157 706 1350 761 σώματος
1369 708 1690 763 εῖδεχθέστατος,

209 775 338 829 μέλας
354 774 427 829 τὴν
441 772 616 831 χροιάν,
652 775 726 830 τὴν
749 773 905 830 ἡλικίαν
928 775 1209 834 φαυλότατος,
1240 775 1285 819 ’ἐν
1302 774 1428 831 μόνον
1448 776 1551 832 ἔχων
1568 780 1691 820 πλεο-

207 845 387 898 νέκτημα
413 843 458 886 τὸ
488 847 622 895 καλῶς
648 843 843 902 γράφειν,
880 845 903 888 ὃ
931 846 1044 903 παρὰ
1071 851 1143 890 τοῦ
1161 845 1339 902 μεγάλου
1361 846 1584 904 Ἀρσενίου
1603 847 1690 897 ἐξε-

209 912 430 968 παιδεύθη.
500 914 565 955 ἐπὶ
592 912 739 957 τούτου
760 915 959 970 μετετέθη
980 916 1031 958 τὰ
1050 917 1226 971 λείψανα
1244 920 1317 958 τοῦ
1339 914 1455 972 ἁγίου
1473 913 1688 973 προφήτου
1702 923 1742 959 10

155 991 188 1027 D
212 980 453 1040 προδρόμου
487 985 555 1025 καὶ
583 987 813 1038 βαπτιστοῦ
838 983 1027 1028 Ἰωάννου
1060 985 1103 1028 ἓν
1130 984 1441 1045 ’Λλεξανδρείφ
1509 992 1622 1026 ποιεῖ’
1646 985 1690 1026 δὲ
1733 1038 1742 1048 1

209 1053 278 1095 καὶ
306 1052 409 1096 ἴδιον
440 1051 623 1111 ἀριθμὸν
653 1053 695 1096 ἕν
727 1053 1177 1108 Κωνσταντινουπόλει,
1213 1053 1285 1106 οὓς
1313 1053 1501 1098 ἐκάλεσεν
1522 1049 1689 1108 Ἀρκα-

208 1120 360 1173 δικούς.

347 1194 422 1250 Τῷ
439 1187 474 1241 ς’
491 1190 639 1235 τούτου
658 1191 828 1247 ἐνιαυτῷ
841 1192 1130 1244 χειροτονεῖται
1148 1184 1169 1229 ὃ
1188 1184 1490 1245 Χρυσόστομος
1506 1187 1549 1230 ἓν
1565 1189 1688 1231 Κων-

209 1259 556 1310 σταντινουπόλει,
591 1252 626 1316 ᾧ
658 1260 726 1300 καὶ
753 1256 963 1312 Λιβάνιος
994 1254 1263 1315 ἐμαρτύρησε.
1331 1257 1578 1312 πυθομένων
1606 1257 1685 1316 γὰρ
1700 1265 1742 1301 15

208 1332 292 1372 τῶν
321 1327 448 1371 αὐτοῦ
474 1331 679 1385 φοιτητῶν
699 1328 788 1370 τίνα
812 1326 902 1370 ἀντ’
930 1326 1058 1369 αὐτοῦ
1081 1329 1297 1383 προί’·στησι
1320 1330 1380 1385 τῷ
1403 1329 1687 1385 διδασκαλείῳ,

203 1395 464 1453 ι(ἿωοῖννηΥ)
503 1396 604 1455 ἔφη,
634 1394 700 1439 ι(εἰ
730 1397 789 1452 μὴ
826 1394 1009 1452 ἐσυλήθη
1041 1393 1120 1439 ‘find
1148 1400 1229 1439 τῶν
1251 1396 1559 1454 Χριστιανῶν.”
1629 1400 1690 1455 τῷ

209 1469 237 1509 δ
241 1467 253 1483 ²
281 1467 394 1526 αὐτῷ
412 1466 488 1509 ἔτει
509 1471 695 1523 γεννᾶται
712 1466 930 1524 Ἀρκαδίῳ
950 1466 1039 1517 υἱὸς
1056 1467 1099 1516 ἐξ
1118 1465 1320 1517 Εὖδοξίας
1337 1470 1410 1522 τῆς
1427 1462 1689 1522 Λύγοόστης,

211 1535 434 1587 Θεοδόσιος
467 1533 488 1578 ὅ
522 1535 687 1594 μικρός,
723 1536 770 1579 ὃν
801 1535 1015 1588 ἀνεδέξατο
1039 1533 1227 1592 Ἰωάννης
1259 1534 1280 1579 ὃ
1315 1533 1618 1594 Χρυσόστομος
1647 1536 1690 1578 ἐν

207 1611 267 1666 τῷ
289 1605 390 1664 ἁγίῳ
410 1607 678 1661 βαπτίσματι.
1695 1610 1742 1647 20

345 1679 389 1717 Τ
386 1680 419 1734 ᾧ
457 1673 496 1730 η’
533 1676 609 1718 ἔτει
639 1677 680 1717 Γ
677 1679 793 1726 αἵνᾶς
823 1680 1016 1731 τυραννεῖ
1038 1673 1144 1717 κατὰ
1170 1672 1429 1731 Ἀρκαδίου,
1464 1671 1686 1716 καὶπολλὰ

207 1743 314 1787 κακὰ
339 1749 399 1802 τῷ
422 1746 633 1802 Βυζαντίῳ
658 1745 900 1795 ἐπεδείξατο.
969 1743 1116 1801 ὅρκους
1137 1743 1181 1785 δὲ
1202 1742 1342 1797 λαβὼν
1364 1744 1432 1785 καὶ
1454 1742 1552 1793 δοὺς
1572 1743 1613 1785 ἓν
1635 1746 1687 1799 τῇ

59 1823 91 1859 Ρ
116 1825 185 1862 328
211 1812 304 1874 ἁγία
328 1814 527 1873 Εὗφημίᾳ
549 1819 598 1871 τῇ
622 1814 664 1856 ἐν
684 1811 943 1868 Χαλκηδόνι,
978 1811 1147 1863 τούτους
1171 1812 1353 1869 παρέβη,
1388 1814 1457 1854 καὶ
1488 1811 1687 1855 εἰσελθὼν

209 1884 250 1927 ἓν
278 1887 330 1941 τῇ
361 1881 474 1926 πόλει
506 1882 685 1941 ἐχώρησε
718 1882 820 1941 πρὸς
850 1880 1040 1941 ἁρπαγὰς
1070 1883 1139 1925 καὶ
1171 1879 1312 1941 ἑτέρας
1348 1881 1531 1932 ἀτοπίας.
1601 1879 1687 1924 εἶτα

206 2037 411 2084 constituit,
434 2037 597 2073 Placidia
619 2041 735 2073 autem
759 2037 926 2074 Gratiani
946 2037 1020 2074 filia
1040 2038 1189 2074 Romae.
1235 2036 1348 2085 patris
1371 2047 1499 2084 corpus
1515 2035 1688 2072 Arcadius

207 2086 338 2132 cpolin
367 2085 496 2120 detulit
523 2092 629 2131 atque
653 2085 689 2119 in
711 2086 795 2120 fano
819 2085 1054 2131 apostolorum
1078 2084 1255 2131 deposuit.
1303 2084 1545 2132 episcopatum
1574 2082 1690 2118 tenuit

206 2132 417 2176 Nectarius‚
444 2143 535 2166 anno
559 2132 678 2167 mundi
700 2132 812 2176 5888,
835 2132 1087 2167 incarnationis
1106 2131 1251 2167 divinae
1273 2132 1355 2167 394.

298 2179 468 2213 Arcadius
496 2179 692 2213 Theodosii
713 2179 829 2224 magni
850 2179 944 2214 filius
970 2179 1160 2224 imperavit
1180 2189 1289 2212 annos
1316 2178 1371 2213 14.
1418 2177 1450 2212 is
1473 2174 1687 2222 quintoim-

207 2225 301 2272 perii
335 2225 390 2260 sui
422 2236 512 2260 anno
544 2225 674 2260 Rostra
698 2237 825 2271 magna
848 2237 868 2260 e
890 2226 1036 2270 regione
1058 2224 1229 2272 praetorii
1254 2223 1440 2259 exstruxit.
1487 2223 1556 2258 fuit
1577 2225 1690 2257 Arca-

208 2272 287 2306 dius
312 2283 462 2318 corpore
485 2272 668 2307 admodum
692 2273 861 2316 deformi,
886 2273 1003 2318 niger,
1029 2278 1166 2308 statura
1185 2282 1314 2317 parva,
1336 2271 1375 2306 id
1398 2281 1503 2306 unum
1526 2268 1688 2316 praecla-

206 2330 282 2353 rum
307 2319 438 2353 habens
466 2319 560 2364 quod
583 2320 673 2354 bene
696 2319 897 2363 scribebat,
920 2319 972 2353 ita
996 2320 1039 2354 ab
1062 2318 1213 2354 Arsenio
1238 2318 1397 2352 edoctus.
1444 2318 1511 2352 sub
1534 2328 1577 2351 eo
1603 2315 1689 2350 reii-

205 2366 312 2409 quiae
337 2366 375 2400 b.
399 2365 543 2399 Ioannis
567 2365 744 2411 baptistae
768 2365 1021 2401 Alexandream
1044 2363 1283 2411 transpositae
1307 2369 1401 2398 sunt.
1448 2363 1555 2398 etiam
1577 2373 1687 2409 pecu-

205 2410 327 2447 liarem
351 2423 530 2446 numerum
556 2412 660 2458 Cpoli
682 2411 856 2456 instituit,
885 2423 973 2458 quos
997 2412 1212 2447 Arcadianos
1237 2409 1442 2456 appellavit.

299 2458 445 2492 Sextum
479 2458 631 2493 Arcadio
667 2470 792 2493 annum
826 2458 1021 2504 imperante
1045 2459 1317 2502 Chrysostomus
1341 2456 1464 2503 Cpolis
1498 2454 1687 2501 episcopus

205 2503 392 2549 deligitur3
430 2504 528 2539 cuius
554 2505 740 2540 facundiae
764 2505 868 2540 etiam
892 2505 1063 2540 Libanius
1088 2503 1323 2540 testimonium
1340 2502 1435 2537 tulit.
1483 2502 1685 2546 interroga-

205 2556 262 2585 tus
287 2562 436 2597 namque
458 2552 501 2585 ab
523 2551 744 2586 auditoribus
768 2563 947 2597 quemnam
971 2563 1035 2586 suo
1060 2551 1136 2586 loco
1161 2550 1301 2586 scholae
1323 2549 1553 2596 praeficeret,
1577 2549 1682 2582 Ioan-

204 2607 284 2630 nem
307 2597 491 2644 respondit
513 2610 552 2632 se
576 2598 855 2644 praepositurum
879 2598 914 2633 ei
936 2598 1066 2643 fuisse,
1099 2597 1167 2633 nisi
1190 2598 1280 2631 hunc
1303 2596 1558 2642 surripuissent
1576 2594 1683 2629 Chri-

205 2643 326 2677 stiani.
375 2645 497 2678 eodem
539 2656 631 2679 anno
672 2645 912 2679 Theodosium
947 2644 1120 2679 iuniorem
1148 2642 1311 2678 Eudoxia
1342 2645 1502 2688 Augusta
1529 2640 1683 2676 Arcadio

204 2689 363 2734 peperit,
396 2701 498 2735 quem
523 2690 566 2725 de
591 2697 712 2725 sancto
737 2691 878 2726 lavacro
902 2691 1052 2726 loannes
1078 2691 1349 2736 Chrysostomus
1373 2689 1544 2735 suscepit.

296 2736 396 2769 Anno
419 2742 546 2771 octavo
570 2738 704 2773 Gainas
728 2739 949 2783 tyrannidem
972 2744 1096 2773 contra
1118 2736 1304 2772 Arcadium
1328 2735 1537 2782 occupavit,
1559 2733 1684 2769 multa-

205 2790 274 2825 que
297 2781 386 2816 mala
411 2783 586 2828 Byzantio
605 2784 735 2819 intulit.
786 2785 847 2830 qui
869 2796 945 2819 cum
966 2784 1057 2820 ultro
1080 2784 1241 2829 citroque
1262 2782 1343 2816 dato
1365 2784 1558 2817 iuramento
1575 2780 1686 2816 Chal-

205 2826 339 2861 cedone
364 2827 408 2862 ad
431 2835 586 2864 sanctam
609 2831 839 2877 Euphemiam
863 2843 984 2878 pacem
1007 2831 1151 2876 icisset,
1187 2841 1229 2864 eo
1261 2828 1394 2863 violato
1418 2828 1456 2862 in
1481 2829 1602 2863 urbem
1626 2826 1684 2860 in-

204 2883 368 2918 gressuS,
401 2873 620 2922 direptiones
641 2884 678 2915 et
701 2877 771 2915 alia
794 2878 884 2915 mala
905 2878 1140 2927 perpetravit.
1188 2875 1272 2912 inde
1297 2876 1344 2913 ad
1364 2874 1543 2912 Thraciae
1569 2872 1683 2909 Chet-
