1742 3184
406 160 803 227 msromfflnm
841 179 1235 224 comrENDnm.
1457 179 1554 225 363

89 295 342 353 λαλήσαντος
375 295 684 354 κατεπλάγησαν
711 296 750 340 οἳ
774 295 878 352 μετὰ
905 295 1112 350 Σᾲιωνος,
1147 294 1328 351 λέγοντες
1357 292 1448 346 “τι’ς
1467 295 1552 339 ἔστι

87 368 271 425 Πέτρος,
305 369 372 410 καὶ
395 369 456 418 τίς
480 365 506 423 ἢ
531 366 708 422 τοσαύτη
733 365 904 420 δύναμις
925 365 1109 419 αὗτοῦ;”
1146 364 1248 421 πρὸς
1275 363 1347 415 οὕς
1376 382 1499 422 φησιν
1529 364 1550 409 ὅ
1577 373 1606 409 Ρ
1628 375 1698 412 207

88 438 229 491 Σίμων
267 434 418 479 “veiim
454 434 564 491 ’ὑμᾶς
602 436 660 492 μὴ
703 437 902 488 ξενιζέτω,
946 433 1043 492 ὅπερ
1072 433 1184 490 κάγὼ
1213 433 1412 489 ποιήσω.»
1482 438 1552 478 καὶ

87 506 306 563 προσέταξε
338 510 398 563 τῷ
431 508 521 548 κυνὶ
553 505 789 562 ἀνθρωπίνῃ
818 508 935 563 φωνῇ
957 506 1076 549 εἷπεῒν
1096 509 1153 562 τῷ
1173 505 1322 562 Πέτρῳ
1343 506 1552 549 εἰσελθεῖν.

53 576 156 620 ὄκαὶ
180 578 300 618 τοῦτο
330 574 573 630 ποιήσαντος
598 574 718 616 πάλιν
745 579 818 617 τοῦ
846 574 965 624 κυνὸς
990 577 1155 629 εἰσῆλθε
1175 574 1337 630 Πέτρος
1358 574 1462 631 πρὸς
1479 576 1554 616 Σί-

84 661 226 699 μωνα,
253 645 321 687 καὶ
350 643 572 699 συμβαλὼν
593 644 696 699 μετὰ
720 648 790 686 τοῦ
813 645 998 698 Σίμωνος
1027 645 1082 694 εἷς
1112 645 1451 699 θαυματουργιάν
1474 646 1554 686 ἔνι’-

85 730 183 768 κησε
211 714 372 770 Πέτρος
403 713 530 764 ἰάσεις
559 718 705 766 ποιῶν,
739 714 809 756 καὶ
832 715 972 756 πολλοὶ
997 711 1278 763 πιστεύσαντες
1299 714 1555 768 ἐβαπτίσθη-

86 800 177 825 σαν.
244 785 313 825 καὶ
344 777 394 838 ἦν
427 784 468 824 ἓν
498 787 550 840 τῇ
578 780 715 840 Ῥώμῃ
751 783 911 840 ταραχὴ
943 782 1071 837 πολλὴ
1105 784 1171 825 καὶ
1202 781 1392 838 σύγχυσις
1422 782 1554 826 ἔναντι

29 859 36 866 '
84 852 249 909 Πέτρου
281 853 348 894 καὶ
376 853 582 906 Σιζιιωνος,
618 850 681 894 ὅτι
706 852 915 894 κατέναντι
948 851 1135 906 ἀλλήλων
1159 853 1318 894 ε’ποιόυν
1337 850 1555 906 θαύματα.

31 932 76 968 10
88 919 188 978 ἅπερ
218 919 428 977 ἀνήνεγκεν
455 919 476 964 ὅ
507 921 681 979 ἔπαρχος
709 925 767 980 τῷ
794 922 967 978 Νέρωνι.
1037 920 1108 972 οὓς
1139 919 1330 971 κελεύσας
1359 920 1380 963 ὃ
1408 923 1555 979 Νέρων

84 990 265 1045 ἀχθῆναι
301 988 468 1033 ε’νώπιον
502 991 629 1034 αὐτοῦ
662 991 765 1047 λέγει
803 990 905 1047 πρὸς
935 991 1103 1044 Σιζιιωνα
1131 988 1213 1033 ((σῦ
1248 989 1287 1033 εἶ
1316 989 1362 1032 ὃν
1392 991 1554 1046 λέγουσι

82 1058 325 1117 Χριστόν,·”
364 1058 386 1102 ὃ
418 1060 463 1103 δέ
488 1078 611 1119 φησιν
631 1058 739 1117 “ε’γώ
766 1060 891 1113 εἷμι.”
961 1057 1110 1114 ὁμοίως
1138 1061 1181 1102 δὲ
1209 1062 1276 1102 καὶ
1301 1059 1371 1102 τὸν
1391 1060 1553 1116 Πέτρον

83 1127 409 1186 ἐπερωτήσαντος
438 1132 474 1172 εἴ
500 1131 670 1185 ἀληθῶς
699 1123 815 1179 οἷ’τός
834 1130 940 1170 ἐστιν
961 1127 981 1171 ὃ
1000 1126 1205 1186 Χριστός,
1240 1129 1441 1186 ἀπεκρίθη
1463 1129 1551 1172 Πέ-
1571 1132 1604 1168 Β

82 1215 179 1255 τρος
205 1196 310 1241 “οὖκ
335 1197 441 1242 ἔστιν
465 1193 603 1250 οὗτος·
635 1199 694 1254 μὴ
714 1199 878 1254 γένοιτο.
948 1198 1025 1255 ἐγὼ
1043 1198 1121 1255 γὰρ
1142 1199 1288 1241 ἐκείνου
1310 1201 1390 1252 εἰμὶ
1405 1203 1553 1254 μαθη-

29 1276 72 1312 15
85 1268 158 1322 τὴς
178 1272 253 1311 τοῦ
275 1270 584 1326 σταυρωθέντος
604 1270 669 1310 καὶ
689 1267 937 1317 ἀναστάντος
958 1270 1025 1310 καὶ
1045 1271 1100 1317 εἷς
1116 1268 1212 1318 τοὺς
1231 1268 1429 1324 οὐρανοὺς
1451 1268 1552 1310 ἅνα-

82 1337 356 1394 ληφθέντος]Ξ
428 1336 450 1379 ὃ
481 1339 526 1380 δὲ
555 1339 701 1394 Νέρων
730 1335 785 1387 ὡς
815 1336 1104 1393 τερατολόγους
1130 1339 1198 1380 καὶ
1227 1337 1482 1395 ἀμφοτέρους
1508 1338 1553 1379 ἔκ

81 1404 302 1462 προσώπου
332 1405 459 1449 αὐτοῦ
489 1411 644 1450 θᾶττον
677 1405 880 1462 ἐξήλασεν.
951 1407 996 1448 οἳ
1022 1408 1088 1448 καὶ
1121 1406 1326 1462 διάγοντες
1352 1407 1394 1448 ἓν
1415 1404 1553 1462 Ῥώμῃ

82 1475 244 1517 ἐποίουν
283 1473 486 1530 θαύματα
525 1476 732 1518 κατέναντι
768 1475 967 1530 ἀλλήλων.
1036 1479 1112 1535 μιᾷ
1142 1480 1240 1532 γοῦν
1276 1479 1357 1518 τῶν
1389 1472 1552 1531 ἧμερῶν

79 1543 382 1600 προστάξαντος
399 1549 473 1587 τοῦ
491 1546 677 1599 ..ίμωνος
695 1546 875 1599 ἀχθῆναι
897 1545 1006 1603 αὐτῷ
1023 1549 1174 1602 ταῦρον
1192 1545 1433 1600 παμμεγέθη
1456 1542 1553 1586 ἐλά-

24 1617 205 1668 2ολησεν
238 1615 295 1664 εἲς
321 1614 368 1657 τὸ
399 1608 470 1664 οὖς
499 1614 626 1657 αὐτοῦ
633 1647 647 1666 ,
682 1616 750 1656 καὶ
773 1614 961 1672 παρευθὺ
982 1615 1174 1669 τέθνηκεν
1192 1612 1213 1656 ὃ
1234 1618 1396 1670 ταῦρος.
1466 1610 1487 1655 ὃ
1510 1613 1557 1655 δὲ

80 1683 244 1740 Πέτρος
262 1681 479 1738 εὐξάμενος
497 1683 652 1741 ἤγειρεν
670 1682 805 1726 αὐτόν.
875 1683 913 1725 οἳ
944 1683 988 1726 δὲ
1017 1685 1108 1726 λαοὶ
1137 1681 1291 1733 ἰδόντες
1310 1680 1555 1737 ἐθαύμασαν

80 1752 261 1808 λέγοντες
296 1750 498 1808 “ἀληθῶς
536 1754 583 1797 τὸ
623 1754 870 1809 ζωογονῆσαι
910 1750 1010 1810 ὖπέρ
1051 1753 1097 1795 τὸ
1141 1756 1382 1796 θανατῶσαι
1417 1753 1555 1805 μεῖζον

79 1825 230 1876 θαῦμα
257 1822 383 1865 ε’στι’.”
456 1823 523 1864 καὶ
551 1823 687 1876 μέντοι
716 1825 782 1864 καὶ
807 1822 911 1864 ἄλλα
932 1828 1079 1877 σημεῖα
1102 1821 1294 1876 ἐποίησαν
1319 1818 1473 1873 πολλά,
1501 1820 1548 1863 οὐ
1573 1829 1606 1865 C

79 1888 207 1946 μόνον
236 1892 278 1934 ἕν
298 1888 435 1949 Ῥώμῃ
463 1891 566 1934 ἀλλὰ
593 1893 661 1934 καὶ
696 1893 737 1934 έν
770 1893 902 1952 Συρίᾳ
928 1890 1147 1949 πρότερον,
1182 1890 1298 1934 ἅτινα
1328 1888 1504 1945 Κλήμης
1529 1887 1550 1932 ὃ

78 2046 187 2081 risset
206 2045 328 2090 itaque
351 2051 447 2080 esset
468 2046 627 2091 locutus,
664 2047 920 2092 obstupuerunt
948 2045 1010 2091 qui
1041 2057 1117 2080 cum
1147 2044 1291 2079 Simone
1313 2048 1431 2089 erant,
1465 2056 1550 2091 per-

81 2091 285 2138 contatique
308 2098 390 2127 sunt
413 2093 570 2137 quisnam
594 2093 663 2128 iste
692 2094 821 2128 Petrus
847 2098 883 2127 et
905 2104 996 2138 quae
1019 2093 1093 2126 eius
1119 2096 1218 2126 tanta
1248 2097 1406 2136 potestas
1438 2095 1549 2125 esset.

80 2139 202 2172 Simon
221 2138 406 2184 respondit
428 2150 498 2173 non
521 2140 653 2174 debere
671 2139 738 2174 hoc
761 2152 821 2174 eos
843 2140 979 2174 mirari:
1013 2151 1091 2173 nam
1112 2150 1151 2172 se
1172 2138 1263 2172 idem
1287 2137 1550 2182 praestiturum.

80 2185 184 2220 simul
215 2187 293 2219 cani
325 2185 467 2220 mandat
488 2191 526 2220 ut
551 2186 699 2220 humana
720 2198 811 2221 voce
833 2186 976 2221 Petrum
1000 2186 1093 2219 intro
1117 2184 1240 2219 venire
1273 2184 1405 2218 iubeat.
1454 2183 1550 2228 quod

79 2243 156 2266 cum
181 2231 278 2266 canis
301 2232 468 2276 fecisset,
502 2232 554 2266 ita
586 2233 630 2267 ad
662 2232 837 2267 Simonem
867 2232 1017 2267 intravit
1042 2232 1190 2272 Petrus3
1224 2241 1371 2275 cumque
1402 2229 1549 2264 edendis

78 2277 254 2312 miraculis
292 2284 487 2321 certarent,
529 2279 657 2313 Petrus
692 2280 855 2314 sanandis
897 2279 1026 2313 morbis
1058 2277 1221 2322 superior
1254 2277 1334 2310 fuit.
1382 2275 1552 2320 multique

78 2324 184 2359 fidem
216 2324 367 2370 amplexi
398 2324 570 2369 baptizati
599 2331 696 2360 sunt:
733 2332 810 2361 erat
837 2331 951 2360 autem
983 2326 1115 2359 Romae
1146 2334 1288 2368 magnus
1311 2322 1476 2356 tumultus
1497 2322 1550 2356 <ob

78 2371 180 2406 Petri
203 2377 240 2404 et
263 2371 417 2405 Simonis
440 2377 616 2405 certamen
628 2398 638 2415 ,
663 2383 738 2406 cum
757 2372 846 2407 alter
864 2372 1008 2406 alterum
1025 2369 1201 2405 miraculis
1219 2369 1363 2403 edendis
1381 2379 1551 2414 superare

78 2417 327 2460 contenderet3
361 2429 451 2462 quae
486 2418 687 2463 praefectus
714 2419 812 2453 urbis
836 2421 881 2453 ad
903 2419 1082 2452 Neronem
1106 2415 1255 2449 rettulit.
1303 2416 1400 2449 Nero
1430 2416 1551 2448 ambos

80 2463 126 2498 ad
149 2475 190 2498 se
211 2463 318 2498 iussit
341 2464 484 2507 adduci,
510 2469 547 2498 et
569 2476 613 2498 ex
635 2465 778 2500 Simone
801 2464 994 2510 quaesivit,
1019 2463 1143 2508 ipsene
1164 2468 1259 2496 esset
1275 2461 1306 2495 is
1322 2472 1425 2505 quem
1442 2460 1549 2494 Chri-

80 2515 172 2545 stum
193 2509 386 2555 appellant.
436 2511 566 2544 aiebat,
612 2511 740 2546 Petrus
763 2513 882 2546 eadem
901 2512 945 2545 de
959 2523 999 2544 re
1014 2510 1251 2552 interrogatus
1274 2504 1411 2542 “absit''
1434 2507 1553 2551 inquit

89 2553 142 2591 ‘ut
163 2555 233 2590 iste
253 2557 302 2590 sit
321 2556 498 2591 Christus.
547 2568 612 2602 ego
637 2557 827 2603 discipulus
847 2569 920 2592 sum
941 2555 1074 2590 Christi
1089 2555 1266 2599 crucifixi,
1291 2554 1351 2599 qui
1367 2553 1553 2588 redivivus

78 2602 118 2636 in
144 2602 261 2637 caelos
284 2608 340 2637 est
362 2600 557 2638 sublatus.'’
603 2604 701 2637 Nero
725 2616 785 2638 eos
810 2605 927 2638 statim
951 2615 995 2637 ex
1019 2607 1209 2646 conspectu
1235 2613 1298 2635 suo
1324 2600 1427 2634 iussit
1449 2600 1552 2634 abire

81 2654 120 2683 ut
142 2649 204 2693 qui
227 2649 430 2694 prodigiose
452 2655 679 2694 nugarentur.
725 2650 777 2684 illi
800 2651 933 2685 Romae
957 2651 1125 2693 degentes
1148 2647 1325 2682 miraculis
1354 2647 1553 2681 certabant.

79 2696 230 2741 quodam
253 2694 310 2729 die
334 2696 454 2730 Simon
480 2695 658 2740 ingentem
681 2701 816 2731 taurum
839 2698 883 2731 ad
907 2708 946 2730 se
969 2694 1096 2729 adduci
1118 2693 1240 2738 iussit,
1276 2704 1422 2738 cumque
1451 2693 1485 2727 ei
1511 2692 1551 2726 in

79 2752 199 2776 aurem
232 2741 363 2786 aliquid
393 2742 562 2785 dixisset,
601 2742 633 2776 is
666 2742 760 2777 illico
791 2749 947 2778 mortuus
981 2745 1047 2775 est.
1108 2751 1210 2785 quem
1240 2744 1377 2774 taurum
1397 2739 1551 2788 ·Petrus,

79 2788 181 2822 deum
203 2793 464 2834 comprecatus,
487 2789 524 2822 in
548 2788 656 2823 vitam
678 2789 877 2823 revocavit.
937 2788 1031 2833 quod
1053 2786 1201 2832 populus
1225 2798 1372 2821 cernens
1396 2786 1549 2821 admira-

77 2840 136 2868 tus
155 2839 227 2879 est,
250 2835 435 2880 fassusque
458 2835 569 2869 maius
593 2846 672 2870 esse
695 2834 899 2870 vivificandi
923 2845 1024 2879 quam
1047 2832 1197 2868 necandi
1216 2832 1431 2868 miraculum.
1480 2831 1550 2867 alia

76 2890 218 2929 quoque
249 2880 419 2917 miramla
449 2881 657 2927 ediderunt,
687 2893 803 2928 neque
831 2882 870 2917 id
899 2881 1034 2916 Romae
1060 2880 1163 2916 modo
1185 2880 1361 2916 sedante
1383 2879 1489 2916 etiam
1510 2878 1548 2913 in
