<?xml version="1.0" encoding="UTF-8"?>
<!DOCTYPE html PUBLIC "-//W3C//DTD XHTML 1.0 Transitional//EN"
    "http://www.w3.org/TR/xhtml1/DTD/xhtml1-transitional.dtd">
<html xmlns="http://www.w3.org/1999/xhtml" xml:lang="en" lang="en">
 <head>
  <title>
</title>
<meta http-equiv="Content-Type" content="text/html;charset=utf-8" />
  <meta name='ocr-system' content='tesseract 3.04.00' />
  <meta name='ocr-capabilities' content='ocr_page ocr_carea ocr_par ocr_line ocrx_word'/>
</head>
<body>
  <div class='ocr_page' id='page_1' title='image "./corpusscriptorum13niebuoft_0283.png"; bbox 0 0 1742 3184; ppageno 0'>
   <div class='ocr_carea' id='block_1_1' title="bbox 426 193 1586 247">
    <p class='ocr_par' dir='ltr' id='par_1_1' title="bbox 426 193 1586 247">
     <span class='ocr_line' id='line_1_1' title="bbox 426 193 1586 247; baseline 0.008 -9"><span class='ocrx_word' id='word_1_1' title='bbox 426 193 827 240; x_wconf 82' lang='lat' dir='ltr'>HISTORIARUM</span> <span class='ocrx_word' id='word_1_2' title='bbox 862 194 1257 240; x_wconf 84' lang='lat' dir='ltr'>COMPENDIUM.</span> <span class='ocrx_word' id='word_1_3' title='bbox 1485 198 1586 247; x_wconf 82' lang='lat'>259</span> 
     </span>
    </p>
   </div>
   <div class='ocr_carea' id='block_1_2' title="bbox 20 307 1717 1895">
    <p class='ocr_par' dir='ltr' id='par_1_2' title="bbox 20 307 1717 1895">
     <span class='ocr_line' id='line_1_2' title="bbox 100 307 1585 373; baseline 0.002 -18"><span class='ocrx_word' id='word_1_4' title='bbox 100 310 148 355; x_wconf 78' lang='grc' dir='ltr'><strong><em>τὸ</em></strong></span> <span class='ocrx_word' id='word_1_5' title='bbox 169 307 325 363; x_wconf 78' lang='grc' dir='ltr'><strong><em>λευκόν,</em></strong></span> <span class='ocrx_word' id='word_1_6' title='bbox 353 310 536 355; x_wconf 77' lang='grc' dir='ltr'><strong><em>τουτέστι</em></strong></span> <span class='ocrx_word' id='word_1_7' title='bbox 553 309 624 354; x_wconf 80' lang='grc' dir='ltr'>τὸν</span> <span class='ocrx_word' id='word_1_8' title='bbox 642 309 759 369; x_wconf 77' lang='grc' dir='ltr'><strong><em>ἀέρα,</em></strong></span> <span class='ocrx_word' id='word_1_9' title='bbox 789 307 894 355; x_wconf 88' lang='grc' dir='ltr'><strong><em>διότι</em></strong></span> <span class='ocrx_word' id='word_1_10' title='bbox 913 307 1086 370; x_wconf 67' lang='grc' dir='ltr'><strong><em>ἑκάτερα</em></strong></span> <span class='ocrx_word' id='word_1_11' title='bbox 1103 315 1178 367; x_wconf 76' lang='grc' dir='ltr'><strong><em>τῆς</em></strong></span> <span class='ocrx_word' id='word_1_12' title='bbox 1196 307 1386 369; x_wconf 74' lang='grc' dir='ltr'><strong><em>ἀλλήλων</em></strong></span> <span class='ocrx_word' id='word_1_13' title='bbox 1404 312 1585 373; x_wconf 69' lang='grc' dir='ltr'><strong><em>συγκρά·</em></strong></span> 
     </span>
     <span class='ocr_line' id='line_1_3' title="bbox 98 378 1635 441; baseline -0.001 -17"><span class='ocrx_word' id='word_1_14' title='bbox 98 398 203 432; x_wconf 83' lang='grc' dir='ltr'><strong><em>σεως</em></strong></span> <span class='ocrx_word' id='word_1_15' title='bbox 231 382 404 424; x_wconf 83' lang='grc' dir='ltr'><strong><em>δέονται.</em></strong></span> <span class='ocrx_word' id='word_1_16' title='bbox 474 378 626 434; x_wconf 74' lang='grc' dir='ltr'><strong><em>ὁμοίως</em></strong></span> <span class='ocrx_word' id='word_1_17' title='bbox 650 383 718 424; x_wconf 81' lang='grc' dir='ltr'><strong><em>καὶ</em></strong></span> <span class='ocrx_word' id='word_1_18' title='bbox 748 381 794 424; x_wconf 83' lang='grc' dir='ltr'><strong><em>τὸ</em></strong></span> <span class='ocrx_word' id='word_1_19' title='bbox 824 379 988 439; x_wconf 79' lang='grc' dir='ltr'><strong><em>ῥούσιον</em></strong></span> <span class='ocrx_word' id='word_1_20' title='bbox 1009 386 1069 440; x_wconf 78' lang='grc' dir='ltr'><strong><em>τῷ</em></strong></span> <span class='ocrx_word' id='word_1_21' title='bbox 1089 385 1224 441; x_wconf 78' lang='grc' dir='ltr'><strong><em>κυανῷ</em></strong></span> <span class='ocrx_word' id='word_1_22' title='bbox 1245 380 1416 434; x_wconf 77' lang='grc' dir='ltr'><strong><em>ὖπὲταξε</em></strong></span> <span class='ocrx_word' id='word_1_23' title='bbox 1427 415 1441 435; x_wconf 88' lang='grc'><strong><em>,</em></strong></span> <span class='ocrx_word' id='word_1_24' title='bbox 1477 383 1580 429; x_wconf 88' lang='grc' dir='ltr'><strong><em>διότι</em></strong></span> <span class='ocrx_word' id='word_1_25' title='bbox 1601 387 1635 423; x_wconf 88' lang='lat' dir='ltr'>D</span> 
     </span>
     <span class='ocr_line' id='line_1_4' title="bbox 98 447 1583 511; baseline 0.002 -18"><span class='ocrx_word' id='word_1_26' title='bbox 98 451 145 493; x_wconf 85' lang='grc' dir='ltr'><strong><em>τὸ</em></strong></span> <span class='ocrx_word' id='word_1_27' title='bbox 165 455 247 507; x_wconf 77' lang='grc' dir='ltr'>πῦρ</span> <span class='ocrx_word' id='word_1_28' title='bbox 264 447 473 493; x_wconf 74' lang='grc' dir='ltr'><strong><em>ὑπόκειται</em></strong></span> <span class='ocrx_word' id='word_1_29' title='bbox 492 454 553 508; x_wconf 75' lang='grc' dir='ltr'><strong><em>τῷ</em></strong></span> <span class='ocrx_word' id='word_1_30' title='bbox 567 448 702 494; x_wconf 71' lang='grc' dir='ltr'><strong><em>ὕδατι.</em></strong></span> <span class='ocrx_word' id='word_1_31' title='bbox 749 451 954 494; x_wconf 73' lang='grc' dir='ltr'><em>ἐπετέλεσε</em></span> <span class='ocrx_word' id='word_1_32' title='bbox 975 450 1021 493; x_wconf 76' lang='grc' dir='ltr'>δὲ</span> <span class='ocrx_word' id='word_1_33' title='bbox 1042 452 1110 494; x_wconf 80' lang='grc' dir='ltr'><strong><em>καὶ</em></strong></span> <span class='ocrx_word' id='word_1_34' title='bbox 1133 450 1185 494; x_wconf 78' lang='grc' dir='ltr'><strong><em>τὰ</em></strong></span> <span class='ocrx_word' id='word_1_35' title='bbox 1204 449 1436 507; x_wconf 75' lang='grc' dir='ltr'><strong><em>καλούμενα</em></strong></span> <span class='ocrx_word' id='word_1_36' title='bbox 1451 457 1583 511; x_wconf 59' lang='grc' dir='ltr'><strong><em>βρου-</em></strong></span> 
     </span>
     <span class='ocr_line' id='line_1_5' title="bbox 95 517 1586 578; baseline 0.003 -16"><span class='ocrx_word' id='word_1_37' title='bbox 95 518 240 574; x_wconf 84' lang='grc' dir='ltr'><strong><em>μάλια,</em></strong></span> <span class='ocrx_word' id='word_1_38' title='bbox 266 517 456 577; x_wconf 83' lang='grc' dir='ltr'><strong><em>καθάπερ</em></strong></span> <span class='ocrx_word' id='word_1_39' title='bbox 474 519 511 562; x_wconf 77' lang='grc' dir='ltr'>οἱ</span> <span class='ocrx_word' id='word_1_40' title='bbox 526 521 696 577; x_wconf 76' lang='grc' dir='ltr'><strong><em>γεωργοὶ</em></strong></span> <span class='ocrx_word' id='word_1_41' title='bbox 713 519 816 575; x_wconf 77' lang='grc' dir='ltr'><strong><em>μετὰ</em></strong></span> <span class='ocrx_word' id='word_1_42' title='bbox 838 518 912 576; x_wconf 83' lang='grc' dir='ltr'>τὴν</span> <span class='ocrx_word' id='word_1_43' title='bbox 931 522 1126 577; x_wconf 74' lang='grc' dir='ltr'><strong><em>γηπονίαν</em></strong></span> <span class='ocrx_word' id='word_1_44' title='bbox 1142 520 1443 575; x_wconf 78' lang='grc' dir='ltr'><strong><em>ἀναπαυόμενοι</em></strong></span> <span class='ocrx_word' id='word_1_45' title='bbox 1463 522 1586 578; x_wconf 81' lang='grc' dir='ltr'><strong><em>ἄμοι-</em></strong></span> 
     </span>
     <span class='ocr_line' id='line_1_6' title="bbox 61 586 1585 648; baseline 0.001 -14"><span class='ocrx_word' id='word_1_46' title='bbox 61 588 231 644; x_wconf 80' lang='grc' dir='ltr'><strong><em>6βαδόν</em></strong></span> <span class='ocrx_word' id='word_1_47' title='bbox 265 586 436 640; x_wconf 68' lang='grc' dir='ltr'><strong><em>ἑαυτοὺς</em></strong></span> <span class='ocrx_word' id='word_1_48' title='bbox 467 588 694 647; x_wconf 76' lang='grc' dir='ltr'><strong><em>ἅπέτρεφον</em></strong></span> <span class='ocrx_word' id='word_1_49' title='bbox 726 591 1064 647; x_wconf 77' lang='grc' dir='ltr'><strong><em>πανηγυρίζοντες</em></strong></span> <span class='ocrx_word' id='word_1_50' title='bbox 1090 591 1158 633; x_wconf 78' lang='grc' dir='ltr'><strong><em>καὶ</em></strong></span> <span class='ocrx_word' id='word_1_51' title='bbox 1189 590 1489 648; x_wconf 74' lang='grc' dir='ltr'><strong><em>ἀγραυλοῦντες</em></strong></span> <span class='ocrx_word' id='word_1_52' title='bbox 1521 594 1585 635; x_wconf 69' lang='grc' dir='ltr'><strong><em>ε’πὶ</em></strong></span> 
     </span>
     <span class='ocr_line' id='line_1_7' title="bbox 92 655 1582 717; baseline 0.003 -17"><span class='ocrx_word' id='word_1_53' title='bbox 92 665 179 708; x_wconf 78' lang='grc' dir='ltr'><strong><em>τοῖς</em></strong></span> <span class='ocrx_word' id='word_1_54' title='bbox 212 655 400 712; x_wconf 80' lang='grc' dir='ltr'><strong><em>ἀλλήλων</em></strong></span> <span class='ocrx_word' id='word_1_55' title='bbox 436 656 642 712; x_wconf 78' lang='grc' dir='ltr'><strong><em>ὀνόμασιν.</em></strong></span> <span class='ocrx_word' id='word_1_56' title='bbox 714 657 821 701; x_wconf 78' lang='grc' dir='ltr'><strong><em>ἀλλὰ</em></strong></span> <span class='ocrx_word' id='word_1_57' title='bbox 853 660 922 702; x_wconf 85' lang='grc' dir='ltr'><strong><em>καὶ</em></strong></span> <span class='ocrx_word' id='word_1_58' title='bbox 955 659 1030 713; x_wconf 84' lang='grc' dir='ltr'>τὴν</span> <span class='ocrx_word' id='word_1_59' title='bbox 1054 657 1214 716; x_wconf 80' lang='grc' dir='ltr'><em>Ῥώμην</em></span> <span class='ocrx_word' id='word_1_60' title='bbox 1245 663 1349 703; x_wconf 83' lang='grc' dir='ltr'><strong><em>λαοῦ</em></strong></span> <span class='ocrx_word' id='word_1_61' title='bbox 1378 661 1582 717; x_wconf 73' lang='grc' dir='ltr'><strong><em>ἐνέπλησε,</em></strong></span> 
     </span>
     <span class='ocr_line' id='line_1_8' title="bbox 92 725 1581 789; baseline 0.003 -19"><span class='ocrx_word' id='word_1_62' title='bbox 92 730 269 770; x_wconf 82' lang='grc' dir='ltr'><strong><em>πολιτῶν</em></strong></span> <span class='ocrx_word' id='word_1_63' title='bbox 295 726 343 770; x_wconf 82' lang='grc' dir='ltr'><strong><em>τὸ</em></strong></span> <span class='ocrx_word' id='word_1_64' title='bbox 372 732 535 784; x_wconf 84' lang='grc' dir='ltr'><strong><em>πρῶτον</em></strong></span> <span class='ocrx_word' id='word_1_65' title='bbox 563 728 850 789; x_wconf 80' lang='grc' dir='ltr'><strong><em>σπανίζουσαν.</em></strong></span> <span class='ocrx_word' id='word_1_66' title='bbox 919 730 988 771; x_wconf 79' lang='grc' dir='ltr'><strong><em>καὶ</em></strong></span> <span class='ocrx_word' id='word_1_67' title='bbox 1008 725 1134 783; x_wconf 87' lang='grc' dir='ltr'><strong><em>νόμον</em></strong></span> <span class='ocrx_word' id='word_1_68' title='bbox 1151 731 1292 785; x_wconf 87' lang='grc' dir='ltr'><strong><em>τίθησι</em></strong></span> <span class='ocrx_word' id='word_1_69' title='bbox 1314 730 1410 781; x_wconf 74' lang='grc' dir='ltr'><strong><em>τοὺς</em></strong></span> <span class='ocrx_word' id='word_1_70' title='bbox 1430 733 1581 783; x_wconf 82' lang='grc' dir='ltr'><strong><em>παῖδας</em></strong></span> 
     </span>
     <span class='ocr_line' id='line_1_9' title="bbox 92 794 1580 857; baseline 0.004 -19"><span class='ocrx_word' id='word_1_71' title='bbox 92 797 135 838; x_wconf 73' lang='grc' dir='ltr'>ἓν</span> <span class='ocrx_word' id='word_1_72' title='bbox 160 798 325 839; x_wconf 80' lang='grc' dir='ltr'><strong><em>οἴκετῶν</em></strong></span> <span class='ocrx_word' id='word_1_73' title='bbox 350 798 478 857; x_wconf 72' lang='grc' dir='ltr'><strong><em>μοίρᾳ</em></strong></span> <span class='ocrx_word' id='word_1_74' title='bbox 505 803 592 847; x_wconf 83' lang='grc' dir='ltr'><strong><em>τοῖς</em></strong></span> <span class='ocrx_word' id='word_1_75' title='bbox 619 795 824 855; x_wconf 78' lang='grc' dir='ltr'><strong><em>πατράσιν</em></strong></span> <span class='ocrx_word' id='word_1_76' title='bbox 852 794 1050 841; x_wconf 78' lang='grc' dir='ltr'><strong><em>ὗπείκειν·</em></strong></span> <span class='ocrx_word' id='word_1_77' title='bbox 1081 797 1127 850; x_wconf 76' lang='grc' dir='ltr'>ὃς</span> <span class='ocrx_word' id='word_1_78' title='bbox 1144 799 1264 855; x_wconf 81' lang='grc' dir='ltr'><strong><em>μέχρι</em></strong></span> <span class='ocrx_word' id='word_1_79' title='bbox 1284 803 1360 842; x_wconf 83' lang='grc' dir='ltr'>τοῦ</span> <span class='ocrx_word' id='word_1_80' title='bbox 1377 798 1580 857; x_wconf 82' lang='grc' dir='ltr'><strong><em>παρόντος</em></strong></span> 
     </span>
     <span class='ocr_line' id='line_1_10' title="bbox 89 863 1580 924; baseline 0.003 -16"><span class='ocrx_word' id='word_1_81' title='bbox 89 865 204 924; x_wconf 77' lang='grc' dir='ltr'><strong><em>παρὰ</em></strong></span> <span class='ocrx_word' id='word_1_82' title='bbox 231 863 452 921; x_wconf 85' lang='grc' dir='ltr'><strong><em>Ῥωμαίοις</em></strong></span> <span class='ocrx_word' id='word_1_83' title='bbox 490 863 746 923; x_wconf 72' lang='grc' dir='ltr'><strong><em>κρατύνεται.</em></strong></span> <span class='ocrx_word' id='word_1_84' title='bbox 814 865 1079 924; x_wconf 79' lang='grc' dir='ltr'><strong><em>αὗταρχήσας</em></strong></span> <span class='ocrx_word' id='word_1_85' title='bbox 1112 869 1158 911; x_wconf 78' lang='grc' dir='ltr'>δὲ</span> <span class='ocrx_word' id='word_1_86' title='bbox 1187 868 1247 921; x_wconf 83' lang='grc' dir='ltr'>λζ’</span> <span class='ocrx_word' id='word_1_87' title='bbox 1278 867 1347 924; x_wconf 70' lang='grc' dir='ltr'><strong><em>ἕτη</em></strong></span> <span class='ocrx_word' id='word_1_88' title='bbox 1371 866 1580 924; x_wconf 80' lang='grc' dir='ltr'><strong><em>Ῥωμύλος</em></strong></span> 
     </span>
     <span class='ocr_line' id='line_1_11' title="bbox 34 930 1579 996; baseline 0.001 -18"><span class='ocrx_word' id='word_1_89' title='bbox 34 946 80 983; x_wconf 87' lang='lat'>10</span> <span class='ocrx_word' id='word_1_90' title='bbox 90 933 279 979; x_wconf 75' lang='grc' dir='ltr'><strong><em>καταλύει</em></strong></span> <span class='ocrx_word' id='word_1_91' title='bbox 301 935 371 978; x_wconf 84' lang='grc' dir='ltr'>τὸν</span> <span class='ocrx_word' id='word_1_92' title='bbox 392 937 497 989; x_wconf 83' lang='grc' dir='ltr'><strong><em>βίον.</em></strong></span> <span class='ocrx_word' id='word_1_93' title='bbox 565 930 684 987; x_wconf 70' lang='grc' dir='ltr'><strong><em>οὗτος</em></strong></span> <span class='ocrx_word' id='word_1_94' title='bbox 703 934 969 991; x_wconf 78' lang='grc' dir='ltr'><strong><em>μετωνόμασε</em></strong></span> <span class='ocrx_word' id='word_1_95' title='bbox 990 937 1064 992; x_wconf 72' lang='grc' dir='ltr'>τὴν</span> <span class='ocrx_word' id='word_1_96' title='bbox 1081 935 1199 980; x_wconf 85' lang='grc' dir='ltr'><strong><em>πόλιν</em></strong></span> <span class='ocrx_word' id='word_1_97' title='bbox 1221 939 1288 980; x_wconf 77' lang='grc' dir='ltr'><strong><em>καὶ</em></strong></span> <span class='ocrx_word' id='word_1_98' title='bbox 1310 937 1356 981; x_wconf 81' lang='grc' dir='ltr'><strong><em>τὸ</em></strong></span> <span class='ocrx_word' id='word_1_99' title='bbox 1377 937 1498 990; x_wconf 64' lang='grc' dir='ltr'><strong><em>ἔθνος</em></strong></span> <span class='ocrx_word' id='word_1_100' title='bbox 1519 943 1579 996; x_wconf 74' lang='grc' dir='ltr'><strong><em>τῷ</em></strong></span> 
     </span>
     <span class='ocr_line' id='line_1_12' title="bbox 88 1003 1576 1066; baseline 0.003 -19"><span class='ocrx_word' id='word_1_101' title='bbox 88 1007 179 1063; x_wconf 75' lang='grc' dir='ltr'><strong><em>ἰδίῳ</em></strong></span> <span class='ocrx_word' id='word_1_102' title='bbox 209 1003 377 1059; x_wconf 81' lang='grc' dir='ltr'><strong><em>ὀνόματι</em></strong></span> <span class='ocrx_word' id='word_1_103' title='bbox 403 1003 651 1059; x_wconf 76' lang='grc' dir='ltr'><strong><em>Ῥωμαίους,</em></strong></span> <span class='ocrx_word' id='word_1_104' title='bbox 680 1004 878 1064; x_wconf 82' lang='grc' dir='ltr'><strong><em>πρότερον</em></strong></span> <span class='ocrx_word' id='word_1_105' title='bbox 898 1007 1137 1063; x_wconf 78' lang='grc' dir='ltr'><strong><em>λεγομένους</em></strong></span> <span class='ocrx_word' id='word_1_106' title='bbox 1157 1007 1392 1060; x_wconf 81' lang='grc' dir='ltr'><strong><em>Λατίνους,</em></strong></span> <span class='ocrx_word' id='word_1_107' title='bbox 1428 1009 1508 1066; x_wconf 86' lang='grc' dir='ltr'>πρὸ</span> <span class='ocrx_word' id='word_1_108' title='bbox 1530 1009 1576 1055; x_wconf 75' lang='grc' dir='ltr'>δὲ</span> 
     </span>
     <span class='ocr_line' id='line_1_13' title="bbox 86 1072 514 1130; baseline -0.005 -12"><span class='ocrx_word' id='word_1_109' title='bbox 86 1072 233 1118; x_wconf 76' lang='grc' dir='ltr'><strong><em>τούτου</em></strong></span> <span class='ocrx_word' id='word_1_110' title='bbox 247 1074 514 1130; x_wconf 77' lang='grc' dir='ltr'><strong><em>Ἀβοριγίνας.</em></strong></span> 
     </span>
     <span class='ocr_line' id='line_1_14' title="bbox 223 1141 1717 1200; baseline 0.001 -13"><span class='ocrx_word' id='word_1_111' title='bbox 223 1147 399 1199; x_wconf 81' lang='grc' dir='ltr'><strong><em>Νουμᾶς</em></strong></span> <span class='ocrx_word' id='word_1_112' title='bbox 437 1142 674 1198; x_wconf 85' lang='grc' dir='ltr'><strong><em>Πομπίλιος</em></strong></span> <span class='ocrx_word' id='word_1_113' title='bbox 711 1146 906 1199; x_wconf 76' lang='grc' dir='ltr'><strong><em>Σαβῖνος·</em></strong></span> <span class='ocrx_word' id='word_1_114' title='bbox 927 1143 1034 1199; x_wconf 79' lang='grc' dir='ltr'><strong><em>μετὰ</em></strong></span> <span class='ocrx_word' id='word_1_115' title='bbox 1069 1141 1280 1199; x_wconf 78' lang='grc' dir='ltr'><strong><em>Ῥωμύλον</em></strong></span> <span class='ocrx_word' id='word_1_116' title='bbox 1319 1146 1569 1200; x_wconf 68' lang='grc' dir='ltr'><strong><em>ἐβασίλευσε.</em></strong></span> <span class='ocrx_word' id='word_1_117' title='bbox 1593 1148 1624 1184; x_wconf 88' lang='grc' dir='ltr'><strong>Ρ</strong></span> <span class='ocrx_word' id='word_1_118' title='bbox 1649 1149 1717 1189; x_wconf 82' lang='lat'>148</span> 
     </span>
     <span class='ocr_line' id='line_1_15' title="bbox 84 1209 1574 1272; baseline 0.001 -17"><span class='ocrx_word' id='word_1_119' title='bbox 84 1209 264 1268; x_wconf 80' lang='grc' dir='ltr'><strong><em>πόλεμον</em></strong></span> <span class='ocrx_word' id='word_1_120' title='bbox 296 1215 371 1269; x_wconf 70' lang='grc' dir='ltr'>μὲν</span> <span class='ocrx_word' id='word_1_121' title='bbox 406 1213 551 1256; x_wconf 80' lang='grc' dir='ltr'><strong><em>οὖδένα</em></strong></span> <span class='ocrx_word' id='word_1_122' title='bbox 582 1210 744 1256; x_wconf 81' lang='grc' dir='ltr'><strong><em>πώποτε</em></strong></span> <span class='ocrx_word' id='word_1_123' title='bbox 774 1210 1029 1272; x_wconf 81' lang='grc' dir='ltr'><strong><em>διῳκήσατο,</em></strong></span> <span class='ocrx_word' id='word_1_124' title='bbox 1073 1213 1126 1256; x_wconf 81' lang='grc' dir='ltr'><strong><em>τὰ</em></strong></span> <span class='ocrx_word' id='word_1_125' title='bbox 1158 1214 1203 1256; x_wconf 79' lang='grc' dir='ltr'>δὲ</span> <span class='ocrx_word' id='word_1_126' title='bbox 1232 1213 1339 1257; x_wconf 80' lang='grc' dir='ltr'><strong><em>κατὰ</em></strong></span> <span class='ocrx_word' id='word_1_127' title='bbox 1370 1213 1487 1257; x_wconf 87' lang='grc' dir='ltr'><strong><em>πόλιν</em></strong></span> <span class='ocrx_word' id='word_1_128' title='bbox 1517 1218 1574 1267; x_wconf 79' lang='grc' dir='ltr'>εἷς</span> 
     </span>
     <span class='ocr_line' id='line_1_16' title="bbox 28 1269 1573 1341; baseline -0.001 -12"><span class='ocrx_word' id='word_1_129' title='bbox 28 1292 74 1329; x_wconf 86' lang='grc'>15</span> <span class='ocrx_word' id='word_1_130' title='bbox 85 1282 131 1326; x_wconf 88' lang='grc' dir='ltr'><strong><em>τὸ</em></strong></span> <span class='ocrx_word' id='word_1_131' title='bbox 163 1281 476 1341; x_wconf 79' lang='grc' dir='ltr'><strong><em>ὠφελιμώτερον</em></strong></span> <span class='ocrx_word' id='word_1_132' title='bbox 504 1280 734 1336; x_wconf 83' lang='grc' dir='ltr'><strong><em>διεκόσμει,</em></strong></span> <span class='ocrx_word' id='word_1_133' title='bbox 768 1281 921 1336; x_wconf 87' lang='grc' dir='ltr'><strong><em>νόμους</em></strong></span> <span class='ocrx_word' id='word_1_134' title='bbox 939 1281 1005 1326; x_wconf 81' lang='grc' dir='ltr'>ὅτε</span> <span class='ocrx_word' id='word_1_135' title='bbox 1025 1283 1231 1334; x_wconf 81' lang='grc' dir='ltr'><strong><em>καθιστὰς</em></strong></span> <span class='ocrx_word' id='word_1_136' title='bbox 1251 1269 1484 1335; x_wconf 73' lang='grc' dir='ltr'><strong><em>πολιτικοὺς</em></strong></span> <span class='ocrx_word' id='word_1_137' title='bbox 1503 1286 1573 1327; x_wconf 80' lang='grc' dir='ltr'><strong><em>καὶ</em></strong></span> 
     </span>
     <span class='ocr_line' id='line_1_17' title="bbox 81 1346 1573 1410; baseline 0.001 -15"><span class='ocrx_word' id='word_1_138' title='bbox 81 1350 260 1409; x_wconf 74' lang='grc' dir='ltr'><strong><em>ἡμέρους</em></strong></span> <span class='ocrx_word' id='word_1_139' title='bbox 268 1384 282 1404; x_wconf 87' lang='grc'><strong><em>,</em></strong></span> <span class='ocrx_word' id='word_1_140' title='bbox 330 1352 389 1395; x_wconf 77' lang='grc' dir='ltr'><strong><em>δι’</em></strong></span> <span class='ocrx_word' id='word_1_141' title='bbox 425 1346 483 1395; x_wconf 77' lang='grc' dir='ltr'>ὧν</span> <span class='ocrx_word' id='word_1_142' title='bbox 519 1351 706 1403; x_wconf 77' lang='grc' dir='ltr'><strong><em>ἀστείους</em></strong></span> <span class='ocrx_word' id='word_1_143' title='bbox 738 1368 780 1394; x_wconf 86' lang='grc' dir='ltr'>τε</span> <span class='ocrx_word' id='word_1_144' title='bbox 812 1353 880 1394; x_wconf 76' lang='grc' dir='ltr'><strong><em>καὶ</em></strong></span> <span class='ocrx_word' id='word_1_145' title='bbox 917 1350 1243 1410; x_wconf 72' lang='grc' dir='ltr'><strong><em>φιλανθρώπους</em></strong></span> <span class='ocrx_word' id='word_1_146' title='bbox 1274 1353 1372 1404; x_wconf 76' lang='grc' dir='ltr'><strong><em>τοὺς</em></strong></span> <span class='ocrx_word' id='word_1_147' title='bbox 1404 1355 1573 1405; x_wconf 85' lang='grc' dir='ltr'><strong><em>πολίτας</em></strong></span> 
     </span>
     <span class='ocr_line' id='line_1_18' title="bbox 79 1418 1572 1478; baseline 0.001 -15"><span class='ocrx_word' id='word_1_148' title='bbox 79 1419 355 1478; x_wconf 72' lang='grc' dir='ltr'><strong><em>ἀπειργάζετο.</em></strong></span> <span class='ocrx_word' id='word_1_149' title='bbox 426 1418 611 1464; x_wconf 73' lang='grc' dir='ltr'><strong><em>ἐνιαυτόν</em></strong></span> <span class='ocrx_word' id='word_1_150' title='bbox 643 1437 685 1464; x_wconf 88' lang='grc' dir='ltr'>τε</span> <span class='ocrx_word' id='word_1_151' title='bbox 719 1425 882 1477; x_wconf 82' lang='grc' dir='ltr'><strong><em>πρῶτος</em></strong></span> <span class='ocrx_word' id='word_1_152' title='bbox 914 1419 1059 1478; x_wconf 74' lang='grc' dir='ltr'><strong><em>εὕρατο</em></strong></span> <span class='ocrx_word' id='word_1_153' title='bbox 1076 1453 1090 1473; x_wconf 80' lang='grc'><strong><em>,</em></strong></span> <span class='ocrx_word' id='word_1_154' title='bbox 1126 1419 1216 1478; x_wconf 76' lang='grc' dir='ltr'><strong><em>ἱερά</em></strong></span> <span class='ocrx_word' id='word_1_155' title='bbox 1240 1439 1284 1464; x_wconf 87' lang='grc' dir='ltr'>τε</span> <span class='ocrx_word' id='word_1_156' title='bbox 1307 1426 1475 1465; x_wconf 79' lang='grc' dir='ltr'><strong><em>πλεῖστα</em></strong></span> <span class='ocrx_word' id='word_1_157' title='bbox 1502 1424 1572 1465; x_wconf 81' lang='grc' dir='ltr'><strong><em>καὶ</em></strong></span> 
     </span>
     <span class='ocr_line' id='line_1_19' title="bbox 77 1488 1572 1549; baseline 0.001 -16"><span class='ocrx_word' id='word_1_158' title='bbox 77 1491 222 1546; x_wconf 80' lang='grc' dir='ltr'><strong><em>τεμένη</em></strong></span> <span class='ocrx_word' id='word_1_159' title='bbox 253 1495 366 1534; x_wconf 81' lang='grc' dir='ltr'><strong><em>θεῶν</em></strong></span> <span class='ocrx_word' id='word_1_160' title='bbox 394 1488 606 1548; x_wconf 76' lang='grc' dir='ltr'><strong><em>ἱδρύσατο.</em></strong></span> <span class='ocrx_word' id='word_1_161' title='bbox 674 1491 742 1532; x_wconf 83' lang='grc' dir='ltr'><strong><em>καὶ</em></strong></span> <span class='ocrx_word' id='word_1_162' title='bbox 764 1490 840 1541; x_wconf 83' lang='grc' dir='ltr'><strong><em>τὰς</em></strong></span> <span class='ocrx_word' id='word_1_163' title='bbox 853 1488 1073 1542; x_wconf 78' lang='grc' dir='ltr'><strong><em>Ἑστιάδας</em></strong></span> <span class='ocrx_word' id='word_1_164' title='bbox 1092 1491 1326 1548; x_wconf 73' lang='grc' dir='ltr'><strong><em>παρθένους</em></strong></span> <span class='ocrx_word' id='word_1_165' title='bbox 1348 1496 1422 1534; x_wconf 85' lang='grc' dir='ltr'><strong><em>τοῦ</em></strong></span> <span class='ocrx_word' id='word_1_166' title='bbox 1442 1492 1572 1549; x_wconf 84' lang='grc' dir='ltr'><strong><em>πυρὸς</em></strong></span> 
     </span>
     <span class='ocr_line' id='line_1_20' title="bbox 78 1558 1569 1617; baseline 0 -14"><span class='ocrx_word' id='word_1_167' title='bbox 78 1562 147 1603; x_wconf 82' lang='grc' dir='ltr'><strong><em>καὶ</em></strong></span> <span class='ocrx_word' id='word_1_168' title='bbox 178 1558 330 1612; x_wconf 68' lang='grc' dir='ltr'><strong><em>ὕδατος</em></strong></span> <span class='ocrx_word' id='word_1_169' title='bbox 359 1559 435 1615; x_wconf 80' lang='grc' dir='ltr'>τὴν</span> <span class='ocrx_word' id='word_1_170' title='bbox 466 1560 696 1615; x_wconf 69' lang='grc' dir='ltr'><strong><em>ἐπιμέλειαν</em></strong></span> <span class='ocrx_word' id='word_1_171' title='bbox 723 1558 827 1615; x_wconf 55' lang='grc' dir='ltr'><strong><em>ἔχειν</em></strong></span> <span class='ocrx_word' id='word_1_172' title='bbox 853 1559 1074 1617; x_wconf 70' lang='grc' dir='ltr'><strong><em>ἐπέτρεψεν</em></strong></span> <span class='ocrx_word' id='word_1_173' title='bbox 1083 1591 1097 1612; x_wconf 84' lang='grc'><strong><em>,</em></strong></span> <span class='ocrx_word' id='word_1_174' title='bbox 1134 1560 1186 1602; x_wconf 74' lang='grc' dir='ltr'><strong><em>αἳ</em></strong></span> <span class='ocrx_word' id='word_1_175' title='bbox 1198 1560 1269 1603; x_wconf 84' lang='grc' dir='ltr'><strong><em>διὰ</em></strong></span> <span class='ocrx_word' id='word_1_176' title='bbox 1288 1565 1361 1603; x_wconf 87' lang='grc' dir='ltr'>τοῦ</span> <span class='ocrx_word' id='word_1_177' title='bbox 1377 1561 1474 1616; x_wconf 79' lang='grc' dir='ltr'><strong><em>βίον</em></strong></span> <span class='ocrx_word' id='word_1_178' title='bbox 1494 1562 1569 1616; x_wconf 77' lang='grc' dir='ltr'>τὴν</span> 
     </span>
     <span class='ocr_line' id='line_1_21' title="bbox 20 1626 1566 1688; baseline 0.001 -17"><span class='ocrx_word' id='word_1_179' title='bbox 20 1630 308 1687; x_wconf 67' lang='grc' dir='ltr'><strong><em>Ξοπαρθενίαν</em></strong></span> <span class='ocrx_word' id='word_1_180' title='bbox 335 1628 585 1688; x_wconf 72' lang='grc' dir='ltr'><strong><em>ἐφύλαττον·</em></strong></span> <span class='ocrx_word' id='word_1_181' title='bbox 618 1630 655 1672; x_wconf 83' lang='grc' dir='ltr'>εἶ</span> <span class='ocrx_word' id='word_1_182' title='bbox 683 1629 729 1672; x_wconf 80' lang='grc' dir='ltr'>δὲ</span> <span class='ocrx_word' id='word_1_183' title='bbox 755 1626 838 1684; x_wconf 84' lang='grc' dir='ltr'>μή,</span> <span class='ocrx_word' id='word_1_184' title='bbox 873 1630 1010 1679; x_wconf 83' lang='grc' dir='ltr'><strong><em>λίθοις</em></strong></span> <span class='ocrx_word' id='word_1_185' title='bbox 1039 1627 1352 1684; x_wconf 78' lang='grc' dir='ltr'><strong><em>κατεχώννυντο.</em></strong></span> <span class='ocrx_word' id='word_1_186' title='bbox 1423 1631 1493 1672; x_wconf 81' lang='grc' dir='ltr'><strong><em>καὶ</em></strong></span> <span class='ocrx_word' id='word_1_187' title='bbox 1518 1630 1566 1672; x_wconf 84' lang='grc' dir='ltr'><strong><em>τὸ</em></strong></span> 
     </span>
     <span class='ocr_line' id='line_1_22' title="bbox 76 1696 1566 1757; baseline -0.001 -15"><span class='ocrx_word' id='word_1_188' title='bbox 76 1697 362 1751; x_wconf 83' lang='grc' dir='ltr'><strong><em>Καπιτώλιον,</em></strong></span> <span class='ocrx_word' id='word_1_189' title='bbox 399 1698 498 1757; x_wconf 85' lang='grc' dir='ltr'><strong><em>ὅπερ</em></strong></span> <span class='ocrx_word' id='word_1_190' title='bbox 529 1697 712 1757; x_wconf 80' lang='grc' dir='ltr'><strong><em>κεφαλὴν</em></strong></span> <span class='ocrx_word' id='word_1_191' title='bbox 736 1696 893 1750; x_wconf 86' lang='grc' dir='ltr'><strong><em>πόλεως</em></strong></span> <span class='ocrx_word' id='word_1_192' title='bbox 918 1699 1128 1754; x_wconf 86' lang='grc' dir='ltr'><strong><em>σημαίνει,</em></strong></span> <span class='ocrx_word' id='word_1_193' title='bbox 1163 1700 1208 1741; x_wconf 75' lang='grc' dir='ltr'>ἐκ</span> <span class='ocrx_word' id='word_1_194' title='bbox 1231 1699 1436 1753; x_wconf 83' lang='grc' dir='ltr'><strong><em>θεμελίων</em></strong></span> <span class='ocrx_word' id='word_1_195' title='bbox 1460 1699 1566 1756; x_wconf 80' lang='grc' dir='ltr'><strong><em>ᾠκο-</em></strong></span> 
     </span>
     <span class='ocr_line' id='line_1_23' title="bbox 75 1765 1616 1828; baseline 0.001 -16"><span class='ocrx_word' id='word_1_196' title='bbox 75 1767 246 1824; x_wconf 81' lang='grc' dir='ltr'><strong><em>δόμησε.</em></strong></span> <span class='ocrx_word' id='word_1_197' title='bbox 312 1770 379 1812; x_wconf 80' lang='grc' dir='ltr'><strong><em>καὶ</em></strong></span> <span class='ocrx_word' id='word_1_198' title='bbox 403 1773 461 1828; x_wconf 74' lang='grc' dir='ltr'><strong><em>τῷ</em></strong></span> <span class='ocrx_word' id='word_1_199' title='bbox 484 1769 658 1827; x_wconf 67' lang='grc' dir='ltr'><strong><em>ἐνιαυτῷ</em></strong></span> <span class='ocrx_word' id='word_1_200' title='bbox 680 1765 755 1810; x_wconf 78' lang='grc' dir='ltr'>δύο</span> <span class='ocrx_word' id='word_1_201' title='bbox 774 1771 910 1824; x_wconf 86' lang='grc' dir='ltr'><strong><em>μῆνας</em></strong></span> <span class='ocrx_word' id='word_1_202' title='bbox 926 1768 1159 1825; x_wconf 78' lang='grc' dir='ltr'><strong><em>προσέθηκε</em></strong></span> <span class='ocrx_word' id='word_1_203' title='bbox 1165 1800 1179 1820; x_wconf 91' lang='grc'><strong><em>,</em></strong></span> <span class='ocrx_word' id='word_1_204' title='bbox 1214 1767 1288 1811; x_wconf 84' lang='grc' dir='ltr'>τόν</span> <span class='ocrx_word' id='word_1_205' title='bbox 1301 1766 1562 1826; x_wconf 81' lang='grc' dir='ltr'><strong><em>Ἰανουάριον</em></strong></span> <span class='ocrx_word' id='word_1_206' title='bbox 1585 1779 1616 1814; x_wconf 92' lang='grc' dir='ltr'><strong>Β</strong></span> 
     </span>
     <span class='ocr_line' id='line_1_24' title="bbox 74 1834 1564 1895; baseline -0.002 -13"><span class='ocrx_word' id='word_1_207' title='bbox 74 1840 142 1882; x_wconf 83' lang='grc' dir='ltr'><strong><em>καὶ</em></strong></span> <span class='ocrx_word' id='word_1_208' title='bbox 166 1838 238 1882; x_wconf 88' lang='grc' dir='ltr'>τὸν</span> <span class='ocrx_word' id='word_1_209' title='bbox 255 1839 481 1892; x_wconf 80' lang='grc' dir='ltr'><strong><em>Σεξτίλιον,</em></strong></span> <span class='ocrx_word' id='word_1_210' title='bbox 518 1838 808 1894; x_wconf 80' lang='grc' dir='ltr'><strong><em>δεκαμηνιαίου</em></strong></span> <span class='ocrx_word' id='word_1_211' title='bbox 829 1842 904 1880; x_wconf 85' lang='grc' dir='ltr'>τοῦ</span> <span class='ocrx_word' id='word_1_212' title='bbox 923 1839 1112 1880; x_wconf 75' lang='grc' dir='ltr'><strong><em>ἐνιαυτοῦ</em></strong></span> <span class='ocrx_word' id='word_1_213' title='bbox 1129 1837 1208 1895; x_wconf 82' lang='grc' dir='ltr'>πρὸ</span> <span class='ocrx_word' id='word_1_214' title='bbox 1228 1834 1375 1881; x_wconf 77' lang='grc' dir='ltr'><strong><em>τούτου</em></strong></span> <span class='ocrx_word' id='word_1_215' title='bbox 1391 1855 1564 1895; x_wconf 81' lang='grc' dir='ltr'><strong><em>χρημα-</em></strong></span> 
     </span>
    </p>
   </div>
   <div class='ocr_carea' id='block_1_3' title="bbox 162 1953 328 1996">
    <p class='ocr_par' dir='ltr' id='par_1_3' title="bbox 162 1953 328 1996">
     <span class='ocr_line' id='line_1_25' title="bbox 162 1953 328 1996; baseline -0.006 -1"><span class='ocrx_word' id='word_1_216' title='bbox 162 1959 207 1996; x_wconf 87' lang='grc'>15</span> <span class='ocrx_word' id='word_1_217' title='bbox 229 1953 328 1996; x_wconf 62' lang='lat' dir='ltr'>dite?</span> 
     </span>
    </p>
   </div>
   <div class='ocr_carea' id='block_1_4' title="bbox 64 2060 1560 2481">
    <p class='ocr_par' dir='ltr' id='par_1_4' title="bbox 64 2060 1560 2481">
     <span class='ocr_line' id='line_1_26' title="bbox 69 2060 1559 2110; baseline -0.001 -13"><span class='ocrx_word' id='word_1_218' title='bbox 69 2061 271 2110; x_wconf 77' lang='lat' dir='ltr'><strong>copulavit,</strong></span> <span class='ocrx_word' id='word_1_219' title='bbox 306 2062 400 2109; x_wconf 90' lang='lat' dir='ltr'>quod</span> <span class='ocrx_word' id='word_1_220' title='bbox 421 2065 608 2108; x_wconf 86' lang='lat' dir='ltr'>utrumque</span> <span class='ocrx_word' id='word_1_221' title='bbox 628 2061 772 2098; x_wconf 85' lang='lat' dir='ltr'>alterius</span> <span class='ocrx_word' id='word_1_222' title='bbox 794 2061 1052 2109; x_wconf 76' lang='lat' dir='ltr'><strong>temperatione</strong></span> <span class='ocrx_word' id='word_1_223' title='bbox 1075 2073 1164 2109; x_wconf 87' lang='lat' dir='ltr'>opus</span> <span class='ocrx_word' id='word_1_224' title='bbox 1187 2062 1330 2097; x_wconf 82' lang='lat' dir='ltr'>habeat.</span> <span class='ocrx_word' id='word_1_225' title='bbox 1378 2060 1431 2096; x_wconf 85' lang='lat' dir='ltr'>ita</span> <span class='ocrx_word' id='word_1_226' title='bbox 1454 2060 1559 2096; x_wconf 83' lang='lat' dir='ltr'>etiam</span> 
     </span>
     <span class='ocr_line' id='line_1_27' title="bbox 67 2106 1558 2155; baseline -0.002 -11"><span class='ocrx_word' id='word_1_227' title='bbox 67 2121 209 2144; x_wconf 84' lang='lat' dir='ltr'>roseum</span> <span class='ocrx_word' id='word_1_228' title='bbox 232 2109 393 2144; x_wconf 84' lang='lat' dir='ltr'>caeruleo</span> <span class='ocrx_word' id='word_1_229' title='bbox 418 2108 597 2153; x_wconf 81' lang='lat' dir='ltr'><strong>subdidit,</strong></span> <span class='ocrx_word' id='word_1_230' title='bbox 621 2109 705 2154; x_wconf 85' lang='lat' dir='ltr'>quia</span> <span class='ocrx_word' id='word_1_231' title='bbox 725 2109 819 2155; x_wconf 84' lang='lat' dir='ltr'>ignis</span> <span class='ocrx_word' id='word_1_232' title='bbox 844 2110 920 2144; x_wconf 70' lang='lat' dir='ltr'>aeri</span> <span class='ocrx_word' id='word_1_233' title='bbox 941 2114 997 2145; x_wconf 87' lang='lat' dir='ltr'>est</span> <span class='ocrx_word' id='word_1_234' title='bbox 1017 2109 1210 2144; x_wconf 82' lang='lat' dir='ltr'>subiectus.</span> <span class='ocrx_word' id='word_1_235' title='bbox 1258 2106 1429 2142; x_wconf 80' lang='lat' dir='ltr'>brumalia</span> <span class='ocrx_word' id='word_1_236' title='bbox 1452 2107 1558 2142; x_wconf 85' lang='lat' dir='ltr'>etiam</span> 
     </span>
     <span class='ocr_line' id='line_1_28' title="bbox 67 2153 1556 2202; baseline -0.003 -12"><span class='ocrx_word' id='word_1_237' title='bbox 67 2155 240 2200; x_wconf 84' lang='lat' dir='ltr'>instituit,</span> <span class='ocrx_word' id='word_1_238' title='bbox 277 2155 405 2201; x_wconf 89' lang='lat' dir='ltr'>quibus</span> <span class='ocrx_word' id='word_1_239' title='bbox 436 2155 561 2190; x_wconf 90' lang='lat' dir='ltr'>diebus</span> <span class='ocrx_word' id='word_1_240' title='bbox 593 2156 771 2200; x_wconf 86' lang='lat' dir='ltr'>agricolae</span> <span class='ocrx_word' id='word_1_241' title='bbox 803 2156 922 2202; x_wconf 88' lang='lat' dir='ltr'>operis</span> <span class='ocrx_word' id='word_1_242' title='bbox 956 2155 1115 2190; x_wconf 83' lang='lat' dir='ltr'>defuncti</span> <span class='ocrx_word' id='word_1_243' title='bbox 1139 2167 1182 2189; x_wconf 88' lang='lat' dir='ltr'>ac</span> <span class='ocrx_word' id='word_1_244' title='bbox 1204 2154 1357 2200; x_wconf 88' lang='lat' dir='ltr'>quietem</span> <span class='ocrx_word' id='word_1_245' title='bbox 1381 2153 1476 2188; x_wconf 85' lang='lat' dir='ltr'>nacti</span> <span class='ocrx_word' id='word_1_246' title='bbox 1499 2153 1556 2187; x_wconf 82' lang='lat' dir='ltr'>vi-</span> 
     </span>
     <span class='ocr_line' id='line_1_29' title="bbox 67 2198 1558 2249; baseline -0.002 -12"><span class='ocrx_word' id='word_1_247' title='bbox 67 2202 187 2237; x_wconf 83' lang='lat' dir='ltr'>cissim</span> <span class='ocrx_word' id='word_1_248' title='bbox 209 2201 273 2236; x_wconf 86' lang='lat' dir='ltr'>alii</span> <span class='ocrx_word' id='word_1_249' title='bbox 299 2202 394 2249; x_wconf 86' lang='lat' dir='ltr'>apud</span> <span class='ocrx_word' id='word_1_250' title='bbox 424 2201 513 2237; x_wconf 83' lang='lat' dir='ltr'>alios</span> <span class='ocrx_word' id='word_1_251' title='bbox 546 2201 720 2248; x_wconf 87' lang='lat' dir='ltr'>epulando</span> <span class='ocrx_word' id='word_1_252' title='bbox 751 2204 863 2238; x_wconf 84' lang='lat' dir='ltr'>festos</span> <span class='ocrx_word' id='word_1_253' title='bbox 901 2202 979 2237; x_wconf 88' lang='lat' dir='ltr'>dies</span> <span class='ocrx_word' id='word_1_254' title='bbox 1010 2206 1119 2247; x_wconf 84' lang='lat' dir='ltr'>agunt</span> <span class='ocrx_word' id='word_1_255' title='bbox 1152 2203 1433 2247; x_wconf 84' lang='lat' dir='ltr'>pernoctantque</span> <span class='ocrx_word' id='word_1_256' title='bbox 1467 2198 1558 2234; x_wconf 85' lang='lat' dir='ltr'>alter</span> 
     </span>
     <span class='ocr_line' id='line_1_30' title="bbox 66 2245 1556 2294; baseline -0.003 -10"><span class='ocrx_word' id='word_1_257' title='bbox 66 2248 214 2284; x_wconf 86' lang='lat' dir='ltr'>alterius</span> <span class='ocrx_word' id='word_1_258' title='bbox 246 2249 400 2283; x_wconf 88' lang='lat' dir='ltr'>nomine.</span> <span class='ocrx_word' id='word_1_259' title='bbox 448 2247 572 2283; x_wconf 78' lang='lat' dir='ltr'>effecit</span> <span class='ocrx_word' id='word_1_260' title='bbox 603 2249 708 2284; x_wconf 83' lang='lat' dir='ltr'>etiam</span> <span class='ocrx_word' id='word_1_261' title='bbox 739 2256 780 2284; x_wconf 90' lang='lat' dir='ltr'>ut</span> <span class='ocrx_word' id='word_1_262' title='bbox 809 2250 925 2284; x_wconf 89' lang='lat' dir='ltr'>Roma</span> <span class='ocrx_word' id='word_1_263' title='bbox 956 2248 1087 2283; x_wconf 87' lang='lat' dir='ltr'>civium</span> <span class='ocrx_word' id='word_1_264' title='bbox 1121 2247 1220 2294; x_wconf 87' lang='lat' dir='ltr'>prius</span> <span class='ocrx_word' id='word_1_265' title='bbox 1243 2246 1366 2291; x_wconf 89' lang='lat' dir='ltr'>inopia</span> <span class='ocrx_word' id='word_1_266' title='bbox 1389 2245 1556 2280; x_wconf 86' lang='lat' dir='ltr'>laborans</span> 
     </span>
     <span class='ocr_line' id='line_1_31' title="bbox 65 2292 1560 2341; baseline -0.002 -11"><span class='ocrx_word' id='word_1_267' title='bbox 65 2296 368 2341; x_wconf 80' lang='lat' dir='ltr'><strong>frequentaretur.</strong></span> <span class='ocrx_word' id='word_1_268' title='bbox 416 2293 601 2340; x_wconf 79' lang='lat' dir='ltr'>legemque</span> <span class='ocrx_word' id='word_1_269' title='bbox 631 2295 711 2330; x_wconf 87' lang='lat' dir='ltr'>tulit</span> <span class='ocrx_word' id='word_1_270' title='bbox 734 2300 775 2331; x_wconf 92' lang='lat' dir='ltr'>ut</span> <span class='ocrx_word' id='word_1_271' title='bbox 797 2295 862 2330; x_wconf 83' lang='lat' dir='ltr'>filii</span> <span class='ocrx_word' id='word_1_272' title='bbox 897 2306 1079 2330; x_wconf 86' lang='lat' dir='ltr'>servorum</span> <span class='ocrx_word' id='word_1_273' title='bbox 1102 2305 1200 2328; x_wconf 84' lang='lat' dir='ltr'>more</span> <span class='ocrx_word' id='word_1_274' title='bbox 1223 2293 1361 2339; x_wconf 84' lang='lat' dir='ltr'>patriae</span> <span class='ocrx_word' id='word_1_275' title='bbox 1388 2292 1560 2338; x_wconf 80' lang='lat' dir='ltr'>potestati</span> 
     </span>
     <span class='ocr_line' id='line_1_32' title="bbox 66 2337 1557 2389; baseline -0.003 -12"><span class='ocrx_word' id='word_1_276' title='bbox 66 2341 348 2383; x_wconf 71' lang='lat' dir='ltr'>subiicerentn13</span> <span class='ocrx_word' id='word_1_277' title='bbox 372 2352 465 2386; x_wconf 87' lang='lat' dir='ltr'>quae</span> <span class='ocrx_word' id='word_1_278' title='bbox 483 2341 540 2376; x_wconf 87' lang='lat' dir='ltr'>lex</span> <span class='ocrx_word' id='word_1_279' title='bbox 559 2340 745 2377; x_wconf 83' lang='lat' dir='ltr'>etiamnum</span> <span class='ocrx_word' id='word_1_280' title='bbox 765 2343 856 2389; x_wconf 88' lang='lat' dir='ltr'>apud</span> <span class='ocrx_word' id='word_1_281' title='bbox 876 2343 1054 2378; x_wconf 88' lang='lat' dir='ltr'>Romanos</span> <span class='ocrx_word' id='word_1_282' title='bbox 1073 2339 1182 2375; x_wconf 83' lang='lat' dir='ltr'>valet.</span> <span class='ocrx_word' id='word_1_283' title='bbox 1228 2349 1340 2384; x_wconf 87' lang='lat' dir='ltr'>regno</span> <span class='ocrx_word' id='word_1_284' title='bbox 1363 2337 1401 2372; x_wconf 83' lang='lat' dir='ltr'>in</span> <span class='ocrx_word' id='word_1_285' title='bbox 1425 2338 1557 2373; x_wconf 86' lang='lat' dir='ltr'>Roma—</span> 
     </span>
     <span class='ocr_line' id='line_1_33' title="bbox 64 2383 1558 2436; baseline -0.003 -13"><span class='ocrx_word' id='word_1_286' title='bbox 64 2400 131 2423; x_wconf 87' lang='lat' dir='ltr'>nos</span> <span class='ocrx_word' id='word_1_287' title='bbox 154 2389 296 2423; x_wconf 80' lang='lat' dir='ltr'>functus</span> <span class='ocrx_word' id='word_1_288' title='bbox 319 2387 489 2423; x_wconf 82' lang='lat' dir='ltr'><strong>Romulus</strong></span> <span class='ocrx_word' id='word_1_289' title='bbox 512 2399 622 2423; x_wconf 85' lang='lat' dir='ltr'>annos</span> <span class='ocrx_word' id='word_1_290' title='bbox 642 2388 793 2434; x_wconf 84' lang='lat' dir='ltr'>triginta</span> <span class='ocrx_word' id='word_1_291' title='bbox 817 2394 953 2436; x_wconf 80' lang='lat' dir='ltr'>septem</span> <span class='ocrx_word' id='word_1_292' title='bbox 978 2400 999 2422; x_wconf 90' lang='lat' dir='ltr'>e</span> <span class='ocrx_word' id='word_1_293' title='bbox 1021 2386 1099 2422; x_wconf 83' lang='lat' dir='ltr'>vita</span> <span class='ocrx_word' id='word_1_294' title='bbox 1121 2385 1291 2420; x_wconf 85' lang='lat' dir='ltr'>excessit.</span> <span class='ocrx_word' id='word_1_295' title='bbox 1335 2383 1367 2419; x_wconf 85' lang='lat' dir='ltr'>is</span> <span class='ocrx_word' id='word_1_296' title='bbox 1391 2385 1512 2419; x_wconf 88' lang='lat' dir='ltr'>urbem</span> <span class='ocrx_word' id='word_1_297' title='bbox 1536 2395 1558 2419; x_wconf 82' lang='lat' dir='ltr'>a</span> 
     </span>
     <span class='ocr_line' id='line_1_34' title="bbox 65 2430 1558 2481; baseline -0.003 -11"><span class='ocrx_word' id='word_1_298' title='bbox 65 2446 130 2470; x_wconf 84' lang='lat' dir='ltr'>suo</span> <span class='ocrx_word' id='word_1_299' title='bbox 166 2435 306 2469; x_wconf 90' lang='lat' dir='ltr'>nomine</span> <span class='ocrx_word' id='word_1_300' title='bbox 337 2434 596 2478; x_wconf 79' lang='lat' dir='ltr'>denominavit,</span> <span class='ocrx_word' id='word_1_301' title='bbox 635 2446 676 2469; x_wconf 86' lang='lat' dir='ltr'>ac</span> <span class='ocrx_word' id='word_1_302' title='bbox 707 2441 848 2481; x_wconf 83' lang='lat' dir='ltr'>gentem</span> <span class='ocrx_word' id='word_1_303' title='bbox 881 2436 1091 2471; x_wconf 84' lang='lat' dir='ltr'>Romanam:</span> <span class='ocrx_word' id='word_1_304' title='bbox 1129 2432 1230 2478; x_wconf 87' lang='lat' dir='ltr'>prius</span> <span class='ocrx_word' id='word_1_305' title='bbox 1261 2430 1353 2466; x_wconf 88' lang='lat' dir='ltr'>enim</span> <span class='ocrx_word' id='word_1_306' title='bbox 1375 2430 1498 2466; x_wconf 75' lang='lat' dir='ltr'>Latini</span> <span class='ocrx_word' id='word_1_307' title='bbox 1521 2435 1558 2466; x_wconf 77' lang='lat' dir='ltr'>et</span> 
     </span>
    </p>
   </div>
   <div class='ocr_carea' id='block_1_5' title="bbox 62 2480 1554 2571">
    <p class='ocr_par' dir='ltr' id='par_1_5' title="bbox 62 2480 1554 2571">
     <span class='ocr_line' id='line_1_35' title="bbox 62 2480 801 2526; baseline -0.001 -10"><span class='ocrx_word' id='word_1_308' title='bbox 62 2480 259 2526; x_wconf 81' lang='lat' dir='ltr'>antiquitus</span> <span class='ocrx_word' id='word_1_309' title='bbox 281 2481 495 2526; x_wconf 80' lang='lat' dir='ltr'>Aborigines</span> <span class='ocrx_word' id='word_1_310' title='bbox 517 2480 801 2526; x_wconf 78' lang='lat' dir='ltr'>appellabantur.</span> 
     </span>
     <span class='ocr_line' id='line_1_36' title="bbox 156 2521 1554 2571; baseline -0.004 -9"><span class='ocrx_word' id='word_1_311' title='bbox 156 2529 244 2562; x_wconf 85' lang='lat' dir='ltr'>Post</span> <span class='ocrx_word' id='word_1_312' title='bbox 277 2528 461 2562; x_wconf 87' lang='lat' dir='ltr'>Romulum</span> <span class='ocrx_word' id='word_1_313' title='bbox 498 2538 562 2561; x_wconf 83' lang='lat' dir='ltr'>rex</span> <span class='ocrx_word' id='word_1_314' title='bbox 595 2527 710 2563; x_wconf 82' lang='lat' dir='ltr'>factus</span> <span class='ocrx_word' id='word_1_315' title='bbox 741 2529 859 2563; x_wconf 87' lang='lat' dir='ltr'>Numa</span> <span class='ocrx_word' id='word_1_316' title='bbox 888 2524 1083 2571; x_wconf 83' lang='lat' dir='ltr'>Pompilius</span> <span class='ocrx_word' id='word_1_317' title='bbox 1115 2523 1270 2560; x_wconf 87' lang='lat' dir='ltr'>Sabinus</span> <span class='ocrx_word' id='word_1_318' title='bbox 1295 2521 1423 2557; x_wconf 89' lang='lat' dir='ltr'>nullum</span> <span class='ocrx_word' id='word_1_319' title='bbox 1446 2522 1554 2569; x_wconf 84' lang='lat' dir='ltr'>plane</span> 
     </span>
    </p>
   </div>
   <div class='ocr_carea' id='block_1_6' title="bbox 58 2568 1555 2947">
    <p class='ocr_par' dir='ltr' id='par_1_6' title="bbox 58 2568 1555 2947">
     <span class='ocr_line' id='line_1_37' title="bbox 62 2568 1555 2619; baseline -0.004 -10"><span class='ocrx_word' id='word_1_320' title='bbox 62 2573 193 2609; x_wconf 84' lang='lat' dir='ltr'>bellum</span> <span class='ocrx_word' id='word_1_321' title='bbox 214 2574 347 2619; x_wconf 81' lang='lat' dir='ltr'>gessit,</span> <span class='ocrx_word' id='word_1_322' title='bbox 373 2575 437 2609; x_wconf 87' lang='lat' dir='ltr'>sed</span> <span class='ocrx_word' id='word_1_323' title='bbox 461 2586 519 2608; x_wconf 87' lang='lat' dir='ltr'>res</span> <span class='ocrx_word' id='word_1_324' title='bbox 543 2574 695 2609; x_wconf 75' lang='lat' dir='ltr'>urbanas</span> <span class='ocrx_word' id='word_1_325' title='bbox 719 2573 904 2610; x_wconf 82' lang='lat' dir='ltr'>utilissime</span> <span class='ocrx_word' id='word_1_326' title='bbox 927 2569 1123 2606; x_wconf 83' lang='lat' dir='ltr'>constituit.</span> <span class='ocrx_word' id='word_1_327' title='bbox 1171 2569 1301 2604; x_wconf 81' lang='lat' dir='ltr'>etenim</span> <span class='ocrx_word' id='word_1_328' title='bbox 1320 2568 1416 2614; x_wconf 85' lang='lat' dir='ltr'>leges</span> <span class='ocrx_word' id='word_1_329' title='bbox 1433 2569 1555 2614; x_wconf 78' lang='lat' dir='ltr'>posuit</span> 
     </span>
     <span class='ocr_line' id='line_1_38' title="bbox 65 2615 1552 2667; baseline -0.003 -13"><span class='ocrx_word' id='word_1_330' title='bbox 65 2619 190 2655; x_wconf 74' lang='lat' dir='ltr'>civiles</span> <span class='ocrx_word' id='word_1_331' title='bbox 213 2626 321 2666; x_wconf 87' lang='lat' dir='ltr'>atque</span> <span class='ocrx_word' id='word_1_332' title='bbox 344 2624 510 2667; x_wconf 84' lang='lat' dir='ltr'>pacatas,</span> <span class='ocrx_word' id='word_1_333' title='bbox 534 2619 661 2664; x_wconf 82' lang='lat' dir='ltr'>quibus</span> <span class='ocrx_word' id='word_1_334' title='bbox 684 2621 729 2656; x_wconf 88' lang='lat' dir='ltr'>ad</span> <span class='ocrx_word' id='word_1_335' title='bbox 754 2619 1002 2655; x_wconf 84' lang='lat' dir='ltr'>humanitatem</span> <span class='ocrx_word' id='word_1_336' title='bbox 1028 2621 1065 2652; x_wconf 86' lang='lat' dir='ltr'>et</span> <span class='ocrx_word' id='word_1_337' title='bbox 1087 2615 1294 2651; x_wconf 85' lang='lat' dir='ltr'>civilitatem</span> <span class='ocrx_word' id='word_1_338' title='bbox 1316 2615 1414 2650; x_wconf 82' lang='lat' dir='ltr'>cives</span> <span class='ocrx_word' id='word_1_339' title='bbox 1437 2615 1552 2650; x_wconf 83' lang='lat' dir='ltr'>addu-</span> 
     </span>
     <span class='ocr_line' id='line_1_39' title="bbox 63 2661 1549 2713; baseline -0.003 -12"><span class='ocrx_word' id='word_1_340' title='bbox 63 2666 131 2702; x_wconf 79' lang='lat' dir='ltr'>xit.</span> <span class='ocrx_word' id='word_1_341' title='bbox 178 2667 261 2701; x_wconf 87' lang='lat' dir='ltr'>anni</span> <span class='ocrx_word' id='word_1_342' title='bbox 290 2667 423 2713; x_wconf 87' lang='lat' dir='ltr'>primus</span> <span class='ocrx_word' id='word_1_343' title='bbox 446 2666 516 2702; x_wconf 82' lang='lat' dir='ltr'>fuit</span> <span class='ocrx_word' id='word_1_344' title='bbox 536 2666 725 2709; x_wconf 84' lang='lat' dir='ltr'>inventor3</span> <span class='ocrx_word' id='word_1_345' title='bbox 760 2666 910 2712; x_wconf 86' lang='lat' dir='ltr'>plurima</span> <span class='ocrx_word' id='word_1_346' title='bbox 939 2666 1025 2699; x_wconf 75' lang='lat' dir='ltr'>fana</span> <span class='ocrx_word' id='word_1_347' title='bbox 1047 2663 1215 2708; x_wconf 86' lang='lat' dir='ltr'>lucosque</span> <span class='ocrx_word' id='word_1_348' title='bbox 1238 2661 1382 2696; x_wconf 83' lang='lat' dir='ltr'>deorum</span> <span class='ocrx_word' id='word_1_349' title='bbox 1403 2661 1549 2696; x_wconf 84' lang='lat' dir='ltr'>dedica-</span> 
     </span>
     <span class='ocr_line' id='line_1_40' title="bbox 63 2709 1550 2759; baseline -0.004 -11"><span class='ocrx_word' id='word_1_350' title='bbox 63 2712 132 2748; x_wconf 81' lang='lat' dir='ltr'>vit.</span> <span class='ocrx_word' id='word_1_351' title='bbox 178 2713 336 2749; x_wconf 85' lang='lat' dir='ltr'>instituit</span> <span class='ocrx_word' id='word_1_352' title='bbox 360 2714 466 2749; x_wconf 88' lang='lat' dir='ltr'>etiam</span> <span class='ocrx_word' id='word_1_353' title='bbox 491 2713 654 2747; x_wconf 86' lang='lat' dir='ltr'>Vestales</span> <span class='ocrx_word' id='word_1_354' title='bbox 685 2713 864 2759; x_wconf 81' lang='lat' dir='ltr'>virgines,</span> <span class='ocrx_word' id='word_1_355' title='bbox 900 2723 991 2757; x_wconf 88' lang='lat' dir='ltr'>quae</span> <span class='ocrx_word' id='word_1_356' title='bbox 1022 2709 1115 2755; x_wconf 85' lang='lat' dir='ltr'>ignis</span> <span class='ocrx_word' id='word_1_357' title='bbox 1149 2713 1256 2754; x_wconf 85' lang='lat' dir='ltr'>atque</span> <span class='ocrx_word' id='word_1_358' title='bbox 1287 2719 1402 2754; x_wconf 86' lang='lat' dir='ltr'>aquae</span> <span class='ocrx_word' id='word_1_359' title='bbox 1431 2718 1550 2743; x_wconf 89' lang='lat' dir='ltr'>curam</span> 
     </span>
     <span class='ocr_line' id='line_1_41' title="bbox 58 2759 1551 2805; baseline -0.005 -11"><span class='ocrx_word' id='word_1_360' title='bbox 58 2764 251 2804; x_wconf 76' lang='lat' dir='ltr'>gererent,</span> <span class='ocrx_word' id='word_1_361' title='bbox 285 2760 599 2805; x_wconf 81' lang='lat' dir='ltr'>virginitatemque</span> <span class='ocrx_word' id='word_1_362' title='bbox 633 2763 709 2794; x_wconf 85' lang='lat' dir='ltr'>toto</span> <span class='ocrx_word' id='word_1_363' title='bbox 741 2759 840 2795; x_wconf 88' lang='lat' dir='ltr'>vitae</span> <span class='ocrx_word' id='word_1_364' title='bbox 869 2759 1020 2792; x_wconf 87' lang='lat' dir='ltr'>decursu</span> <span class='ocrx_word' id='word_1_365' title='bbox 1051 2759 1322 2791; x_wconf 85' lang='lat' dir='ltr'>conservarent:</span> <span class='ocrx_word' id='word_1_366' title='bbox 1356 2765 1448 2800; x_wconf 86' lang='lat' dir='ltr'>quae</span> <span class='ocrx_word' id='word_1_367' title='bbox 1473 2765 1551 2788; x_wconf 87' lang='lat' dir='ltr'>eam</span> 
     </span>
     <span class='ocr_line' id='line_1_42' title="bbox 60 2800 1551 2853; baseline -0.004 -13"><span class='ocrx_word' id='word_1_368' title='bbox 60 2805 296 2852; x_wconf 80' lang='lat' dir='ltr'>prodidisset,</span> <span class='ocrx_word' id='word_1_369' title='bbox 337 2818 381 2842; x_wconf 84' lang='lat' dir='ltr'>ea</span> <span class='ocrx_word' id='word_1_370' title='bbox 404 2806 579 2853; x_wconf 81' lang='lat' dir='ltr'>lapidibus</span> <span class='ocrx_word' id='word_1_371' title='bbox 603 2806 826 2842; x_wconf 83' lang='lat' dir='ltr'>obrueretur.</span> <span class='ocrx_word' id='word_1_372' title='bbox 877 2802 1090 2849; x_wconf 84' lang='lat' dir='ltr'>Capitolium</span> <span class='ocrx_word' id='word_1_373' title='bbox 1126 2802 1187 2846; x_wconf 89' lang='lat' dir='ltr'>(id</span> <span class='ocrx_word' id='word_1_374' title='bbox 1210 2800 1418 2836; x_wconf 82' lang='lat' dir='ltr'>vocabulum</span> <span class='ocrx_word' id='word_1_375' title='bbox 1442 2805 1551 2847; x_wconf 85' lang='lat' dir='ltr'>eaput</span> 
     </span>
     <span class='ocr_line' id='line_1_43' title="bbox 59 2847 1549 2897; baseline -0.003 -11"><span class='ocrx_word' id='word_1_376' title='bbox 59 2851 162 2886; x_wconf 83' lang='lat' dir='ltr'>urbis</span> <span class='ocrx_word' id='word_1_377' title='bbox 183 2854 307 2897; x_wconf 84' lang='lat' dir='ltr'>notat)</span> <span class='ocrx_word' id='word_1_378' title='bbox 332 2865 377 2888; x_wconf 85' lang='lat' dir='ltr'>ex</span> <span class='ocrx_word' id='word_1_379' title='bbox 395 2852 630 2888; x_wconf 82' lang='lat' dir='ltr'>fundamentis</span> <span class='ocrx_word' id='word_1_380' title='bbox 648 2852 836 2888; x_wconf 81' lang='lat' dir='ltr'>exstruxit.</span> <span class='ocrx_word' id='word_1_381' title='bbox 885 2862 997 2894; x_wconf 83' lang='lat' dir='ltr'>anno,</span> <span class='ocrx_word' id='word_1_382' title='bbox 1021 2848 1082 2894; x_wconf 88' lang='lat' dir='ltr'>qui</span> <span class='ocrx_word' id='word_1_383' title='bbox 1106 2859 1262 2894; x_wconf 86' lang='lat' dir='ltr'>eousque</span> <span class='ocrx_word' id='word_1_384' title='bbox 1286 2848 1406 2882; x_wconf 77' lang='lat' dir='ltr'>fuerat</span> <span class='ocrx_word' id='word_1_385' title='bbox 1427 2847 1549 2882; x_wconf 82' lang='lat' dir='ltr'>decem</span> 
     </span>
     <span class='ocr_line' id='line_1_44' title="bbox 58 2893 1547 2947; baseline -0.003 -14"><span class='ocrx_word' id='word_1_386' title='bbox 58 2898 230 2936; x_wconf 76' lang='lat' dir='ltr'>mensium</span> <span class='ocrx_word' id='word_1_387' title='bbox 251 2906 462 2947; x_wconf 81' lang='lat' dir='ltr'>usurpatus,</span> <span class='ocrx_word' id='word_1_388' title='bbox 497 2900 586 2935; x_wconf 84' lang='lat' dir='ltr'>duos</span> <span class='ocrx_word' id='word_1_389' title='bbox 608 2899 774 2947; x_wconf 81' lang='lat' dir='ltr'>apposuit</span> <span class='ocrx_word' id='word_1_390' title='bbox 796 2908 955 2943; x_wconf 76' lang='lat' dir='ltr'>meuse8‚</span> <span class='ocrx_word' id='word_1_391' title='bbox 987 2895 1187 2933; x_wconf 82' lang='lat' dir='ltr'>Ianuarium</span> <span class='ocrx_word' id='word_1_392' title='bbox 1211 2898 1250 2931; x_wconf 78' lang='lat' dir='ltr'>et</span> <span class='ocrx_word' id='word_1_393' title='bbox 1271 2893 1455 2931; x_wconf 80' lang='lat' dir='ltr'>Sextilem.</span> <span class='ocrx_word' id='word_1_394' title='bbox 1502 2893 1547 2927; x_wconf 85' lang='lat' dir='ltr'>ab</span> 
     </span>
    </p>
   </div>
  </div>
 </body>
</html>
