1742 3184
203 159 271 208 26
554 144 578 146 ”
689 154 930 203 GEORGII
964 152 1214 204 GEDREM

206 275 318 321 κέναι
339 275 414 331 τὴν
433 274 598 334 γραφὴν
619 271 853 317 “πλατύναι
873 270 895 316 ὃ
915 272 1016 323 θεὸς
1033 276 1092 330 τῷ
1108 269 1315 330 ’laquea-²³
1349 270 1428 326 τὴν
1450 273 1588 314 πᾶσαν
1609 269 1690 328 γὰρ

205 343 411 404 Εὐρώπην
440 347 508 388 καὶ
538 345 664 402 μέρος
694 343 740 386 οὗ
771 343 918 401 μικρὸν
940 347 1014 398 τῆς
1036 341 1217 399 μεγάλης
1232 341 1387 392 Ἀσίας
1412 341 1664 397 ἀπηνέγκατο
1679 353 1691 367 ·

206 415 271 460 διὸ
295 417 362 459 καὶ
393 415 550 473 εἴρηται
568 412 668 458 ι(καὶ
692 411 1007 469 κατασκηνώσαι
1030 414 1072 456 ἐν
1090 419 1175 464 τοῖς
1200 409 1438 467 σκηνώμασι
1462 415 1536 455 τοῦ
1557 408 1690 466 Σήμ.”

206 486 255 529 οὔ
274 484 399 540 μόνον
421 486 466 528 δὲ
487 484 594 527 ἀλλὰ
615 486 682 527 καὶ
702 484 807 527 κατὰ
826 481 1078 540 ἀναγωγικόν
1095 481 1271 539 τρόπον,
1307 479 1370 524 ὅτι
1393 485 1508 524 πᾶσα
1527 478 1553 536 ἡ
1573 481 1693 537 μερὶς
1736 532 1738 534 ¹

205 560 280 599 τοῦ
297 554 444 613 Ἰάφεθ
467 556 611 611 σχεδὸν
631 558 689 613 τῷ
710 555 963 608 βαπτίσματι
985 554 1051 595 καὶ
1071 557 1122 610 τῇ
1143 554 1200 603 εἰς
1210 551 1396 610 Χριστὸν
1415 553 1546 594 πίστει
1559 556 1725 607 προσ-5

207 626 357 681 ἐτέθη,
412 623 530 668 ἅτινά
558 626 642 668 ἔστι
676 622 924 679 σκηνώματα
955 627 1030 666 τοῦ
1059 621 1179 678 Σήμ,
1224 623 1307 664 ἐπεὶ
1340 623 1410 665 καὶ
1440 623 1483 672 ἐξ
1517 621 1643 664 αὐτοῦ
1670 618 1692 663 ὃ

151 700 183 737 Β
202 695 411 754 Ἀβραὰμ
436 696 502 738 καὶ
531 695 569 737 οἶ
596 692 866 752 πατριάρχαι,
910 693 953 745 ἐξ
975 687 1031 736 ὧν
1056 694 1122 735 καὶ
1146 692 1189 736 αἶ
1212 693 1349 735 λοιπαὶ
1371 692 1598 749 γενεαρχιάι
1619 690 1695 741 ἕως

205 768 394 824 Χριστοῦ
416 763 640 822 ἡγουμένου
663 770 809 822 σαφῶς
827 767 1170 821 γενεαλογοῦνται.
1239 767 1314 806 τοῦ
1333 763 1378 805 δὲ
1397 762 1504 816 Χάμ
1522 765 1694 804 πλεῖστα

204 837 324 894 μέχρι
346 837 414 879 καὶ
440 839 512 878 νῦν
532 835 633 890 ἔθνη
655 835 763 878 ἐστὶν
782 835 824 876 ἒν
851 833 1081 894 ἀποστασία
1091 865 1104 885 ,
1151 830 1256 876 κατά
1286 849 1330 890 γε
1358 832 1435 883 τὰς
1451 832 1600 882 Ἰνδίας
1623 832 1694 873 καὶ

204 907 437 956 ,Αἰθιοπίας
458 907 525 947 καὶ
546 905 861 962 Μαυριτανιάς·
896 905 939 947 ἓν
956 901 1019 955 οἷς
1040 905 1107 946 καὶ
1130 903 1173 946 αἶ
1199 903 1436 961 ’Λρραβίαι
1455 903 1523 945 καὶ
1550 901 1693 944 'Idov-
1705 905 1742 941 1ss

203 977 308 1031 μαιά
328 974 434 1018 κατὰ
455 979 562 1018 θεοῦ
582 975 649 1018 καὶ
671 978 752 1018 τῶν
773 973 896 1031 ἁγίων
919 974 1047 1017 αὐτοῦ
1063 972 1367 1031 θρασύνονται,
1411 976 1463 1030 τῇ
1486 976 1559 1015 τοῦ
1585 971 1694 1026 Χὰμ,

204 1048 272 1089 καὶ
293 1050 368 1088 τοῦ
389 1045 565 1087 Χαναὰν
586 1043 748 1106 κατάρα
768 1044 1180 1100 καθυποβεβλημένοι
1193 1057 1206 1070 ·
1254 1044 1316 1086 διὸ
1342 1044 1409 1085 καὶ
1432 1044 1564 1085 παῖδα
1585 1041 1694 1085 οἰκέ-

204 1133 279 1171 την
307 1116 378 1158 τὸν
398 1115 504 1170 Χὰμ
528 1118 603 1158 τοῦ
623 1114 719 1171 Σὴμ
740 1116 808 1157 καὶ
828 1119 903 1158 τοῦ
917 1114 1076 1172 Ἰάφεθ
1103 1112 1130 1170 ἦ
1155 1114 1298 1175 γραφὴ
1322 1111 1586 1173 ἀπεφήνατο,
1623 1110 1695 1155 διὰ

206 1189 279 1229 τοῦ
299 1185 478 1227 Χαναὰν
497 1189 571 1228 τοῦ
591 1184 683 1228 υἱοῦ
705 1186 772 1228 καὶ
793 1184 919 1228 αὐτὸν
938 1186 1209 1241 σημαίνουσα.

336 1254 427 1298 ’Ότι
450 1253 524 1298 δύο
547 1257 828 1310 κατακλυσμοὶ
851 1256 956 1298 κατὰ
978 1255 1052 1310 τὴν
1068 1253 1257 1297 ςΕλλάδα
1279 1257 1356 1310 γῆν
1378 1251 1694 1308 διαβεβοημένοι
1707 1259 1742 1296 15

151 1339 183 1374 c
206 1320 405 1382 γεγόνασι,
430 1329 592 1383 πρῶτος
606 1324 680 1380 μὲν
700 1325 762 1367 ἐπὶ
779 1323 952 1381 Ὠγύγου
972 1325 1012 1367 ἓν
1033 1330 1084 1382 τῇ
1099 1325 1294 1381 Ἀττικῇ,
1320 1321 1488 1379 χρόνοις
1511 1323 1556 1365 δὲ
1573 1321 1695 1366 ὕστε-

204 1413 278 1453 ρον
311 1393 407 1451 σμη’
435 1396 476 1437 ἒν
504 1394 707 1454 Θετταλία
737 1395 802 1436 ἐπὶ
825 1395 1114 1446 Δευκαλίωνος
1140 1391 1433 1449 βασιλεύοντος
1459 1391 1693 1448 Ἀθήνησι,

203 1465 392 1522 δευτέρου
424 1465 625 1521 Κραναοῦ
657 1462 925 1518 αὐτόχθονος.
996 1462 1144 1509 τούτου
1170 1467 1244 1509 τοῦ
1266 1466 1583 1516 κατακλυσμοῦ,
1619 1467 1695 1506 τοῦ

202 1536 266 1577 ἐπὶ
297 1535 583 1585 Δευκαλίωνος
615 1531 825 1589 δηλονότι,
884 1536 1051 1578 δοκοῦσι
1082 1538 1323 1589 μεμνῆσθαι
1352 1535 1420 1576 καὶ
1455 1530 1694 1589 Αἰγύπτιοι,

203 1602 430 1663 φάσκοντες
469 1603 542 1659 τὴν
579 1601 723 1660 χώραν
755 1603 891 1647 αὐτῶν
923 1604 981 1659 μὴ
1013 1602 1360 1647 κατακεκλύσθαι.
1429 1605 1498 1646 καὶ
1527 1604 1742 1654 ὁικαίωςΞ(

202 1678 473 1732 φιλονεικοῦσι
501 1673 561 1730 μὴ
590 1672 921 1730 κατακεκλύσθαι
946 1671 1038 1718 τότε
1057 1674 1131 1729 τὴν
1151 1674 1387 1730 Αἴγυπτον·
1422 1673 1590 1724 τοπικὸς
1614 1673 1693 1731 γὰρ

200 1744 358 1801 γέγονεν
377 1737 496 1794 οὗτος
516 1741 538 1785 ὃ
557 1736 880 1798 κατακλυσμός..
927 1743 999 1790 τὸν
1024 1743 1104 1801 γὰρ
1135 1742 1333 1802 πρότερον
1351 1741 1443 1799 ἤτοι
1464 1742 1535 1787 τὸν
1557 1747 1696 1786 καθο-

200 1813 315 1858 λικὸν
334 1813 622 1869 κατακλυσμὸν
649 1813 744 1858 οὐδὲ
761 1812 1049 1872 γινώσκουσιν·
1085 1812 1200 1860 οὔπω
1221 1813 1302 1873 γὰρ
1323 1807 1374 1871 ἦν
1393 1811 1414 1858 ὁ
1437 1811 1696 1874 πατριάρχης

201 1990 289 2026 deus
314 1987 511 2036 Iapetum.’'
558 1990 761 2027 universam
780 1991 915 2038 quippe
935 1990 1131 2040 Europam,
1156 1995 1193 2027 et
1211 2003 1360 2037 magnae
1378 1990 1486 2027 Asiae
1504 1991 1598 2028 haud
1618 1991 1698 2027 exi-

201 2049 305 2082 guam
329 2043 466 2097 partem
489 2038 656 2082 abstulit3
691 2038 846 2084 ideoque
879 2038 1037 2074 additum
1071 2045 1126 2074 est
1147 2034 1210 2073 “et
1232 2039 1371 2074 habitet
1394 2038 1433 2074 in
1455 2039 1698 2076 tabernaculis

203 2082 327 2120 Semi?
386 2096 501 2131 neque
524 2086 561 2120 id
580 2087 703 2130 modo,
731 2086 795 2120 sed
819 2085 923 2121 etiam
944 2085 1218 2121 reconditiorem
1240 2097 1380 2121 sensum
1404 2087 1560 2121 eruendo
1588 2087 1697 2122 intel-

202 2130 353 2177 ligimus,
378 2133 474 2179 quod
494 2133 611 2179 Iapeti
632 2134 711 2168 fere
728 2137 806 2168 tota
824 2133 942 2179 portio
960 2133 1172 2179 baptismum
1196 2145 1237 2169 ac
1261 2134 1366 2168 fidem
1384 2133 1423 2168 in
1442 2133 1622 2169 Christum
1643 2139 1699 2169 est

202 2179 385 2225 amplexa,
411 2180 505 2225 quod
529 2191 594 2225 per
612 2180 711 2215 Semi
733 2179 963 2218 tabernacula
986 2186 1149 2225 notatur,
1181 2181 1322 2226 quando
1347 2180 1455 2216 etiam
1477 2181 1698 2217 Abrahamus

203 2237 226 2260 a
248 2226 353 2261 Semo
377 2238 487 2272 genus
512 2227 613 2262 duxit
637 2233 743 2273 atque
767 2227 1012 2273 patriarchae,
1037 2239 1058 2262 a
1081 2228 1208 2273 quibus
1232 2228 1422 2274 perspicue
1444 2229 1588 2274 generis
1613 2240 1697 2274 pro-

202 2273 349 2320 pagatio
384 2285 450 2319 per
479 2274 635 2309 ordinem
669 2285 783 2320 usque
813 2274 858 2309 ad
887 2274 1067 2309 Christum
1098 2274 1297 2310 deducitur.
1345 2281 1383 2310 at
1412 2275 1538 2311 Chami
1571 2280 1699 2322 gentes

204 2319 399 2366 pleraeque
421 2321 611 2356 etiamnum
634 2321 672 2356 in
694 2321 896 2356 defectione
921 2333 942 2356 a
965 2322 1037 2356 fide
1056 2322 1260 2357 Christiana
1284 2328 1504 2369 permanent,
1526 2323 1564 2357 in
1586 2322 1700 2358 Indiis

187 2366 406 2414 .Aethiopiis
425 2368 653 2403 Mauritaniis
666 2395 676 2413 ,
698 2368 736 2402 in
761 2368 888 2414 quibus
913 2369 1077 2414 gentibus
1098 2369 1202 2404 etiam
1227 2370 1382 2405 Arabiae
1404 2375 1634 2404 numerantur
1656 2382 1700 2405 ac

204 2414 390 2459 Idumaea,
426 2415 488 2461 qui
519 2415 644 2461 populi
674 2426 794 2450 omnes
828 2415 998 2450 adversus
1032 2417 1135 2451 deum
1170 2422 1208 2451 et
1239 2423 1381 2452 sanctos
1406 2417 1483 2451 eius
1507 2416 1700 2462 ferociunt,

205 2461 443 2496 exsecrationi
467 2462 524 2497 cui
548 2462 720 2497 Chamum
743 2467 781 2497 et
803 2462 1029 2497 Chanaanem
1062 2464 1149 2498 deus
1175 2464 1364 2499 obnoxium
1388 2464 1526 2498 fecerat
1549 2463 1700 2500 addicti.

204 2506 327 2554 itaque
350 2509 524 2554 scriptura
543 2510 713 2545 Chamum
735 2509 832 2544 Semi
856 2515 892 2544 et
909 2510 1026 2555 Iapeti
1047 2522 1188 2546 servum
1207 2511 1476 2559 pronuntiavit,
1510 2522 1577 2558 per
1601 2511 1700 2547 cha-

205 2565 353 2589 naanem
376 2555 483 2590 filium
507 2556 586 2603 ipso
612 2556 718 2591 etiam
739 2561 841 2602 patre
864 2557 998 2592 Chamo
1025 2563 1161 2592 notato.

298 2601 378 2636 Duo
403 2602 536 2638 diluvia
559 2603 596 2638 in
619 2603 773 2638 Graecia
797 2602 929 2638 celebri
951 2605 1045 2639 fama
1064 2605 1220 2651 fuerunt,
1240 2605 1340 2651 prius
1359 2604 1397 2639 in
1418 2604 1550 2650 Attica,
1575 2604 1702 2650 Ogygi

205 2650 344 2694 aetate,
370 2650 547 2696 posterius
577 2650 677 2685 annis
700 2651 744 2686 ab
765 2662 808 2685 eo
832 2651 902 2686 248
924 2651 961 2685 in
986 2651 1196 2698 Thessalia,
1222 2652 1442 2688 Deucalione
1466 2651 1615 2686 Athenis
1639 2663 1700 2686 re-

204 2699 355 2740 gnante,
390 2697 544 2731 secundo
570 2709 591 2731 a
610 2697 751 2732 Cranao
774 2697 957 2743 indigena.
1007 2698 1108 2733 huius
1134 2701 1198 2735 sub
1221 2699 1439 2735 Deucalione
1457 2698 1547 2734 facti
1571 2699 1700 2734 diluvii

205 2741 374 2778 videntur
397 2742 503 2778 etiam
527 2743 699 2790 Aegyptii
722 2744 945 2792 meminisse,
981 2744 1140 2781 dicentes
1173 2758 1271 2782 suam
1301 2752 1432 2782 terram
1457 2745 1702 2781 inundationis

206 2794 387 2836 expertem
411 2789 537 2826 fuisse.
587 2796 624 2826 et
657 2791 798 2836 quidem
826 2796 927 2827 recte
956 2794 1173 2828 contendunt
1194 2794 1399 2840 Aegyptum
1422 2800 1507 2829 tunc
1530 2793 1703 2828 diluvium

204 2847 278 2870 non
299 2847 378 2871 esse
402 2848 561 2883 passam,
601 2849 679 2872 cum
702 2838 738 2872 id
762 2838 932 2873 dilnvium
957 2845 1054 2874 certo
1078 2845 1212 2875 tantum
1236 2841 1314 2876 loco
1338 2840 1552 2876 substiterit.
1602 2839 1704 2887 prius

205 2887 325 2920 autem
347 2883 530 2932 diluvium,
555 2884 650 2933 quod
671 2885 874 2924 universam
897 2889 1030 2924 terram
1051 2886 1253 2935 inundavit,
1276 2887 1382 2936 plane
1400 2888 1587 2935 ignorantz
1611 2899 1703 2923 non-
