1742 3184
221 216 318 268 106
704 217 947 264 GEORGII
975 217 1220 264 CEDRENI

216 331 479 392 στειρευούσῃ
501 339 553 393 τῇ
571 336 727 392 γυναικὶ
746 335 927 387 Μανωέ,
966 337 1033 378 καὶ
1064 334 1347 393 ἐπαγγέλλεται
1379 334 1484 394 αὗτῇ
1502 335 1576 391 τὴν
1597 333 1699 380 σύλ·

217 408 346 459 ληψιν
368 403 574 460 Σαμψών.
645 406 928 463 ἀνδρωθέντος
963 406 1008 448 δὲ
1028 404 1233 462 Σαμψών,
1274 404 1394 448 ἔθετο
1420 405 1495 461 τὴν
1526 409 1699 464 καρδίαν

217 475 348 518 αὐτοῦ
371 475 412 518 ἓν
433 477 633 536 ἐπιθυμίᾳ
654 476 843 533 γυναικὸς
863 474 1112 533 ἀλλοφύλου.
1156 474 1305 519 ἐκώλυε
1325 475 1370 518 δὲ
1391 475 1518 520 αὐτὸν
1539 477 1699 520 Manu-<3

219 546 287 587 καὶ
310 543 335 601 ἡ
359 543 495 602 μήτηρ
529 546 679 598 αὐτοῦ,
728 546 787 601 μὴ
822 543 973 596 εἷὸότες
1006 543 1061 597 ὥς
1092 545 1233 603 γνώμῃ
1262 549 1368 588 θεοῦ
1399 545 1558 603 γέγονεν
1587 547 1700 605 αὗτῷ

161 620 193 655 D
221 619 339 657 τοῦτο
369 616 432 658 ἐπὶ
464 615 685 674 ἀφανισμῷ
716 620 797 658 τῶν
829 613 1087 673 ἀλλοφύλων.
1153 616 1403 671 χλευασθεὶς
1431 617 1475 659 δὲ
1505 617 1733 672 Σαμψὼνό

215 682 294 730 ἐπὸ
323 689 397 740 τῆς
423 686 611 742 γυναικὸς
634 686 759 728 αὐτοῦ
782 686 824 727 ἓν
848 690 905 744 τῷ
927 684 1187 743 προβλήματι
1208 685 1230 728 ὃ
1251 683 1369 737 εἶπεν,
1397 683 1473 729 ι(ἐκ
1496 685 1701 741 στόματος

217 754 414 806 ἴσθοντος
445 757 593 811 ἐξῆλθε
621 760 777 813 βρῶσις
809 758 877 798 καὶ
911 755 991 798 ἀπὸ
1025 757 1198 814 ἰσχυροῦ
1223 753 1349 812 γλυκύ
1362 755 1407 807 ,³³
1443 755 1596 812 ἀπέστη
1620 756 1696 799 ἀπ’

218 824 344 880 αὐτῆς
366 823 557 881 εἰπούσης
579 823 652 868 Ῠετί
669 824 930 883 ’ἰσχυρότερον
952 826 1133 878 λέοντος,
1170 827 1236 869 καὶ
1259 826 1302 868 τί
1317 823 1562 884 γλυκύτερον
1583 827 1700 881 μέλι-

217 895 340 950 τος;”
379 896 446 937 καὶ
477 892 498 937 ὅ
532 895 666 952 πατὴρ
701 895 828 951 αὐτῆς
860 896 1018 947 ἐξέδοτο
1039 896 1168 950 αὐτὴν
1191 896 1308 951 ἀνδρὶ
1329 894 1468 954 ἑτέρῳ.
1537 898 1604 938 καὶ
1630 895 1701 938 διὰ

216 969 337 1008 τοῦτο
372 964 788 1021 ὂρ>ἰ’ζεται,Σαιιψὼν
818 970 977 1021 μᾶλλον
1006 972 1092 1016 τοῖς
1115 963 1388 1024 ἀλλοφύλοις,
1431 966 1497 1008 καὶ
1518 965 1700 1026 ἓμπιπρᾷ
1713 973 1742 1010 14

215 1034 291 1085 τὰς
304 1032 447 1092 χώρας
461 1035 595 1078 αὐτῶν
613 1036 682 1078 διὰ
701 1039 783 1079 τῶν
791 1037 936 1091 χιλίων
959 1036 1191 1078 ἀλωπέκων.
1228 1035 1267 1079 οἶ
1281 1036 1326 1078 δὲ
1340 1033 1566 1093 ἀλλόφυλοι
1579 1037 1702 1079 κατέ-

215 1122 374 1148 καυσαν
397 1105 470 1160 τὴν
498 1112 668 1162 γυναῖκα
693 1105 885 1160 Σαμψὼν
907 1107 976 1148 καὶ
998 1106 1094 1157 τοὺς
1120 1113 1250 1162 γονεῖς
1276 1105 1424 1160 αὐτῆς,
1467 1108 1537 1148 καὶ
1567 1103 1702 1149 πάντα

214 1173 286 1216 τὸν
315 1172 424 1217 οῗκον
454 1175 589 1218 αὐτῶν
617 1174 932 1233 ἐξωλόθρευσαν
963 1176 1005 1219 ἕν
1034 1177 1154 1233 πυρί,
1191 1175 1254 1219 ὅτι
1275 1175 1331 1218 δι’
1359 1175 1510 1226 αὐτοὺς
1531 1179 1702 1219 τοιαῦτα

214 1245 365 1300 συνέβη
386 1245 537 1297 αὐτοῖς.
609 1244 694 1289 εἶτα
711 1247 860 1301 συνέβη
883 1246 995 1304 αὐτῷ
1016 1245 1067 1288 τὰ
1089 1247 1179 1303 περὶ
1199 1246 1272 1301 τὴν
1290 1251 1463 1302 γυναῖκα
1483 1245 1557 1301 τὴν
1574 1240 1703 1289 οὖσαν

214 1315 256 1357 ἓν
283 1319 335 1373 τῇ
362 1314 475 1358 πόλει
506 1320 586 1359 τῶν
614 1314 874 1373 ἀλλοφύλων,
910 1315 975 1359 ὅτε
995 1317 1063 1358 καὶ
1086 1316 1161 1366 τὰς
1179 1314 1311 1367 πύλας
1331 1319 1405 1369 τῆς
1425 1313 1582 1366 πόλεως
1603 1313 1702 1371 ἀνή-
1715 1323 1742 1359 1ὲ

96 1392 122 1425 Ρ
145 1393 190 1428 60
215 1402 346 1440 νεγκεν
377 1387 439 1428 ἐπὶ
462 1390 543 1428 τῶν
565 1384 690 1441 ὤμων
705 1387 747 1428 ἓν
769 1389 825 1444 τῷ
849 1384 947 1442 ὄρει.
1018 1383 1216 1436 ὡσαύτως
1249 1386 1294 1428 δὲ
1323 1387 1393 1428 καὶ
1421 1385 1473 1428 τὰ
1505 1387 1595 1442 περὶ
1629 1386 1704 1441 τὴν

211 1455 430 1498 Autumnus>
469 1456 593 1512 κρίνει
615 1457 659 1499 δὲ
683 1456 753 1499 τὸν
773 1455 873 1498 λαὸν
898 1455 966 1511 ἔτη
989 1455 1127 1498 εἴκοσι.
1180 1457 1247 1498 καὶ
1270 1455 1374 1510 μετὰ
1400 1455 1446 1498 τὸ
1472 1457 1704 1511 ξυρηθῆναι

209 1522 289 1567 ὑπὸ
322 1529 403 1568 τῶν
436 1523 683 1584 ἀλλοφύλων
714 1527 780 1568 καὶ
810 1526 1152 1583 ἔκτυφλωθῆναι,
1189 1525 1449 1582 ἀναφυεισῶν
1473 1520 1599 1575 αὖθις
1624 1528 1706 1568 τῶν

154 1607 157 1609 “
206 1599 358 1652 τριχῶν
399 1595 528 1637 αὐτοῦ
539 1627 552 1647 ,
613 1595 817 1638 κατέσεισε
853 1595 927 1650 τὴν
972 1599 1053 1637 τῶν
1091 1592 1339 1652 ἀλλοφύλων
1374 1594 1515 1647 πόλιν,
1574 1612 1705 1638 κατα-

205 1666 392 1722 στρέψας
428 1664 579 1720 αὖτήν,
643 1666 685 1708 ἓν
711 1659 740 1722 ᾗ
772 1667 840 1708 καὶ
874 1665 999 1716 αὐτὸς
1033 1665 1315 1716 συναπέθανε,
1370 1663 1460 1707 τότε
1500 1662 1742 1721 φονεύσαςᾌ

209 1736 373 1785 πλείους
403 1732 665 1793 ἀλλοφύλους
692 1734 716 1791 ἢ
749 1734 806 1778 ἔτι
829 1737 918 1787 ζῶν.
989 1736 1057 1777 καὶ
1077 1735 1181 1789 μετὰ
1205 1738 1352 1777 τοῦτον
1372 1733 1499 1788 Μιχά
1522 1732 1543 1776 ὁ
1564 1735 1607 1776 ἐκ
1631 1738 1706 1789 τῆς

214 1808 350 1862 φυλῆς
366 1804 555 1862 Ἐφραὶμ
574 1804 670 1856 τοὺς
690 1802 752 1863 ρλ’
774 1804 970 1862 ἀργυρίου
991 1805 1211 1858 σταθμοὺς
1234 1805 1383 1847 δέδωκε
1408 1809 1458 1861 τῇ
1477 1806 1603 1862 μητρὶ
1627 1804 1705 1847 αὖ·

211 1878 302 1924 τοῦ.
370 1872 397 1931 ἡ
428 1875 471 1917 δὲ
499 1872 642 1932 ἡγίασε
674 1873 721 1919 τὸ
752 1873 949 1934 ἀργύριον
976 1878 1036 1934 τῷ
1056 1876 1206 1934 κυρίῳ,
1251 1876 1320 1917 καὶ
1344 1875 1506 1930 ἐποίησε
1526 1874 1706 1932 γλυπτὸν

216 2054 339 2091 mittit.
388 2066 430 2090 eo
462 2059 622 2101 tempore
655 2053 800 2100 angelus
829 2052 961 2089 domini
991 2053 1130 2088 mulieri
1157 2052 1292 2098 sterili,
1329 2064 1422 2099 quae
1441 2052 1596 2088 Manoae
1628 2058 1706 2089 erat

216 2113 319 2146 uxor,
344 2108 516 2149 apparet,
539 2101 794 2147 gravidamque
816 2102 895 2136 fore
920 2106 957 2135 et
983 2100 1165 2135 Samsonis
1188 2107 1333 2136 matrem
1355 2099 1556 2148 pollicetur.
1604 2100 1704 2136 adul-

215 2154 274 2184 tus
299 2150 449 2185 Samson
473 2149 517 2184 ad
541 2149 736 2183 ducendum
759 2147 831 2183 sibi
854 2147 1087 2193 alienigenam
1109 2158 1254 2182 uxorem
1278 2147 1428 2183 animum
1453 2146 1604 2192 adiecit,
1637 2159 1704 2195 pa-

214 2195 377 2232 rentibus
398 2196 675 2241 reluctantibus,
710 2195 804 2240 quod
840 2194 1020 2229 nescirent
1050 2194 1198 2229 consilio
1222 2194 1282 2230 dei
1306 2195 1398 2230 hanc
1420 2194 1454 2229 ei
1477 2194 1707 2240 cupiditatem

212 2243 393 2287 iniectam,
417 2255 508 2289 quae
531 2241 768 2278 internecioni
790 2243 1020 2276 barbarorum
1045 2253 1163 2276 ansam
1187 2243 1391 2288 praeberet.
1426 2253 1595 2276 successu
1614 2247 1706 2277 tem-

210 2291 312 2338 poris
342 2290 463 2325 illusus
487 2290 532 2324 ab
554 2301 665 2324 uxore
683 2289 834 2323 Samson
857 2289 953 2332 (cum
977 2288 1187 2333 quaestione
1212 2301 1233 2323 a
1256 2289 1384 2325 marito
1410 2288 1482 2324 sibi
1505 2288 1706 2334 proposita,

214 2338 381 2384 quidnam
406 2336 476 2372 sibi
500 2337 568 2371 hoc
591 2336 700 2371 vel-let
722 2331 792 2370 “ex
825 2347 887 2370 ore
916 2335 1076 2370 vorantis
1108 2335 1207 2370 cibus
1239 2336 1347 2380 exiit,
1386 2341 1494 2382 atque
1512 2335 1660 2370 dulcedo
1685 2346 1708 2370 a

213 2387 362 2421 robusto
374 2380 408 2428 ,’'
445 2395 487 2418 ea
508 2382 755 2429 respondisset
775 2377 960 2416 “numnam
988 2381 1121 2427 aliquid
1153 2382 1256 2417 leone
1290 2382 1485 2426 robustius,
1520 2387 1582 2418 aut
1605 2380 1708 2417 melle

214 2427 433 2475 dulcius2”)
458 2430 712 2465 consuetudi-ne
747 2428 824 2463 eius
853 2441 894 2463 se
922 2428 1115 2471 abstinuit3
1149 2441 1297 2475 eamque
1329 2441 1432 2465 socer
1466 2429 1529 2463 alii
1557 2428 1637 2464 viro
1668 2427 1706 2462 in

213 2477 471 2514 matrimonium
496 2476 657 2512 tradidit.
707 2487 778 2522 qua
806 2486 846 2510 re
877 2475 916 2509 in
946 2476 1117 2511 barbaros
1150 2482 1382 2523 exasperatus
1406 2477 1579 2519 Samson,
1613 2474 1709 2510 mille

213 2525 380 2572 vulpibus
402 2524 582 2559 adornatis
606 2534 726 2558 eorum
748 2526 891 2567 segetes
914 2521 1083 2557 incendit.
1109 2523 1230 2568 itaque
1251 2523 1397 2559 barbari
1415 2522 1598 2557 Samsonis
1617 2534 1709 2557 uxo-

213 2584 290 2607 rem
315 2571 489 2616 huiusque
513 2575 678 2616 parentes
702 2574 739 2604 et
761 2569 963 2604 universam
987 2568 1153 2604 familiam
1176 2570 1254 2616 igni
1284 2571 1574 2614 combusserunt,
1611 2569 1707 2615 quod

215 2630 328 2666 penes
352 2629 415 2653 eos
436 2616 576 2663 accepti
605 2616 723 2652 damni
756 2627 863 2651 causa
892 2615 1034 2651 fuisset.
1083 2622 1208 2663 postea
1231 2616 1396 2652 Samsoni
1419 2616 1488 2651 alia
1512 2619 1711 2651 evenerunt

214 2672 367 2713 propter
388 2675 534 2698 uxorem
557 2675 649 2709 quae
671 2662 708 2697 in
733 2664 822 2698 urbe
845 2662 1121 2708 alienigenarum
1146 2665 1323 2709 degebat3
1355 2675 1433 2698 cum
1458 2662 1598 2709 quidem
1623 2674 1706 2708 por-

213 2719 270 2748 tas
290 2712 390 2747 urbis
412 2710 566 2745 humeris
589 2710 663 2745 suis
687 2710 844 2745 sublatas
866 2709 905 2744 in
931 2715 1082 2744 montem
1102 2711 1242 2747 extulit.
1290 2710 1454 2746 similiter
1487 2715 1525 2745 et
1556 2709 1708 2744 ualidae

215 2771 291 2795 res.
339 2757 497 2804 praefuit
520 2757 651 2804 populo
683 2769 795 2792 annos
817 2758 878 2792 20.
925 2761 1110 2803 postquam
1134 2769 1222 2793 vero
1244 2770 1268 2793 a
1288 2756 1454 2792 barbaris
1478 2757 1649 2792 detonsus
1673 2759 1711 2791 et

216 2810 429 2841 excaecatus
452 2805 543 2849 fuit,
579 2815 716 2839 rursum
749 2803 864 2839 enatis
896 2803 1052 2839 crinibus
1087 2806 1210 2840 urbem
1243 2806 1472 2840 barbarorum
1504 2814 1710 2838 concussam

219 2852 366 2897 evertit,
395 2852 504 2897 inque
527 2863 570 2886 ea
592 2862 663 2886 una
686 2856 844 2886 mortuus
869 2855 942 2895 est,
967 2850 1124 2897 pluribus
1147 2857 1221 2886 tum
1246 2863 1349 2898 quam
1370 2862 1460 2896 quos
1483 2850 1588 2885 vivus
1612 2849 1709 2885 occi-

218 2901 334 2944 derat,
369 2899 505 2934 necatis
526 2909 643 2934 secum
667 2898 846 2933 barbaris.
897 2903 979 2944 post
1005 2897 1098 2932 hunc
1116 2898 1255 2933 Michas
1280 2899 1325 2933 de
1348 2898 1444 2933 tribu
1469 2896 1710 2944 Ephraimica‚

222 2949 289 2983 130
311 2945 451 2993 argenti
477 2946 593 2993 pondo
617 2944 722 2981 matri
741 2956 830 2981 suae
845 2944 967 2982 deduz
990 2944 1052 2981 illa
1075 2950 1260 2992 argentum
1277 2946 1346 2982 deo
1365 2944 1602 2991 consecravit,
1624 2943 1713 2979 fecit
