1742 3184
216 173 315 221 728
536 203 539 206 ·
697 174 937 221 GEORGII
970 173 1217 219 CEDRENI

213 293 281 336 καὶ
302 290 477 343 πολλοὺς
496 289 631 336 αῧτῶν
652 288 861 344 ἐπάταξεν,
897 288 924 346 ἦ
949 290 996 333 δὲ
1024 294 1106 335 τῶν
1126 288 1342 345 Ῥωμαίων
1368 287 1598 350 παράταξις
1615 304 1690 348 γα-

211 360 337 418 λήνης
355 360 581 418 ἇπήλαυσε.
649 357 842 419 τρέπουσι
863 361 907 403 δὲ
923 358 1118 416 Ῥωμαῖοι
1136 358 1233 411 τοὺς
1251 361 1423 418 Πέρσας
1432 393 1446 414 ,
1482 363 1550 404 καὶ
1574 360 1692 404 ἀναι-

212 428 332 489 ροῦσὶ
352 430 495 487 πλήθη
517 428 663 473 πολλά.
717 427 816 488 ὅπερ
838 429 991 485 μαθὼν
1011 428 1033 473 ὅ
1055 428 1253 488 Χοσρόης
1274 429 1472 488 ὀργίζεται
1490 430 1596 474 κατὰ
1615 436 1691 475 τοῦ

210 503 337 554 Σαΐν,
386 500 432 552 ὃς
456 502 500 543 ἐκ
530 503 685 555 πολλῆς
706 499 891 555 ἀθυμίας
914 498 1023 559 νόσῳ
1045 499 1272 557 περιπεσὼν
1290 503 1472 560 τελευτᾷ.
1540 498 1689 544 τούτου

207 570 280 615 τὸν
303 570 447 629 νεκρὸν.
466 567 664 626 Χοσρόης
689 573 859 621 πολλαΐς
889 570 1040 621 αῗκίαις
1072 567 1288 624 ὑπέβαλεν.
1357 569 1396 612 οἱ
1426 568 1722 629 ’δὲ’Χάζαροιό

208 638 500 698 διαρρήξαντες
527 639 602 690 τὰς
620 640 816 691 Κασπίας
845 637 979 690 πύλας
997 644 1049 697 τῇ
1067 641 1244 697 Περσίδι
1268 637 1553 693 ὲῗσβάλλουσιν
1572 641 1615 683 ἓν
1638 645 1692 699 τῇ

156 721 189 758 D
207 708 328 771 χώρᾳ
360 714 434 752 τοῦ
463 709 690 765 Ἀνδροηγᾶ
718 707 793 752 σὺν
816 712 877 768 τῷ
900 713 1115 768 στρατηγῷ
1139 709 1273 752 αὐτῶν
1293 707 1478 764 Ζεβεήλ,
1512 710 1690 770 δευτέρῳ

197 778 295 822 ’ὄντι
316 782 392 822 τοῦ
404 776 588 835 χαγάνου
607 782 660 836 τῇ
676 779 770 839 ἀξίᾳ
779 781 794 804 ·’
827 780 896 821 καὶ
918 779 959 822 ἓν
977 775 1039 829 οἷς
1060 777 1110 821 ἂν
1127 777 1268 829 τόποις
1290 778 1506 832 διέβαινον,
1527 778 1626 830 τούς
1646 798 1689 824 τε

205 849 376 905 Πέρσας
394 845 687 906 ᾖχμαλώτευσῡ
713 849 782 891 καὶ
803 848 879 899 τὰς
899 847 1044 903 κώμας
1065 850 1134 891 καὶ
1156 846 1295 899 πόλεις
1309 850 1408 905 πυρὶ
1428 852 1690 907 παρεδίδουν.

205 915 228 960 ὃ
262 918 306 960 δὲ
336 918 531 972 βασιλεὺς
562 916 727 976 ἀπάρας
753 917 834 961 ἀπὸ
855 916 1049 974 Λαζικῆς
1077 915 1238 969 τούτοις
1271 915 1530 974 συνήντησεν.
1600 917 1690 963 ὅδὲ
1701 924 1742 961 10

204 986 365 1042 Ζεβεὴλ
396 987 501 1042 μετὰ
530 991 686 1045 πολλῆς
718 985 879 1045 ἀγάπης
912 989 981 1031 καὶ
1013 992 1148 1046 χαρᾶς
1178 985 1404 1044 ἠσπάσατο
1425 987 1496 1031 τὸν
1515 991 1690 1044 βασιλέα

202 1058 271 1100 καὶ
293 1056 390 1108 τοὺς
407 1055 631 1117 σὺνάὗτῷ.
683 1055 930 1115 προσήνεγκε
951 1057 996 1100 δὲ
1017 1059 1086 1100 καὶ
1106 1057 1178 1101 τὸν
1194 1056 1284 1109 υἱὸν
1306 1057 1433 1100 αὐτοῦ
1452 1062 1512 1117 τῷ
1527 1063 1696 1114 βασιλεῖ’

201 1126 307 1185 πρὸς
339 1128 605 1183 συμμαχίαν,
644 1129 714 1170 καὶ
750 1127 874 1179 αὐτὸς
900 1125 1156 1183 ’ὑπέστρεψεν
1189 1128 1245 1178 εἷς
1265 1126 1503 1183 ὶτῆν’ῗδίαν
1531 1127 1689 1186 χώραν.

201 1195 343 1251 λαβὼν
373 1197 417 1240 δὲ
444 1194 617 1248 τούτους
637 1195 658 1240 ὃ
678 1197 874 1253 βασιλεύς
894 1196 1000 1240 κατὰ
1018 1194 1217 1254 Χοσρόου
1240 1194 1396 1255 ἐχώρει.
1466 1195 1488 1240 ὃ
1511 1199 1556 1241 δὲ
1572 1198 1689 1258 Σάρ-

201 1270 333 1324 βαρος
360 1269 410 1324 τῇ
441 1265 681 1322 Χαλκηδόνι
710 1264 980 1324 προσβᾶλών,
1020 1266 1141 1310 ’ἀλλὰ
1171 1268 1240 1309 καὶ
1271 1268 1310 1309 οἳ
1336 1266 1522 1325 ’Άβαρες
1541 1269 1585 1312 ἐκ
1615 1274 1742 1325 τῆςΙΕ

197 1334 376 1396 ,Θρᾴκης
392 1340 444 1393 τῇ
464 1335 578 1379 πόλει
598 1334 918 1393 πλησιάσαντες,
951 1334 1104 1392 ταύτην
1123 1334 1224 1379 ἕλεῖν
1243 1335 1476 1391 ἐβούλοντο,
1501 1339 1690 1394 μηχανὰς

54 1414 86 1450 Ρ
109 1415 180 1453 416
203 1405 296 1448 κατ’
324 1406 451 1461 αὐτῆς
469 1403 724 1462 ποιήσαντες.
779 1405 945 1461 πλῆθός
962 1423 1005 1449 τε
1026 1405 1193 1464 ἄπειρον
1214 1407 1281 1449 καὶ
1303 1406 1488 1464 ἆρῖθμοῦ
1508 1393 1687 1466 κρεῖττον

200 1475 245 1518 ἐκ
262 1479 336 1518 τοῦ
350 1474 511 1533 Ἴστρου
531 1476 761 1533 ἐνέγκαντες
781 1480 955 1534 σκαφῶν
976 1480 1165 1533 γλυπτῶν
1184 1475 1255 1519 τὸν
1275 1475 1427 1519 κόλπον
1449 1478 1688 1536 τοῦ““Κέρα-

199 1562 270 1596 τος
288 1543 544 1602 ἐπλήρωσαν.
614 1546 712 1589 δέκα
734 1546 778 1588 δὲ
798 1543 955 1603 ἡμέρας
981 1550 1032 1603 τῇ
1061 1543 1175 1589 πόλει
1195 1545 1527 1603 παραταξάμενοι
1551 1545 1620 1590 διά
1643 1566 1687 1592 τε

198 1619 275 1671 γῆς
303 1616 372 1657 καὶ
402 1613 624 1671 θαλάσσης
643 1620 696 1674 τῇ
722 1619 796 1659 τοῦ
821 1619 927 1658 θεοῦ
955 1613 1126 1670 δυνάμει
1148 1617 1215 1658 καὶ
1236 1617 1425 1676 συνεργίᾳ
1448 1618 1516 1659 καὶ
1538 1621 1590 1675 τῇ
1613 1622 1742 1674 τῆςΞο

199 1682 407 1741 ἀχράντου
436 1683 639 1728 θεοτόκου
672 1687 741 1727 καὶ
775 1684 1049 1743 ἄειπαρθένου
1081 1687 1277 1745 πρεσβεία
1304 1683 1571 1741 ἡττήθησαν,
1619 1690 1689 1730 καὶ

199 1751 342 1809 πλήθη
370 1753 503 1797 πολλὰ
535 1752 814 1808 ἀποβαλόντες
847 1753 889 1796 ἵν
919 1771 962 1797 τε
993 1757 1047 1811 γῇ
1073 1756 1141 1796 καὶ
1160 1752 1358 1811 θαλάσσῃ
1381 1754 1486 1809 μετὰ
1507 1754 1688 1813 μεγάλης

199 1821 395 1879 αἰσχύνης
423 1820 701 1882 ὑπέστρεψαν.
768 1823 1063 1889 τοιοῦτονωγάρ
1100 1823 1250 1880 συνέβη
1285 1822 1438 1875 αὐτοῖς.
1509 1823 1615 1870 εἶδον
1647 1828 1687 1870 οἳ

287 1964 336 2002 22
360 1961 638 2012 ἀποβάλλοντες
661 1964 691 2000 Ρ

193 2089 332 2134 feritet,
367 2102 444 2126 cum
466 2090 610 2126 interim
633 2090 746 2127 omnis
767 2090 990 2139 tempestatis
1014 2101 1142 2138 expers
1171 2095 1266 2128 esset
1288 2092 1467 2129 Romanus
1492 2095 1684 2131 exercitus.

192 2135 266 2170 fusi
287 2148 329 2172 eo
354 2137 490 2184 praelio
515 2145 598 2173 sunt
624 2149 646 2173 a
667 2139 836 2174 Romanis
863 2140 1005 2183 Persae,
1037 2150 1235 2185 magnaque
1259 2139 1359 2175 clade
1382 2142 1519 2179 affecti.
1567 2143 1685 2178 Chos-

193 2194 276 2219 roes
313 2195 356 2218 ea
389 2184 435 2219 de
471 2196 581 2220 causa
613 2197 758 2231 gravem
784 2185 823 2220 in
854 2185 1000 2220 Sainum
1033 2185 1122 2220 iram
1156 2187 1344 2232 concepit3
1381 2194 1489 2234 atque
1515 2189 1574 2224 hic
1597 2201 1685 2235 prae

193 2240 356 2264 maerore
377 2230 415 2265 in
438 2233 594 2266 morbum
618 2232 755 2278 incidit,
785 2243 900 2278 eoque
923 2237 979 2267 est
1000 2232 1231 2268 exanimatus.
1264 2233 1481 2269 incoadaver
1504 2236 1684 2271 Chosroes

193 2276 304 2310 variis
329 2278 550 2313 contumeliis
575 2278 764 2314 desaeviit.
813 2285 968 2314 ceterum
998 2279 1151 2314 Chazari
1183 2280 1540 2328 perruptiswCaspiis
1569 2282 1685 2328 portis

192 2321 231 2356 in
254 2322 437 2358 Persidem
469 2324 736 2370 impressionem
764 2325 924 2369 faciunt,
961 2324 999 2359 in
1022 2325 1234 2371 Androegae
1262 2327 1463 2373 regionem,
1497 2329 1587 2364 duce
1610 2329 1684 2364 Ze-

191 2368 308 2415 beelo,
345 2371 406 2416 qui
430 2370 609 2417 dignitate
628 2376 706 2407 erat
728 2383 750 2407 a
773 2372 943 2418 Chagano
969 2372 1163 2418 proximus.
1213 2384 1423 2420 quacunque
1444 2387 1508 2409 eos
1531 2375 1685 2421 impetus

192 2415 296 2460 tulit,
329 2416 458 2452 Persas
484 2418 646 2464 captivos
670 2419 871 2464 abducunt,
894 2429 1006 2464 pagos
1031 2420 1210 2464 urbesque
1230 2419 1438 2457 incendunt.
1486 2421 1541 2457 his
1564 2423 1685 2458 Hera-

193 2461 281 2496 clius
303 2474 348 2498 ex
368 2463 475 2499 Lazis
499 2476 645 2500 movens
670 2465 845 2511 occurrit,
883 2471 1009 2510 estque
1038 2475 1118 2501 eum
1152 2477 1216 2500 suo
1250 2467 1410 2502 exercitu
1445 2469 1622 2514 peramice
1647 2473 1704 2504 et*

190 2506 353 2544 hilariter
375 2522 397 2545 a
421 2510 578 2547 Zebeelo
602 2512 798 2554 salut-atus3
833 2511 895 2558 qui
927 2510 1039 2547 filium
1071 2522 1171 2547 suum
1202 2512 1286 2548 belli
1316 2514 1450 2549 socium
1474 2515 1684 2561 imperatori

190 2554 395 2602 relinquens
425 2557 562 2595 domum
594 2570 718 2594 versus
742 2558 847 2594 abiit.
894 2557 1090 2604 imperator
1112 2559 1167 2593 his
1192 2564 1316 2595 auctus
1340 2561 1481 2596 auxiliis
1504 2561 1543 2597 in
1566 2563 1682 2597 Chos-

189 2610 288 2636 roem
313 2604 508 2639 contendit.
555 2604 698 2640 interim
721 2605 898 2640 Sal-barus
921 2604 1178 2639 chalcedonem
1198 2606 1371 2642 adoritur.
1421 2613 1467 2642 et*
1480 2609 1618 2644 Avares
1635 2615 1683 2644 'ex

192 2645 351 2699 Thracia
373 2650 480 2686 effusi
508 2651 638 2698 Cpoliu
662 2651 849 2696 obsident,
873 2650 1046 2686 machinis
1069 2652 1114 2686 ad
1138 2654 1410 2699 oppugnandum
1433 2656 1588 2700 aptatis3
1608 2659 1683 2691 :ac-

193 2696 336 2739 cltaque
365 2695 549 2732 innumera
579 2698 792 2744 sculptarum
823 2697 966 2734 navium
987 2709 1034 2732 ex
1057 2697 1152 2733 Istro
1177 2700 1399 2737 multitudine
1422 2701 1536 2736 sinum
1560 2702 1621 2747 qui
1644 2702 1682 2736 in

194 2750 303 2774 cornu
331 2748 407 2777 erat
430 2742 475 2778 iis
501 2744 657 2790 opplent.
684 2756 762 2781 cum
787 2749 901 2780 autem
926 2755 992 2792 per
1016 2744 1138 2779 decem
1161 2745 1239 2781 dies
1257 2751 1355 2781 terra
1377 2748 1536 2794 marique
1558 2750 1683 2783 urbem

193 2794 477 2834 oppugnassent,
513 2791 551 2825 vi
585 2797 621 2826 et
654 2791 786 2827 auxilio
817 2790 885 2826 deiss
906 2802 948 2825 ac
978 2790 1174 2829 inviolatae
1198 2792 1352 2838 virginis
1374 2794 1544 2841 deiparae
1567 2795 1680 2829 inter-

191 2831 354 2869 cessione
378 2834 486 2880 victi,
523 2837 661 2873 amissis
695 2844 793 2873 terra
816 2837 979 2882 marhue-
997 2837 1136 2882 iugem
1159 2849 1303 2874 numero
1320 2839 1421 2886 acuis,
1452 2849 1578 2886 magno
1599 2852 1680 2875 curn

191 2877 367 2915 dedecore
390 2879 643 2919 discesserunt.
680 2884 751 2920 tale
775 2884 868 2920 euim
894 2885 947 2920 eis
970 2883 1152 2931 quippiam
1176 2896 1240 2921 usu
1265 2885 1376 2922 venit.
1412 2887 1579 2923 viderunt
1596 2888 1679 2923 bar-
