1742 3184
194 155 295 204 606
677 157 919 203 GEORGII
953 157 1203 203 CEDRENI

193 273 420 332 συνεγίνετο
440 275 508 318 καὶ
533 278 607 331 τῆς
623 274 835 329 βασιλείας
851 270 1068 331 ἐκράτησε·
1097 272 1155 316 δι’
1175 266 1232 316 ὧν
1249 270 1328 332 γάρ
1349 286 1410 327 τις
1432 272 1672 334 ἁμαρτάνει,

193 345 253 387 δι’
277 345 411 389 αὐτῶν
429 347 496 388 καὶ
514 343 761 387 παιδεύεται.
814 343 878 386 ἐπὶ
898 341 1099 398 toi-wag&
1118 344 1296 395 Εὐδοξία
1319 344 1530 401 ἀχθομένη
1546 363 1674 400 μετα-

189 414 386 469 πέμπεται
415 414 485 457 τὸν
504 416 546 455 Γ
544 415 712 471 ιζέριχον
744 414 786 464 ἐξ
813 412 1012 471 Ἀφρικῆς
1042 414 1098 463 εἷς
1123 411 1298 469 Ῥώμην,
1349 416 1673 471 παρακαλέσασα

188 488 453 540 λυτρωθ·ῆναι
482 487 556 538 τῆς
585 487 659 526 τοῦ
687 483 894 537 Μαξίμου
923 484 1174 539 τυραννίδος.
1242 484 1284 524 Γ
1282 484 1453 540 ιζερίχου
1473 485 1519 527 δὲ
1539 484 1673 542 στόλῳ

186 552 353 611 μεγάλῳ
375 551 668 604 ἐκπλεύσαντος
694 554 751 603 εἷς
771 550 933 608 Ῥώμην
951 550 1151 607 Μάξιμος
1177 557 1288 610 φυγῇ
1308 551 1509 610 ἐχρήσατο
1520 586 1533 605 ,
1570 555 1608 597 οἳ
1628 555 1706 598 δὲ5

190 621 377 675 συνόντες
395 622 507 680 αὐτῷ
527 622 687 665 ἀνεῖλον
710 619 847 664 αὐτόν.
900 619 922 665 ὅ
943 623 988 664 δὲ
1007 623 1048 663 Γ
1045 623 1213 678 ιζέριχος
1233 622 1410 677 μηδενὸς
1430 623 1544 681 αὐτῷ
1562 623 1675 666 ἄντι-

43 694 73 730 P
98 693 168 730 346
193 692 365 743 στάντος
385 694 576 747 εἰσῆλθεν
595 694 652 743 εἷς
666 689 827 747 Ῥώμην
843 694 896 749 τῇ
915 693 1030 749 τρίτῃ
1047 690 1182 751 ἡμέρᾳ
1200 696 1275 747 τῆς
1295 696 1427 749 φυγῆς
1446 694 1648 748 Μαξίμου
1661 706 1675 717 ·

190 765 260 806 καὶ
284 757 424 816 λαβὼν
448 759 581 804 πάντα
604 762 656 804 τὰ
673 759 884 818 χρήματα,
919 763 987 804 καὶ
1006 762 1056 804 τὰ
1077 766 1149 817 τῆς
1170 760 1325 812 πόλεως
1345 761 1597 817 ἀναθήματα
1619 765 1676 812 εἷς

188 833 241 876 τὰ
265 835 388 874 πλοῖα
412 829 617 886 ἐμβαλών,
653 832 695 873 ἓν
727 829 789 881 οἷς
819 826 924 886 ἦσαν
955 830 1142 886 κειμήλια
1170 829 1378 888 ὁλόχρυσα
1404 833 1471 874 καὶ
1501 830 1674 875 διάλιθα

190 901 504 956 ε’κκλησιαστικὰ
536 902 604 944 καὶ
634 900 755 956 σκεύη
783 898 1004 958 Ἑβραὶὲιά,
1040 899 1143 957 ἅπερ
1168 898 1189 942 ὅ
1213 901 1524 944 Οὐεσπασιανοῦ
1550 905 1674 951 Τῖτος
1687 906 1732 942 10

191 973 233 1023 ἐξ
249 968 543 1026 Ἱεροσολύμων
565 970 778 1028 ἀφείλετο,
813 969 888 1012 σὺν
916 968 1075 1021 τούτοις
1104 970 1243 1024 λαβὼν
1269 969 1344 1025 τὴν
1370 971 1573 1021 Εὗδοξίαν
1599 970 1673 1025 τὴν

189 1041 386 1095 βασιλίδα
421 1042 490 1082 καὶ
524 1040 576 1083 τὰ
605 1040 725 1082 τέκνα
758 1038 905 1095 αὐτῆς,
951 1042 1009 1091 εἷς
1035 1039 1233 1096 Ἀφρικὴν
1271 1038 1531 1084 ἀπέπλευσεν.
1602 1041 1676 1091 ἕως

192 1104 272 1155 ὧδε
298 1109 467 1166 δευτέρα
494 1109 647 1160 ἅλωσις
672 1107 831 1164 Ῥώμης
862 1113 938 1165 τῆς
961 1108 1165 1165 μεγάλης,
1200 1106 1342 1167 πρώτη
1361 1109 1437 1164 μὲν
1457 1107 1536 1152 ὑπὸ
1554 1108 1676 1152 Ἀλα-

194 1181 325 1237 ρίχου,
362 1179 530 1237 δευτέρα
551 1179 595 1222 δὲ
615 1177 694 1221 ὑπὸ
713 1180 936 1236 Γιζερίχου.
983 1181 1050 1221 καὶ
1071 1179 1145 1234 τὴν
1162 1178 1236 1233 μὲν
1258 1178 1462 1230 Εὐδοξιάν
1477 1178 1676 1236 Ὁνορίχῳ

189 1253 249 1307 τῷ
275 1248 521 1307 πρωτοτόκῳ
549 1248 626 1306 υἱῷ
655 1249 783 1291 αὐτοῦ
815 1249 1042 1301 συνέζευξε·
1090 1247 1166 1304 τὴν
1202 1249 1247 1290 δὲ
1278 1250 1511 1291 Πλακιδίαν
1545 1247 1676 1305 ἄνδρα
1689 1251 1732 1287 15

191 1317 294 1373 ἔχειν
311 1318 467 1373 μαθὼν
492 1316 712 1374 Ὀλύβριον
736 1317 807 1361 τὸν
838 1319 1050 1375 πατρίκιον
1076 1317 1181 1372 μετὰ
1202 1322 1275 1372 τῆς
1298 1318 1455 1375 μητρὸς
1477 1316 1676 1375 ἐφύλαξεν

138 1396 169 1432 Β
193 1389 408 1438 Εὐδοξίας.
441 1387 596 1442 μαθὼν
611 1388 657 1429 δὲ
673 1387 743 1429 τὸν
761 1388 962 1442 ΖΠαξίμου
982 1386 1167 1430 θάνατον
1178 1389 1424 1444 ΖΙΙαιωρῖνος
1440 1388 1676 1442 ἐβασίλευσε

184 1455 346 1512 Ῥώμης
369 1457 437 1513 ἔτη
462 1456 503 1511 β’
506 1489 519 1509 ‚
563 1458 631 1500 καὶ
659 1457 752 1510 μετ’
787 1456 911 1499 αὐτὸν
936 1455 1097 1511 Ἄβιτος
1129 1456 1197 1511 ἔτη
1217 1455 1274 1510 β’,
1319 1458 1387 1503 καὶ
1409 1457 1512 1510 μετὰ
1532 1462 1678 1500 τοῦτον

188 1529 374 1584 Σεβῆρος
397 1526 465 1583 ἴτη
485 1525 536 1584 γ’.
607 1528 675 1569 καὶ
693 1526 786 1581 μετ’
813 1525 938 1569 αὐτὸν
963 1526 1094 1569 οὐκέτι
1112 1525 1308 1580 βασιλεὺς
1328 1526 1370 1568 ἐν
1383 1523 1534 1584 Ῥώμῃ,
1571 1527 1677 1568 ἀλλὰ

182 1595 409 1653 Ῥεκίμερες
426 1595 563 1656 διῴκει
583 1596 634 1638 τὰ
658 1594 880 1652 πράγματα
903 1600 1142 1652 στρατηγῶν
1163 1597 1230 1637 καὶ
1251 1593 1433 1651 μεγάλην
1451 1597 1735 1652 περικείμε-ΞΟ

189 1684 260 1717 νος
278 1664 464 1721 δύναμιν.
534 1666 638 1708 κατὰ
660 1666 704 1708 δὲ
723 1666 796 1721 τὴν
816 1664 923 1723 ἑῴαν
941 1664 1077 1721 πάσης
1095 1663 1274 1721 γαλήνης
1295 1671 1479 1720 μετεῖχον
1502 1664 1678 1717 ἅπαντα,

189 1734 246 1787 ὥς
264 1740 449 1793 χρυσοῦς
471 1735 568 1786 τοὺς
590 1734 768 1792 χρόνους
794 1733 965 1786 τούτους
984 1735 1191 1790 λέγεσθαι.
1261 1732 1351 1776 τότε
1371 1736 1440 1775 καὶ
1458 1735 1631 1789 Συμεών
1657 1733 1677 1777 ὅ

190 1809 264 1859 τῆς
295 1803 484 1863 μάνδρας
520 1803 649 1855 ἑστὼς
679 1805 743 1846 ἐπὶ
768 1805 901 1855 κίονος
926 1805 1006 1864 βίῳ
1036 1806 1103 1847 καὶ
1136 1801 1244 1863 λόγῳ
1276 1805 1345 1846 καὶ
1375 1801 1568 1858 θαύμασι
1595 1804 1680 1847 διέ-

194 1891 336 1932 πρεπε.

194 2026 331 2074 potitus
355 2029 429 2062 est:
453 2025 571 2061 solent
592 2025 683 2061 enim
705 2025 844 2072 flagitia
865 2030 903 2063 et
924 2026 969 2062 iis
991 2025 1150 2062 inflictae
1173 2038 1310 2073 poenae
1334 2026 1491 2063 eiusdem
1515 2039 1594 2063 esse
1618 2039 1681 2074 ge-

197 2074 308 2109 neris.
356 2079 395 2108 at
417 2073 582 2108 Eudoxia
605 2073 764 2119 graviter
787 2086 863 2109 eam
896 2075 1016 2108 ferens
1040 2073 1204 2108 iniuriam
1230 2074 1457 2111 Gizerichum
1491 2087 1535 2109 ex
1559 2075 1683 2110 Africa

195 2121 342 2156 Romam
374 2125 521 2164 evocat,
552 2131 682 2166 rogans
705 2126 746 2156 ut
769 2133 808 2155 se
827 2121 974 2156 Maximi
997 2121 1186 2166 tyrannide
1206 2121 1388 2159 liberaret.
1437 2132 1514 2156 cum
1539 2121 1685 2158 Gizeri-

195 2168 282 2202 chus
307 2179 434 2212 magua
459 2178 535 2201 cum
559 2167 672 2203 classe
696 2168 742 2202 ad
765 2168 910 2204 Romam
930 2168 1158 2212 advenisset,
1193 2168 1368 2202 Maximus
1392 2167 1428 2205 in
1453 2169 1539 2213 fuga
1562 2179 1583 2201 a
1607 2167 1683 2207 suis

194 2214 404 2258 trucidatur,
428 2215 601 2249 barbarus
620 2213 727 2249 tertio
753 2226 774 2249 a
798 2215 883 2260 fuga
901 2213 1048 2248 Maximi
1073 2215 1131 2249 die
1155 2215 1299 2249 Romam
1320 2214 1462 2254 nemine
1487 2213 1685 2250 obsistente

192 2260 317 2296 intrat.
367 2260 426 2295 hic
457 2260 631 2306 impositis
663 2261 702 2296 in
737 2273 847 2296 naves
880 2261 1039 2296 omnibus
1073 2260 1172 2296 urbis
1207 2261 1335 2306 opibus
1369 2266 1477 2306 atque
1511 2261 1684 2306 donariis,

194 2319 296 2343 sacra
321 2307 426 2342 etiam
450 2307 688 2352 supellectile,
723 2320 814 2353 quae
836 2307 949 2342 solido
973 2319 1058 2342 auro
1085 2313 1122 2343 et
1144 2308 1323 2353 lapidibus
1348 2307 1516 2353 pretiosis
1540 2313 1685 2342 consta-

192 2355 266 2399 bat,
292 2359 329 2390 et
353 2354 450 2389 vasis
474 2354 641 2390 Ebraicis
665 2365 757 2400 quae
781 2354 889 2389 Titus
913 2353 1173 2399 Hierosolymis
1200 2353 1379 2398 attulerat,
1403 2355 1554 2390 abducta
1576 2353 1682 2389 etiam

192 2401 420 2447 imperatrice
444 2401 610 2439 Eudoxia
633 2406 670 2436 et
692 2400 768 2436 eius
787 2400 923 2446 liberis,
955 2401 992 2435 in
1015 2401 1171 2436 Africam
1194 2400 1315 2435 rediit.
1364 2401 1415 2435 ita
1440 2400 1594 2436 secundo
1619 2412 1681 2435 ca-

191 2453 254 2493 pta
278 2452 333 2482 est
357 2448 481 2492 Roma,
506 2447 605 2493 prius
629 2448 674 2482 ab
698 2447 839 2482 Alarico
865 2453 1050 2493 occupata.
1100 2447 1312 2483 Gizericbus
1334 2447 1532 2482 Eudoxiam
1555 2447 1681 2482 Hono-

192 2494 291 2528 richo
316 2493 466 2529 filiorum
487 2505 630 2528 suorum
654 2500 740 2529 natu
765 2494 914 2529 maximo
939 2494 1139 2538 copulavit:
1173 2492 1366 2529 Placidiam
1390 2494 1542 2539 Olybrio
1566 2493 1680 2539 patri-

193 2540 250 2576 cio
274 2541 522 2586 desponsatam
541 2541 688 2576 audiens
713 2552 790 2575 cum
815 2546 925 2575 matre
947 2541 1113 2575 Eudoxia
1137 2540 1350 2576 asservavit.
1397 2540 1596 2575 Maiorinus
1618 2551 1681 2574 co-

188 2586 293 2632 gnita
318 2587 464 2622 Maximi
500 2589 608 2623 caede
646 2588 840 2622 Romanum
872 2587 1055 2642 imperium
1088 2587 1229 2634 occepit
1262 2598 1305 2621 ac
1337 2586 1517 2622 biennium
1551 2586 1681 2622 tenuit.

196 2639 279 2687 post
310 2645 387 2669 eum
420 2634 546 2669 Avitus
575 2646 685 2669 annos
714 2634 880 2679 totidem,
921 2635 1003 2669 inde
1036 2634 1192 2669 Severus
1225 2633 1428 2669 triennium.
1477 2638 1559 2680 post
1589 2633 1682 2667 hunc

196 2686 388 2724 imperator
412 2680 545 2715 Romae
569 2681 682 2716 nullus
709 2681 801 2726 fuit,
836 2681 899 2716 sed
923 2681 1129 2716 Recimerus
1160 2692 1236 2715 rem
1257 2680 1431 2726 publicam
1455 2679 1682 2715 administra-

195 2724 269 2769 vit,
300 2727 371 2760 dux
395 2727 540 2762 militiae
565 2733 602 2762 et
623 2739 750 2774 magna
772 2733 925 2763 armatus
949 2727 1124 2773 potentia.
1172 2727 1210 2762 in
1235 2725 1386 2762 Oriente
1417 2732 1532 2762 autem
1563 2725 1681 2761 omnia

194 2771 340 2807 fuerunt
370 2780 516 2819 pacata,
552 2774 641 2809 adeo
665 2775 806 2820 quidem
830 2775 867 2809 id
892 2779 930 2810 ut
955 2787 998 2809 ea
1021 2785 1129 2810 aurea
1154 2778 1251 2810 aetas
1274 2773 1468 2809 diceretur.
1516 2778 1600 2808 tunc
1623 2777 1680 2806 et-

196 2817 266 2900 ξίιιῐι
294 2818 455 2900 ῗγωοοη
490 2820 679 2857 monachus
711 2834 750 2857 m
783 2821 942 2858 columna
973 2826 1095 2867 stans,
1131 2820 1208 2857 vita.
1238 2819 1400 2857 doctrina
1434 2825 1472 2857 et
1505 2818 1681 2855 miraculis

227 2874 304 2900 orm
322 2888 334 2901 .
