1742 3184
229 184 260 233 4
269 185 328 232 12
709 183 949 229 GEORGH
983 180 1230 226 CEDRENI

227 301 295 343 καὶ
330 296 459 342 πόθεν
494 299 637 354 δῆλον,
674 297 818 356 φησίν,
855 293 917 338 ὅτι
949 295 1085 339 τέλεον
1117 292 1361 354 ἀπεστράφη
1392 293 1501 352 ῦμᾶς
1525 293 1548 338 ὅ
1577 293 1699 350 θεόςς

227 373 308 412 τῶν
351 367 602 426 πραγμάτων
641 366 774 410 αὐτῶν
814 363 1005 421 βοώντων
1043 367 1111 408 καὶ
1153 364 1372 422 σάλπιγγος
1417 366 1702 422 λαμπροτέραν

228 438 428 496 ἀφιέντων
450 438 591 496 φωνὴν
614 436 683 479 διὰ
705 440 778 490 τῆς
800 439 1091 492 καταστροφῆς
1112 440 1185 490 τῆς
1206 433 1382 487 πόλεως,
1417 435 1484 478 διὰ
1509 439 1582 490 τῆς
1604 435 1700 492 ἕρη-

225 506 396 563 μώσεως
426 511 500 550 τοῦ
531 510 653 558 ναοῦ,
691 505 760 547 διὰ
790 508 872 548 τῶν
906 503 1042 547 ἄλλων
1069 503 1272 547 ἁπάντων.
1340 504 1435 546 ἀλλ’
1471 503 1702 562 ἄνθρωποι,

83 587 112 621 P
138 585 206 622 235
231 579 377 637 φησίν,
414 575 614 633 ἐπήγαγον
621 607 635 628 ,
663 574 739 629 οὔχ
767 571 787 616 ὅ
816 571 928 625 θεός.
999 574 1034 616 εἲ
1061 579 1158 630 γοῦν
1187 571 1420 631 ἀνθρώπων
1446 573 1545 632 ἔργα
1570 578 1734 617 ταῦταὸ

227 650 294 691 καὶ
316 647 404 702 οὗχὶ
427 651 500 701 τῆς
519 646 641 702 ὀργῆς
659 649 731 688 τοῦ
752 647 881 695 θεοῦ,
916 642 996 686 ἔδει
1016 644 1136 700 μέχρι
1154 648 1227 699 τῆς
1249 641 1439 695 ἁλώσεως
1457 643 1509 685 τὰ
1527 640 1703 700 ῦμέτερα

226 721 370 773 στῆναι
392 718 460 758 καὶ
482 715 538 770 μὴ
560 714 785 771 περαιτέρω
802 716 1017 771 προελθεῖν
1038 711 1134 767 ὑμῖν
1153 713 1227 768 τὴν
1247 712 1411 768 ἀτιμίαν
1428 714 1495 756 καὶ
1513 711 1703 759 κάκωσιν.

227 788 333 842 πλὴν
365 785 467 829 ἔστω
497 784 602 828 κατὰ
632 785 703 827 τὸν
733 781 929 840 ὑμέτερον
956 780 1098 838 λόγον,
1130 780 1191 826 ὅτι
1217 783 1267 826 τὰ
1291 784 1399 838 τείχη
1425 783 1704 838 κατέστρεψαν

227 856 442 913 ἄνθρωποι
474 855 542 898 καὶ
574 854 648 909 τὴν
682 851 798 895 πόλιν
828 855 1024 901 καθεῖλον
1055 853 1123 894 καὶ
1153 852 1226 896 τὸν
1254 852 1399 907 βωμὸν
1437 851 1704 908 ἀνέστρεψαν.

228 926 286 982 μὴ
317 927 384 967 καὶ
415 924 511 975 τοὺς
539 920 788 981 ἀνθρώπους
811 920 1027 979 ἄνθρωποι
1049 921 1309 970 κατέπαυσαν
1317 940 1331 981 ,-
1367 920 1426 982 μὴ
1450 922 1517 964 καὶ
1539 921 1612 976 τὴν
1632 925 1706 963 τοῦ
1719 928 1742 964 1⁴

229 993 457 1049 πνεύματος
481 990 604 1050 χάριν
633 995 700 1035 καὶ
724 987 854 1036 τᾶλλα
875 992 928 1035 τὰ
950 992 1078 1046 σεμνὰ
1096 990 1148 1034 τὰ
1169 992 1271 1048 παρ’
1295 989 1391 1046 ῦμῖν
1411 990 1517 1034 αὐτὰ
1538 990 1708 1033 κατέλυ-

231 1083 331 1117 σαν,
369 1062 455 1107 οἷον
490 1062 536 1106 τὸ
570 1062 711 1119 φωνὴν
741 1062 784 1104 ἐκ
814 1065 887 1104 τοῦ
919 1061 1154 1119 ἱλαστηρίου
1188 1061 1412 1118 φέρεσθαι,
1447 1060 1521 1116 τὴν
1553 1061 1617 1102 ἐπὶ
1649 1064 1708 1118 τῷ

226 1136 423 1190 χρίσματι
450 1132 663 1190 γενομένην
694 1131 916 1188 ἐνέργειαν,
951 1130 1025 1185 τὴν
1055 1132 1119 1173 ἐπὶ
1141 1129 1211 1173 τὸν
1236 1132 1355 1173 λίθον
1376 1133 1451 1177 τοῦ
1475 1129 1611 1186 ἱερέως
1631 1127 1708 1184 δή·

232 1208 380 1258 λωσινς
416 1204 482 1245 καὶ
500 1202 578 1260 γὰρ
597 1199 623 1255 ἦ
642 1201 844 1255 Ἰουδαϊκὴ
868 1200 1048 1243 πολιτεία
1069 1200 1158 1254 οὐχὶ
1179 1198 1365 1242 κάτωθεν
1386 1196 1464 1255 εἶχε
1486 1199 1561 1250 τὰς
1580 1199 1710 1255 ἀρχὰς

181 1279 211 1313 Β
236 1271 422 1324 ἁπάσας,
458 1272 565 1314 ἀλλὰ
593 1270 668 1321 τὰς
696 1271 858 1320 πλείους
879 1270 948 1311 καὶ
972 1269 1216 1327 σεμνοτέρας
1237 1268 1398 1315 ἄνωθεν
1418 1269 1462 1314 ἔκ
1482 1273 1563 1312 τῶν
1583 1268 1709 1325 οὗρα-
1722 1274 1740 1308 1

226 1347 328 1396 νῶν.
397 1338 482 1385 οἷον
502 1342 544 1384 τί
563 1341 693 1396 λέγω,-
728 1340 881 1390 θυσίας
900 1339 1087 1395 γίνεσθαι
1111 1337 1403 1396 συγχωρήσας,
1434 1336 1456 1380 ὃ
1479 1339 1554 1393 μὲν
1569 1337 1712 1392 βωμὸς

234 1407 285 1468 ’ἦν
310 1410 420 1455 κάτω
441 1412 509 1455 καὶ
532 1410 585 1454 τὰ
605 1407 707 1461 ξύλα
731 1411 799 1452 καὶ
819 1407 844 1464 ἡ
866 1407 1053 1465 μάχαιρα
1075 1410 1141 1450 καὶ
1162 1406 1183 1450 ὃ
1206 1407 1358 1466 ἱερεύς,
1380 1407 1440 1451 -τὸ
1470 1408 1514 1450 δὲ
1548 1411 1630 1464 πῦρ
1663 1406 1710 1450 τὸ

234 1483 381 1537 μέλλον
401 1482 442 1525 ἓν
461 1486 547 1532 τοῖς
568 1478 733 1530 ἀδύτοις
754 1484 839 1529 τοῖς
861 1479 1023 1528 ἐκείνοις
1045 1478 1145 1520 ἴέναι
1167 1479 1234 1520 καὶ
1260 1480 1446 1520 δαπανᾶν
1466 1476 1541 1527 τὰς
1558 1477 1713 1527 θυσίας

238 1552 398 1594 ἄνωθεν
428 1550 501 1605 τὴν
530 1549 660 1605 ἀρχὴν
690 1546 810 1603 εἶχεν·
863 1547 910 1589 οὗ
945 1546 1024 1604 γὰρ
1050 1546 1273 1603 ἄνθρωπος
1295 1548 1352 1598 εἷς
1370 1546 1440 1589 τὸν
1459 1546 1559 1589 ναὸν
1580 1547 1711 1602 εἰσῆγε

237 1626 342 1678 πῦρ,
368 1619 474 1663 ἀλλὰ
495 1619 599 1676 φλὸξ
618 1617 777 1661 ἄνωθεν
793 1620 1081 1671 κατενεχθεῖσα
1098 1615 1172 1668 τὴν
1191 1617 1254 1658 ἐπὶ
1273 1619 1346 1671 τῆς
1364 1616 1569 1666 διακονίας
1586 1613 1742 1670 ἔπλή-Ξ

240 1708 316 1748 ρου
347 1691 513 1733 θυσίαν.
581 1687 704 1731 πάλιν
737 1687 778 1730 εἴ
804 1703 900 1729 ποτε
932 1685 1011 1729 ἔδει
1040 1689 1254 1741 τιμαθεΐν,
1289 1685 1493 1740 ἅναμέσον
1519 1689 1600 1728 τῶν
1625 1686 1713 1727 Χε-

241 1761 393 1818 ρουβὶμ
428 1760 496 1802 καὶ
528 1762 602 1801 τοῦ
635 1757 870 1813 ἷλαστηρίου
905 1754 1022 1813 φωνή
1057 1773 1118 1806 τις
1146 1755 1309 1812 ἐφέρετο
1341 1757 1408 1798 καὶ
1434 1754 1486 1798 τὰ
1516 1755 1715 1809 μέλλοντα

239 1830 464 1886 προέλεγεν.
535 1824 730 1876 ὡσαύτως
752 1828 815 1869 ἐπὶ
837 1824 908 1868 τὸν
932 1826 1052 1867 λίθον
1073 1825 1142 1866 τὸν
1162 1825 1226 1866 ἐπὶ
1245 1829 1318 1867 τοῦ
1340 1823 1523 1880 στήθους
1544 1828 1618 1867 τοῦ
1640 1824 1716 1882 ἄρ-

238 1899 430 1957 χιερέως,
465 1894 562 1953 ὅπερ
599 1895 770 1939 ἐκάλουν
801 1892 1000 1949 δήλωσιν,
1035 1892 1185 1951 ἐγίνετό
1216 1911 1278 1945 τις
1309 1892 1537 1949 ἕλλαμψις,
1572 1895 1640 1936 καὶ
1665 1892 1717 1936 τὰ

239 2019 316 2044 cem
338 2006 463 2052 egistis
483 2004 575 2050 legis
598 2008 676 2039 erat
697 2002 882 2038 violator?
930 2001 1039 2037 audes
1060 2006 1177 2037 tamen
1200 2002 1315 2038 adhuc
1333 2012 1506 2048 quaerere
1521 2002 1615 2037 unde
1633 2013 1720 2037 con-

240 2061 314 2091 stet
331 2052 433 2089 deum
451 2064 516 2087 vos
538 2050 677 2086 omnino
697 2049 876 2094 aversari,
913 2060 989 2084 cum
1013 2049 1153 2094 quidem
1176 2061 1234 2084 res
1255 2049 1335 2096 ipsa
1355 2049 1500 2094 clamet,
1535 2055 1572 2084 et
1598 2060 1720 2085 vocem

240 2103 328 2137 tuba.
351 2100 533 2135 clariorem
556 2098 639 2132 edat
660 2096 760 2132 urbis
785 2095 979 2140 excidium,
1013 2096 1136 2142 templi
1166 2096 1341 2141 vastatio,
1374 2100 1411 2131 et
1432 2095 1569 2141 reliqua
1590 2095 1719 2131 omnia.

242 2150 288 2184 ab
313 2146 532 2190 hominibus,
567 2144 685 2189 aiunt,
720 2155 791 2178 non
815 2155 837 2183 a
859 2142 925 2177 deo
958 2141 1028 2177 ista
1055 2143 1126 2177 sibi
1154 2143 1245 2178 mala
1272 2143 1450 2188 imposita.
1499 2142 1626 2188 quodsi
1649 2152 1720 2177 non

242 2195 298 2230 ira
325 2194 383 2229 dei
412 2194 477 2229 sed
499 2192 657 2227 homines
688 2191 811 2226 horum
839 2193 957 2224 essent
985 2189 1151 2224 malorum
1182 2196 1363 2234 auctores,
1397 2189 1520 2235 utique
1548 2188 1720 2224 excidium

246 2254 290 2277 ea
320 2241 490 2285 finiisset,
524 2250 639 2284 neque
664 2236 757 2272 ultra
778 2235 992 2282 ignominiae
1015 2241 1123 2282 atque
1146 2236 1311 2271 miseriae
1332 2241 1476 2275 ventum
1501 2239 1608 2270 esset.
1656 2247 1722 2270 ve·-

245 2300 323 2323 rum
350 2293 425 2322 esto
449 2287 501 2322 ita
529 2285 583 2321 uti
607 2283 747 2328 dicitis,
781 2295 823 2318 ac
845 2294 962 2318 muros
984 2285 1105 2317 urbem
1129 2289 1166 2318 et
1188 2283 1299 2318 altare
1323 2282 1519 2318 deiecerint
1550 2281 1720 2317 homines.

245 2347 327 2370 1111111
352 2339 388 2369 et
410 2334 567 2368 homines
589 2330 766 2366 hominum
788 2329 827 2364 vi
850 2329 1004 2364 existere
1026 2331 1287 2365 cessaverunt?
1334 2341 1415 2364 num
1449 2328 1606 2364 homines
1638 2340 1722 2374 gra-

246 2382 333 2416 tiam
363 2380 510 2426 spiritus
543 2378 682 2424 aliaque
713 2377 808 2423 apud
836 2387 901 2410 vos
933 2377 1119 2422 magnifica
1146 2377 1408 2412 aboleverunt?
1454 2375 1553 2410 cuius
1581 2375 1723 2421 generis

248 2434 324 2473 est,
356 2428 450 2473 quod
469 2438 561 2461 nunc
579 2435 711 2470 neque,
746 2429 787 2458 ut
805 2423 996 2467 quondam,
1021 2436 1092 2458 vox
1111 2435 1133 2458 a
1151 2423 1398 2470 propitiatorio
1417 2422 1584 2467 effertur,
1608 2433 1724 2468 neque

247 2485 312 2509 sua
335 2473 493 2511 unctioni
516 2477 655 2507 constat
678 2469 894 2514 efficacitas,
926 2481 1043 2515 neque
1062 2470 1155 2516 lapis
1179 2470 1374 2506 sacerdotis
1397 2470 1514 2504 docet.
1561 2480 1640 2503 nam
1662 2469 1722 2503 Iu-

248 2520 351 2555 daica
385 2520 511 2565 religio
544 2530 610 2554 sua
636 2516 814 2564 principia
843 2527 913 2551 11011
943 2517 1058 2552 omnia
1089 2519 1135 2552 de
1167 2519 1274 2552 rebus
1303 2516 1532 2552 terrestribus
1558 2515 1722 2560 habebat,

250 2567 312 2601 sed
337 2567 506 2612 pleraque
530 2571 568 2601 et
590 2564 781 2611 praecipua
804 2562 964 2598 caelitus.
1013 2563 1163 2610 exempli
1186 2576 1292 2599 causa
1309 2562 1486 2599 sacrificia
1500 2563 1594 2597 deus
1617 2573 1723 2608 prae-

250 2613 464 2658 scripserat3
496 2618 603 2658 atque
633 2622 695 2646 ara
728 2610 886 2656 quidem,
920 2609 1017 2655 ligna
1043 2611 1155 2646 culter
1185 2617 1222 2645 et
1252 2611 1417 2646 sacerdos
1438 2615 1581 2644 terrena
1611 2612 1723 2653 erant,

252 2658 346 2703 ignis
370 2664 484 2693 autem
507 2658 569 2705 qui
592 2658 630 2692 in
650 2658 759 2702 adyto
781 2667 924 2691 arsurus
942 2663 979 2692 et
998 2658 1209 2693 sacrificium
1233 2662 1500 2702 consumpturus
1522 2659 1619 2699 erat,
1643 2666 1724 2689 cae-

253 2705 336 2739 litus
362 2705 512 2740 habebat
536 2710 670 2740 ortum:
695 2716 765 2739 non
780 2703 872 2739 enim
887 2703 987 2738 homo
1005 2704 1121 2749 ignem
1135 2704 1266 2750 templo
1282 2704 1479 2747 inferebat,
1503 2702 1567 2736 sed
1587 2702 1725 2736 flamma

255 2752 301 2786 de
333 2751 429 2785 caelo
453 2751 525 2785 lata
548 2750 758 2786 sacrificium
783 2749 1004 2796 perficiebat.
1051 2752 1135 2786 item
1160 2750 1191 2785 si
1213 2762 1283 2796 qua
1311 2751 1356 2785 de
1384 2762 1424 2785 re
1453 2749 1623 2783 certiores
1646 2746 1727 2782 fieri

256 2802 446 2842 cuperent,
479 2796 573 2831 inter
605 2796 837 2832 Cherubilnos
871 2802 910 2831 et
939 2797 1225 2844 propitiatorium
1255 2809 1325 2832 vox
1357 2797 1525 2842 quaedam
1555 2795 1726 2830 edebatur

254 2844 376 2878 futura
403 2843 622 2888 praedicens.
672 2844 794 2878 eodem
818 2844 920 2880 modo
945 2845 990 2881 de
1012 2844 1131 2891 lapide
1163 2844 1224 2890 qui
1254 2854 1361 2890 supra
1385 2847 1508 2890 pectus
1531 2840 1727 2877 sacerdotis

258 2889 383 2926 summi
412 2888 610 2936 pendebat,
640 2890 758 2936 fulgor
788 2890 909 2927 exibat
939 2891 1000 2938 qui
1031 2892 1151 2931 futura
1177 2892 1381 2937 detegeret3
1415 2889 1508 2925 unde
1538 2887 1574 2924 ei
1601 2898 1728 2924 nomen
