1742 3184
203 201 306 251 256
628 240 631 243 .
687 203 939 250 GEORGII·
955 203 1204 250 GEDRENI
1226 237 1229 239 -

332 317 434 363 ’Ότι
452 315 641 364 Γαλάται
664 321 734 364 καὶ
752 322 902 365 Κελτοὶ
924 317 1086 378 Ῥώμης
1107 318 1304 380 ἐκράτουν
1323 321 1428 378 πλὴν
1446 318 1523 367 τοῧ
1542 323 1682 367 Καπι-

201 389 364 434 τωλίου.

332 459 630 516 Ἀριστοτέλης
649 462 707 519 τῷ
726 455 923 502 Πλάτωνι
942 456 1172 515 μαθητεύει
1194 458 1275 504 ἀπὸ
1301 460 1502 504 δεκαεπτὰ
1517 459 1681 520 χρόνων

198 533 272 585 τῆς
290 527 450 585 ἡλικίας
474 529 615 571 αὐτοῦ.

51 607 82 643 Ρ
107 608 176 646 146
331 600 434 641 Ἐπ’
468 599 596 641 αὐτοῦ
615 594 834 647 Διονύσιος
859 596 1065 654 ἐτυράννει
1092 602 1173 641 τῶν
1193 600 1394 651 Σικελῶν,
1437 598 1542 642 καθ’
1577 598 1623 642 ὃν
1655 597 1713 646 55

195 665 378 711 Πλάτων
415 665 687 723 ἀποδημήσας
721 666 902 723 ἱστορίας
942 668 1057 710 ἕνεκα
1093 671 1176 711 τῶν
1217 669 1440 724 λεγομένων
1471 670 1681 712 Αἰτναίων

197 736 413 796 κρατήρων
444 743 517 780 τοῦ
550 736 680 795 πυρὸς
707 740 765 794 τῷ
796 735 982 795 τυράννῳ
1013 735 1265 793 γινώσκεται.
1335 737 1382 789 ὃς
1406 740 1475 781 καὶ
1498 740 1679 799 ἐπερωτᾷ

197 806 409 851 Πλάτωνα
428 808 489 857 τίς
511 807 714 861 εὐδαίμων
734 807 776 848 ἓν
795 805 1034 863 ἀνθρώποις
1042 839 1055 859 ,
1091 807 1259 860 ἐλπίζων
1279 807 1452 850 ἀκοῦσαι
1470 808 1585 865 παρὰ
1606 812 1681 851 τοῦ

199 876 432 934 φιλοσόφου
461 875 524 920 ὅτι
547 875 612 919 σύ.
681 874 703 918 ὃ
734 875 778 918 δὲ
805 873 886 919 εἷπε
913 874 1168 934 (εΣωκράτης
1193 874 1396 930 ἁπάντων,
1431 879 1498 921 καὶ
1521 877 1559 920 οἷ
1578 878 1676 920 κατ’

198 947 346 990 ε’κεῖνον
366 948 507 999 ζῶντες
527 944 795 1004 φιλόσοφοι.”
868 946 937 988 καὶ
959 941 1084 997 αὖθις
1103 945 1245 1004 ἠρώτα
1263 948 1305 989 τί
1320 945 1437 1005 ἔργον
1457 945 1677 999 πολιτικόν,
1691 955 1737 990 10

197 1020 345 1059 ποθῶν
370 1017 544 1059 ἀκοῦσαι
563 1016 609 1059 τὸ
640 1018 781 1073 ὀρθῶς
804 1013 999 1068 δικάζειν·
1033 1015 1148 1071 ηὔχει
1174 1015 1253 1073 γὰρ
1280 1017 1343 1058 ἐπὶ
1368 1015 1500 1075 τούτῳ
1525 1015 1680 1060 Διονύ-

199 1102 301 1137 σιος.
361 1084 381 1128 ὅ
405 1087 449 1128 δὲ
470 1086 711 1143 ἀπεκρίνατο
733 1082 809 1127 “to
830 1084 980 1136 καλοὺς
998 1088 1064 1127 καὶ
1085 1086 1275 1142 ἀγαθοὺς
1298 1093 1426 1129 ποιεῖν
1447 1086 1543 1137 τοῦς
1562 1087 1680 1129 πολί-

1649 1155 1676 1172 3)

199 1155 320 1206 τας.”
393 1153 476 1199 εἶτά
510 1173 612 1213 φησι
640 1153 718 1198 “ui
747 1154 888 1212 ὀρθῶς
917 1153 1091 1208 δικάζειν
1125 1157 1233 1206 τίνος
1264 1155 1380 1212 ἔργον
1411 1173 1476 1198 σοι
1505 1159 1642 1210 (lomi,-

192 1222 370 1282 “pcdpuiv
398 1242 438 1268 τι
468 1225 616 1283 μικρὸν
644 1228 855 1267 πολιτικοῦ
884 1223 930 1266 τὸ
965 1223 1140 1278 δικάζειν
1171 1225 1334 1281 ὀρθῶς·
1379 1225 1566 1276 ἀκεσταῖς
1598 1225 1678 1282 γὰρ

144 1297 174 1333 Β
199 1295 355 1336 ἐοίκασι
380 1301 465 1346 τοῖς
493 1295 544 1337 τὰ
576 1291 825 1352 διερρωγότα
856 1292 1000 1347 ἱμάτια
1032 1294 1366 1352 ἇνυφαίνουσιν.”
1442 1296 1509 1337 καὶ
1540 1297 1676 1353 τρίτον
1689 1299 1733 1337 15

197 1363 322 1407 αὐτὸν
338 1363 559 1421 ἕπανήρετο
581 1364 604 1406 ὅ
623 1381 661 1406 τι
681 1361 881 1421 τύραννον
906 1361 1027 1416 εἶναι,
1065 1363 1248 1423 φάσκων,
1283 1362 1468 1407 ποταπόν
1488 1382 1554 1408 σοι
1578 1366 1678 1423 φαί-

195 1451 330 1488 νεται,·
375 1434 480 1491 πρὸς
507 1434 553 1477 ὃν
583 1434 781 1491 ἇντὲφησε
805 1431 988 1476 Πλάτων
1016 1432 1215 1493 “equidem
1238 1431 1381 1487 δεινόν,
1418 1432 1520 1477 ὅπου
1543 1452 1586 1492 γε
1609 1435 1679 1478 καὶ

192 1504 246 1546 τὰ
266 1504 507 1561 κουρευτικὰ
525 1505 727 1561 μαχαίρια
748 1502 980 1561 φοβεῖται.”
1177 1537 1181 1540 .

325 1574 593 1631 Ἀρταξέρξης
627 1571 648 1616 ὃ
681 1573 914 1627 ἐπικληθεὶς
937 1568 1064 1627 ἲὩχος
1088 1569 1156 1626 ἴτη
1178 1569 1252 1625 κς’,
1290 1570 1442 1629 ’Άρσης
1461 1567 1589 1627 Ὦχος
1607 1570 1676 1628 ἔτη

193 1639 250 1698 β’,
287 1642 467 1700 Δαρεῖος
490 1640 700 1701 Ἀρσάμου
731 1640 799 1697 ἔτη
833 1639 882 1691 ς’.
944 1639 1212 1698 Ἀλεξάνδρου
1245 1642 1291 1684 δὲ
1316 1647 1389 1684 τοῦ
1415 1640 1734 1695 Μακεδόνος,20

193 1713 285 1768 περὶ
306 1706 354 1754 οὗ
375 1713 417 1754 ἐν
437 1718 527 1763 ταῖς
547 1712 774 1767 βασιλείαις
794 1710 996 1767 εἰρήσεται
1018 1709 1283 1768 πλατύτερον,
1322 1712 1509 1768 Πέρσαις
1527 1712 1676 1754 ἐπικει-

193 1781 318 1836 μένου
339 1781 520 1836 Δαρεῖον
542 1781 580 1824 οἳ
599 1782 690 1838 περὶ
711 1780 781 1823 τὸν
804 1783 972 1834 Βῆσσον
994 1781 1231 1838 ἀναιροῦσιν
1255 1783 1297 1824 ἐν
1320 1779 1540 1839 Βάκτροις.
1607 1783 1678 1824 καὶ

195 1849 438 1894 καταλύεται
479 1849 505 1906 ἦ
535 1853 713 1910 Περσῶν
746 1851 958 1905 βασιλεία,
1007 1849 1080 1908 ἔφ’
1114 1848 1226 1901 ὅλοις
1261 1852 1540 1909 παρατείνασα
1572 1850 1678 1896 ἔτεσι

288 1983 441 2019 Galatae
467 1986 503 2019 et
524 1983 650 2019 Celtae
671 1982 817 2018 Romam
845 1983 986 2029 dempto
1012 1982 1189 2028 Capitolio
1215 1987 1402 2030 ceperunt.

285 2031 499 2067 Aristoteles
524 2043 545 2066 a
570 2032 612 2066 17
635 2031 731 2065 suae‘
745 2030 872 2064 aetatis
898 2042 989 2064 anno
1009 2030 1168 2065 Platonis
1193 2031 1385 2078 discipulus
1408 2030 1491 2067 fuit.

287 2078 345 2113 Eo
370 2083 529 2124 tempore
552 2077 746 2121 Dionysius
771 2076 968 2111 Siculorum
992 2076 1061 2110 fuit
1083 2083 1269 2122 tyrannus.
1299 2079 1345 2113 ad
1369 2089 1447 2113 eum
1469 2078 1572 2114 Plato
1590 2089 1677 2124 pro-

195 2125 311 2160 fectus
333 2131 399 2168 est,
423 2125 560 2159 Aetnae
584 2125 699 2159 dictos
722 2123 816 2168 ignis
840 2129 996 2158 crateras
1021 2124 1280 2170 contemplandi
1303 2125 1443 2170 studio,
1468 2137 1510 2160 ac
1532 2125 1677 2171 tyranni

194 2172 232 2206 in
255 2171 415 2207 notitiam
436 2171 615 2218 pervenit.
665 2182 741 2206 cum
773 2176 946 2215 tyrannus
979 2170 1236 2215 interrogasset
1269 2171 1348 2217 quis
1380 2172 1556 2207 hominum
1589 2172 1677 2207 felix

195 2225 310 2262 esset,
345 2230 492 2264 sperans
520 2217 590 2253 sibi
616 2217 823 2253 beatitatem
847 2216 1061 2262 assignatum
1086 2217 1154 2261 iri,
1182 2218 1368 2264 respondit
1394 2218 1499 2254 Plato
1524 2218 1676 2255 omnium

194 2264 436 2299 felicissimum
462 2276 541 2299 esse
564 2266 757 2308 Socratem,
782 2268 819 2298 et
842 2263 904 2309 qui
928 2263 1004 2297 eius
1030 2268 1214 2298 uterentur
1239 2265 1493 2300 consuetudine
1515 2265 1675 2311 philoso-

192 2312 297 2357 phos.
323 2323 444 2347 rursus
466 2311 703 2357 interrogavit
720 2310 912 2354 Dionysius
937 2310 1109 2356 quodnam
1133 2311 1287 2346 officium
1312 2316 1409 2346 esset
1426 2311 1576 2346 hominis
1599 2323 1676 2347 rem

192 2357 367 2404 publicam
392 2359 644 2404 gubernantis,
688 2358 834 2403 cupiens
868 2356 939 2391 sibi
973 2357 1182 2402 responderi
1213 2357 1251 2392 id
1283 2358 1320 2392 in
1354 2362 1455 2393 recte
1485 2358 1675 2394 iudicando

194 2404 410 2449 consistere,
445 2416 515 2451 qua
538 2417 579 2440 re
603 2404 820 2450 gloriabatur
840 2403 934 2449 ipse.
982 2404 1045 2438 sed
1067 2404 1170 2439 Plato
1193 2404 1378 2450 respondit
1401 2405 1438 2439 id
1463 2404 1501 2439 in
1524 2417 1566 2439 eo
1589 2417 1675 2440 ver-

193 2451 266 2486 sari
293 2456 331 2486 ut
354 2451 451 2486 cives
475 2451 561 2486 boni
584 2451 797 2486 efficiantur.
844 2455 919 2485 tum
942 2450 1135 2494 Dionysius
1162 2447 1317 2486 “iudicia
1339 2456 1437 2486 recte
1461 2452 1582 2486 facere
1611 2463 1674 2486 cu-

192 2497 329 2533 iusnam
354 2497 422 2533 tibi
446 2498 589 2533 videtur
611 2510 691 2534 esse
716 2496 870 2532 officium
881 2493 923 2532 ‘2'’
969 2496 1071 2532 Plato
1095 2494 1233 2533 “hanc”
1256 2498 1373 2543 inquit
1397 2494 1487 2544 “ego
1512 2498 1675 2544 exiguam

193 2543 310 2578 civilis
334 2544 507 2580 scientiae
529 2549 667 2591 partem
688 2557 767 2580 esse
790 2543 924 2579 iudico.
972 2555 1050 2578 nam
1074 2543 1209 2579 iudices
1235 2544 1320 2578 mihi
1343 2549 1517 2579 sartorum
1542 2545 1674 2579 similes

193 2590 379 2636 videntur,
403 2591 466 2637 qui
489 2591 624 2627 laceras
642 2597 761 2627 vestes
781 2587 994 2626 consuunt.'’
1038 2590 1146 2625 tertio
1170 2591 1365 2636 Dionysius
1389 2590 1568 2636 quaesivit
1589 2590 1674 2637 quid

192 2635 248 2671 rei
272 2637 496 2681 tyrannidem
519 2643 674 2685 putaret.
721 2638 823 2672 Plato
856 2648 930 2671 rem
960 2637 1145 2672 admodum
1175 2637 1338 2673 miseram
1366 2636 1438 2672 sibi
1464 2637 1582 2673 videri
1613 2649 1675 2672 re-

194 2682 350 2728 spondit,
374 2685 468 2729 quod
493 2697 535 2720 ea
555 2685 662 2720 etiam
680 2683 869 2720 novaculas
891 2683 1046 2719 timeret.

287 2728 501 2766 Artaxerxes
522 2737 752 2777 cognomento
773 2730 892 2765 Ochus
917 2742 1026 2766 annos
1052 2729 1219 2776 regnavit
1239 2730 1298 2775 26,
1324 2728 1433 2764 Arses
1458 2730 1580 2765 Ochus
1604 2741 1669 2765 an-

196 2785 261 2809 nos
285 2775 329 2818 2,
366 2775 494 2811 Darius
517 2778 672 2813 Arsamis
699 2779 745 2814 F.
770 2789 878 2812 annos
902 2777 938 2812 6.
986 2776 1165 2812 enimvero
1189 2788 1264 2812 cum
1285 2775 1483 2812 Alexander
1505 2777 1668 2822 Macedo,

196 2820 242 2854 de
265 2831 334 2865 quo
358 2821 470 2856 fusius
494 2823 531 2858 in
554 2837 742 2870 regnorum
766 2823 973 2859 recensione
997 2823 1147 2868 dicetur,
1171 2823 1299 2858 Persas
1322 2828 1514 2868 premeret.
1538 2824 1672 2859 Bessus

196 2866 337 2902 Bactris
357 2867 502 2904 Darium
524 2871 688 2915 necavit3
715 2872 836 2916 itaque
853 2881 998 2916 regnum
1021 2870 1201 2905 Persicum
1221 2869 1373 2905 deletum
1397 2876 1464 2914 est,
1492 2882 1568 2905 cum
1591 2870 1671 2916 qui-

197 2913 278 2949 dem
301 2924 411 2949 annos
436 2914 472 2949 in
497 2918 698 2955 universum
723 2919 794 2955 300
816 2918 997 2964 durasset,
1033 2928 1180 2963 quorum
1209 2917 1254 2954 70
1277 2921 1360 2952 sunt
1386 2916 1506 2955 exsilii
1520 2916 1670 2962 Iudaici,
