1664 3216
230 920 892 974 EMINENTISSIMO
950 922 1317 973 PRINCIPI

37 1077 474 1154 IULIO
577 1080 1520 1165 MAZARINO‚

494 1273 541 1317 S.
573 1274 629 1318 R.
663 1274 713 1318 E.
748 1273 1065 1319 CARDINALI.

27 1692 157 1766 Scite
186 1720 356 1763 Graecus
388 1729 518 1765 auctor
543 1724 617 1773 ait,
648 1723 951 1766 Eminentissime
979 1719 1214 1770 cardinalis,
1244 1720 1402 1764 deorum
1422 1729 1512 1764 tem.-

28 1789 102 1845 plis
121 1787 279 1831 donaria
297 1790 456 1832 dicanda
475 1807 582 1843 esse,
613 1794 706 1836 viris
725 1801 847 1835 autem
876 1790 1079 1834 illustribus
1106 1790 1251 1847 ingenii
1279 1798 1514 1833 monumenta

28 1858 282 1914 nuncupanda.
341 1861 646 1916 quemadmodum
680 1863 778 1904 enim
810 1859 1023 1903 muneribus
1055 1858 1162 1901 hisce
1191 1859 1419 1917 religionem
1447 1874 1513 1901 no·

28 1935 142 1969 stram
162 1942 258 1986 erga
276 1928 396 1978 deum,
423 1929 474 1970 ita
496 1939 533 1972 et
551 1931 626 1973 hoc
645 1932 851 1974 animorum
878 1929 982 1971 foetu
1000 1928 1134 1971 cultum
1163 1942 1210 1970 ac
1235 1927 1514 1971 observantiam

27 2004 191 2039 nostram
211 2012 307 2055 erga
327 1999 430 2040 viros
449 2015 612 2043 summae
632 2001 823 2058 dignitatis
842 1999 904 2042 vel
923 1999 1118 2040 doctrinae
1145 1998 1374 2055 praecipuae
1395 2004 1505 2039 testa-

26 2080 119 2108 mur.
176 2066 276 2108 inter
295 2067 402 2110 deum
421 2077 542 2110 autem
562 2078 600 2112 et
613 2070 785 2113 homiues
801 2070 919 2127 longe
938 2069 1111 2116 interest,
1144 2067 1242 2123 quod
1264 2067 1377 2115 deus,
1408 2064 1510 2107 velut

26 2134 187 2176 omnium
206 2135 376 2178 conditor
397 2144 435 2179 et
462 2138 649 2189 dominus,
681 2139 792 2182 rebus
821 2152 973 2195 quarum
992 2136 1159 2193 precarii
1187 2149 1429 2193 possessores
1447 2149 1507 2175 su-

26 2218 105 2243 mus
133 2217 207 2244 nou
234 2214 368 2261 egeat,
398 2206 591 2250 illustrium
618 2216 741 2250 autem
768 2208 933 2250 virorum
962 2214 1072 2264 gesta
1098 2206 1246 2262 penitus
1271 2202 1505 2251 intercidant,

24 2271 97 2312 nisi
117 2272 164 2313 sit
184 2274 246 2328 qui
270 2289 318 2316 ea
337 2275 457 2318 literis
489 2277 639 2319 mandet
668 2285 704 2319 et
733 2277 896 2334 posteris
924 2275 1057 2318 tradat.
1115 2274 1185 2316 sed
1210 2282 1248 2316 et
1267 2271 1504 2330 quemadmo-

25 2340 110 2381 dum
130 2339 258 2383 humili
277 2343 410 2400 cuique
429 2346 477 2387 ad
496 2346 651 2388 deorum
669 2346 808 2403 templa
830 2345 1016 2388 aoeedere
1037 2350 1075 2385 et
1096 2342 1151 2386 ibi
1178 2350 1265 2384 vota
1285 2356 1351 2383 sua
1368 2354 1502 2384 nuncu·

25 2423 119 2464 pare
142 2408 199 2451 ras
219 2419 295 2461 est,
327 2412 380 2454 ita
399 2428 470 2456 nee
491 2414 655 2458 illustres
683 2417 825 2458 animas
847 2431 893 2458 ea
916 2428 1012 2471 quae
1039 2412 1230 2454 tenuiores
1254 2410 1427 2452 homines
1445 2408 1502 2450 eis

23 2477 147 2520 dicant
174 2482 372 2536 aspernari
391 2483 568 2527 videmus.
628 2485 730 2527 altae
757 2485 901 2527 scilicet
920 2482 1053 2525 mentis
1079 2480 1251 2523 homines
1277 2479 1398 2522 securi
1419 2486 1501 2521 sunt

23 2548 287 2603 magnitudinis
314 2566 426 2601 suae,
453 2553 551 2595 adeo
578 2562 615 2596 ut
645 2554 755 2597 deum
773 2553 923 2596 referre
942 2550 1098 2608 quodam
1127 2563 1274 2607 genere
1291 2548 1498 2591 videantur.

23 2615 121 2658 haec
140 2632 221 2659 eum
250 2619 334 2676 ipse
356 2635 498 2663 mecum
528 2631 757 2678 reputarem,
788 2638 896 2666 ausus
922 2635 1018 2669 sum,
1046 2619 1346 2662 Eminentissime
1366 2615 1498 2660 Cardi-

24 2684 139 2735 nalis,
165 2686 349 2744 religiose
367 2688 426 2730 Te
452 2690 559 2732 adire
588 2700 627 2733 et
643 2692 778 2735 librum
796 2707 915 2749 opera
947 2704 1034 2732 mea
1049 2689 1273 2746 perpolitum
1301 2686 1500 2730 licentiore

23 2751 121 2795 forte
142 2754 215 2796 hae
239 2757 400 2812 epistola
424 2759 512 2801 Tibi
542 2761 770 2811 inscribere,
800 2775 874 2817 quo
899 2759 1135 2802 devotionem
1162 2773 1258 2816 erga
1286 2756 1346 2800 Te
1376 2770 1498 2798 meam

22 2822 172 2877 publice
200 2833 381 2878 testarer,
411 2829 621 2886 scirentque
649 2844 780 2872 omnes
805 2829 854 2870 ad
892 2828 1173 2873 venerationem
1190 2827 1264 2871 'rui
1292 2827 1403 2871 etiam
1432 2840 1499 2868 eos
