1742 3184
211 225 314 279 246
693 228 934 276 GEORGII
963 227 1210 274 GEDRENI

208 345 360 403 μεταξὺ
390 349 473 390 τῶν
501 343 625 404 ὁρίων
653 342 795 403 Τύρου
824 345 892 389 καὶ
920 346 1123 397 Σιδῶνος·
1163 342 1254 401 ἥτις
1273 343 1393 389 Διδὼ
1412 337 1464 400 ἦν
1479 347 1687 388 πλουσιω-

207 416 308 473 τάτη
319 449 332 469 ,
368 415 517 472 ἔχουσα
539 415 672 474 ἄνδρα
694 418 883 471 Σιχαΐον,
918 413 965 457 ὃν
986 413 1201 473 ἐφόνευσεν
1223 415 1265 458 ἓν
1283 415 1504 472 κυνηγεσίῳ
1520 411 1542 456 ὃ
1563 414 1685 458 ἀδελ·

208 487 288 545 φὸς
303 490 375 543 τῆς
391 487 548 537 Διδοῦς
575 484 596 529 ὃ
616 486 885 542 Πυγμαλίων,
921 482 1278 542 διαφθονούμενος
1299 484 1413 542 αὐτῷ
1435 481 1491 535 ὥς
1508 488 1684 527 πολυευ-

203 554 318 614 πόρῳ
337 557 405 599 καὶ
424 553 618 613 δυνάστῃ.
686 551 1007 605 καταδιώκοντες
1022 554 1101 611 γὰρ
1123 551 1303 611 σύαγρον
1323 553 1505 612 ἔφιπποι,
1531 552 1684 608 ἤλασεν

202 626 247 669 ἐκ
268 631 350 669 τῶν
371 624 543 668 ὄπισθεν
562 623 658 667 κατ’
681 624 809 666 αι’-τοῦ
827 623 874 666 τὸ
902 620 1004 681 δόρυ
1024 625 1093 666 καὶ
1117 623 1342 675 ἀπέκτεινε,
1378 625 1447 665 καὶ
1470 623 1612 677 λαβὼν
1633 624 1680 667 τὸ
1693 628 1716 664 5

200 699 324 751 σῶμα
344 694 471 738 αὖτοῦ
491 693 636 751 ἔρριψε
655 693 762 735 κατὰ
781 696 857 737 τοῦ
874 697 1069 750 κρημνοῦ.
1121 694 1189 736 καὶ
1211 690 1477 749 ὑποστρέψας
1496 691 1578 735 εἷπε
1597 700 1684 744 τοῖς

200 765 466 822 διαφέρουσιν
487 763 600 821 αὐτῷ
622 761 683 805 ὅτι
703 763 955 820 ε’κρημνίσθη
976 759 1135 805 διώκων
1153 762 1224 806 τὸν
1246 759 1440 820 σύαγρον.
1490 761 1681 816 ἐβούλετο

200 834 246 876 δὲ
267 832 288 877 ὅ
310 833 435 884 αὐτὸς
450 833 704 889 Πυγμαλίων
725 833 794 875 καὶ
815 831 891 887 τὴν
921 833 1028 875 ἰδίαν
1048 831 1231 890 ἀδελφὴν
1256 832 1590 888 διαχειρίσασθαι
1611 833 1682 874 καὶ

145 903 177 939 C
202 906 343 958 λαβεῖν
370 901 422 946 τὰ
444 901 640 959 χρήματα
661 901 812 957 αὐτῆς·
855 895 883 959 ᾖ
900 903 977 945 τινὶ
997 902 1128 944 Διδοῖ
1143 899 1273 960 ἐφάνη
1294 898 1315 943 ὃ
1334 900 1438 959 ἀνὴρ
1460 900 1586 957 αὐτῆς
1604 904 1681 944 Σι-

193 979 316 1028 χαΐος
333 972 375 1015 ἓν
397 970 597 1028 ὁράματι,
632 972 701 1014 καὶ
721 969 827 1014 εἶπεν
851 970 913 1014 ὅτι
933 969 954 1013 ὅ
977 969 1156 1029 ἀδελφός
1178 987 1254 1014 σου
1274 969 1466 1029 ἐφόνευσε*
1484 988 1558 1025 με,
1595 972 1677 1014 δεί-
1691 976 1736 1012 10

197 1045 271 1093 ξας
290 1043 393 1100 αὐτῇ
413 1042 480 1084 καὶ
501 1040 572 1084 τὸν
592 1039 717 1085 τόπον
741 1045 816 1097 τῆς
837 1031 1005 1097 πληγῆς.
1074 1042 1142 1083 καὶ
1166 1037 1271 1083 εἶπεν
1296 1041 1401 1097 αὐτῇ
1430 1037 1565 1097 “φύγε
1575 1072 1588 1091 ,
1617 1040 1679 1097 μὴ

196 1113 265 1154 καὶ
287 1112 332 1154 σέ
354 1108 578 1170 quondan-'²
646 1111 715 1152 καὶ
749 1109 890 1153 λοιπὸν
916 1109 942 1165 ἦ
971 1108 1074 1165 αὐτὴ
1095 1109 1215 1152 Aaou)
1245 1114 1440 1152 λαθοῦσα
1467 1110 1538 1152 τὸν
1571 1109 1679 1152 ἴδιον

195 1180 375 1238 ἀδελφὸν
397 1178 613 1235 ἄνελάβετο
634 1178 767 1222 πάντα
784 1177 983 1237 χρήματα
1008 1179 1134 1235 αὐτῆς
1142 1210 1155 1231 ,
1191 1181 1258 1221 καὶ
1279 1180 1443 1234 ἐμβᾶσα
1460 1182 1516 1230 εἷς
1536 1183 1678 1222 πλοῖον

195 1250 441 1293 ἀπέπλευσεν
462 1250 506 1292 ἔκ
525 1253 601 1306 τῆς
626 1249 832 1305 Φοινίκης,
868 1251 936 1291 καὶ
954 1243 1085 1304 ἦλθεν
1107 1250 1164 1299 εἷς
1184 1248 1258 1304 τὴν
1279 1246 1465 1303 Λιβύην,
1501 1250 1569 1291 καὶ
1589 1250 1677 1292 κτί-

195 1320 251 1372 ζει
269 1319 344 1375 τὴν
361 1317 674 1376 Χαρτάγαιναν,
701 1317 791 1374 ἥτις
810 1318 894 1362 ἐστὶ
914 1316 1143 1370 Νεάπολις·
1175 1320 1244 1360 καὶ
1259 1318 1518 1372 ἐβασίλευσεν
1538 1319 1580 1362 ἐν
1598 1318 1676 1362 αὖ·
1688 1322 1732 1359 15

192 1392 265 1447 τῇ,
301 1390 371 1432 καὶ
388 1392 556 1448 τελευτᾷ
575 1385 803 1446 σωφρόνως
820 1386 992 1444 ζήσασα.

322 1477 384 1523 ‘O
404 1480 448 1523 δὲ
466 1477 685 1535 Διομήδης
711 1477 892 1536 ὖπῆρχεν
925 1478 968 1531 ἐξ
993 1478 1205 1529 Αἰτωλίας
1214 1509 1227 1532 ,
1259 1477 1396 1536 φέρων
1424 1477 1471 1522 τὸ
1500 1477 1613 1535 γε’νος
1631 1478 1675 1522 ἒκ

189 1552 264 1590 τοῦ
292 1549 466 1601 Οἰνέως,
502 1548 612 1599 ὅστις
637 1549 780 1599 Οἰνεὺς
810 1548 915 1602 μετὰ
944 1547 1132 1603 τελευτὴν
1156 1548 1364 1606 Ἐριβοίας
1397 1546 1568 1604 ἠγάγετο
1599 1549 1674 1604 τὴν

183 1617 414 1671 Ἀλθαιάν,
449 1619 491 1670 ε”ξ
508 1612 557 1673 ἧς
575 1617 664 1672 ἴσχε
684 1617 755 1660 τὸν
773 1618 1021 1675 Μελέαγρον
1042 1619 1110 1660 καὶ
1128 1617 1201 1673 τὴν
1222 1615 1485 1675 Δηΐάνειραν,
1532 1616 1673 1673 ἥντινα

135 1692 169 1727 D
191 1684 404 1744 ἡρμόσατο
430 1687 645 1745 Ἀχε).ςῦος
683 1684 705 1728 ὅ
735 1685 824 1737 υἱὸς
853 1687 1133 1729 Ποσειδωνίου
1168 1690 1450 1743 συγκλητικοῦ.
1520 1685 1542 1730 ὃ
1573 1691 1731 1743 γοῦν20

184 1755 401 1815 Ἀχελῷος
419 1757 498 1814 πρὸ
516 1759 591 1799 τοῦ
606 1753 740 1811 γάμου
761 1754 929 1813 ἔφθειρε
948 1756 1022 1811 τὴν
1039 1752 1288 1814 Δηϊάνειραν
1305 1755 1461 1816 λάθρᾳ,
1485 1757 1553 1799 καὶ
1566 1757 1670 1812 μετὰ

186 1829 318 1868 ταῦτα
339 1826 443 1882 λέγει
469 1828 528 1885 τῷ
555 1827 672 1867 Οἰνεῖ
683 1829 853 1879 βασιλεῖ
873 1823 979 1867 “οὖκ
998 1824 1133 1876 ἄλλως
1160 1824 1476 1882 παραλαμβάνω
1502 1824 1669 1883 ταύτην,

187 1896 222 1936 εἷ
241 1894 300 1950 μὴ
318 1891 631 1953 παραχωρήσεις
660 1911 732 1948 μοι
764 1896 927 1937 διοικεῖν
957 1893 1032 1950 τὴν
1053 1896 1265 1949 βασιλείαν
1286 1894 1404 1937 σου.”
1478 1893 1499 1937 ὃ
1527 1897 1572 1938 δὲ
1594 1897 1669 1939 οὔκ

186 1964 372 2021 ἐπείσθη.
441 1965 509 2008 καὶ
540 1963 683 2006 λοιπὸν
710 1963 786 2007 σὺν
815 1967 874 2024 τῷ
901 1965 993 2023 ἰδίῳ
1022 1966 1146 2022 πατρὶ
1177 1964 1348 2022 ἀντῆρεν
1368 1961 1389 2007 ὃ
1408 1962 1666 2024 Ἀχελῷοςὸ

183 2160 288 2198 donis
311 2161 512 2199 interiacet.
560 2162 786 2210 amplissimis
819 2165 935 2198 autem
968 2161 1132 2209 praedita
1163 2163 1291 2210 opibus
1322 2163 1482 2200 maritum
1513 2164 1668 2201 habebat

182 2209 392 2254 Sichaeum3
426 2210 525 2246 cuius
558 2210 696 2246 divitiis
727 2215 834 2257 atque
866 2211 1048 2256 potentiae
1079 2209 1244 2246 invidens
1276 2211 1487 2257 Pygmalion
1513 2212 1666 2247 Didonis

180 2256 294 2291 frater
318 2269 397 2292 eum
419 2257 458 2292 in
480 2257 691 2302 venatione,
715 2268 791 2293 cum
820 2256 957 2301 equites
982 2268 1051 2291 una
1075 2268 1195 2303 aprum
1214 2265 1535 2312 persequerentur,
1561 2259 1666 2294 hasta

180 2302 217 2336 in
237 2308 374 2348 tergum
393 2304 556 2341 coniecta
573 2303 756 2348 interficit,
780 2314 978 2348 corpusque
998 2304 1043 2338 de
1064 2303 1277 2350 praecip1tio
1297 2305 1501 2351 deturbans,
1526 2306 1666 2340 domum

183 2347 349 2385 reversus
373 2351 583 2386 necessariis
606 2350 682 2386 eius
706 2349 842 2384 rettulit
866 2361 964 2395 eum,
987 2349 1068 2384 dum
1092 2362 1214 2396 aprum
1239 2350 1457 2397 insequitur,
1484 2352 1664 2399 praecipi-

181 2399 253 2430 tem
276 2402 390 2431 actum
411 2397 577 2443 periisse.
626 2396 712 2442 quin
745 2401 782 2431 et
812 2396 947 2431 sororis
978 2408 1064 2431 suae
1087 2397 1184 2432 vitae
1206 2397 1414 2443 Pygmalion
1439 2399 1664 2444 fortunisque

180 2440 429 2478 insidiabatur.
479 2445 543 2479 sed
572 2443 743 2479 Sichaeus
767 2441 870 2477 uxori
895 2454 959 2488 per
982 2443 1192 2478 insomnium
1224 2444 1322 2479 visus
1345 2446 1389 2479 ab
1413 2444 1526 2492 ipsius
1550 2446 1663 2480 fratre

181 2499 220 2522 se
244 2495 405 2526 necatum
429 2489 613 2536 indicavit,
638 2494 832 2525 monstrato
855 2489 960 2524 etiam
985 2489 1142 2525 vulneris
1163 2491 1255 2534 loco,
1282 2490 1466 2537 ipsamque
1488 2492 1575 2536 fuga
1592 2490 1663 2527 sibi

180 2535 383 2581 consulere,
419 2548 464 2571 ne
487 2536 582 2573 idem
607 2535 791 2580 eveniret,
815 2535 959 2570 monuit.
1009 2537 1159 2590 proinde
1182 2537 1275 2571 Dido
1297 2537 1385 2573 clam
1408 2538 1521 2572 fratre
1544 2537 1663 2572 navim

179 2579 343 2624 ingressa
369 2583 600 2630 omnibusque
633 2583 708 2618 suis
738 2581 914 2628 impositis
946 2581 1082 2617 divitiis
1113 2595 1134 2618 a
1157 2583 1352 2619 Phoenicia
1386 2583 1515 2630 solvit,
1551 2584 1662 2639 inque

179 2626 337 2662 Africam
359 2628 476 2666 delata
499 2630 768 2675 Carthaginem,
794 2633 884 2674 quae
907 2633 963 2663 est
979 2628 1174 2676 Neapolis,
1199 2630 1376 2677 condidit,
1401 2642 1586 2677 regnoque
1607 2630 1661 2666 1bi

179 2671 304 2708 functa
326 2679 362 2709 et
384 2675 460 2711 vita
482 2677 610 2723 pudice
631 2681 757 2712 exacta
779 2674 947 2710 decessit.
1463 2683 1466 2685 ’

276 2741 464 2779 Diomedes
486 2757 592 2790 porro
615 2745 760 2780 Aetolus
783 2743 870 2789 fuit,
906 2755 1017 2788 genus
1047 2745 1091 2779 ab
1116 2745 1240 2780 Oeneo
1264 2744 1409 2781 ducens.
1457 2746 1489 2781 is
1513 2746 1659 2782 Oeneus

184 2792 321 2822 mortua
342 2789 500 2825 Eriboea
522 2792 707 2834 Althaeam
730 2791 800 2826 sibi
824 2790 1043 2825 matrimonio
1067 2791 1266 2838 copulavit,
1299 2792 1512 2839 sustulitque
1544 2805 1589 2828 ex
1613 2805 1659 2828 ea.

182 2832 399 2880 Meleagrum
424 2842 460 2871 et
478 2837 693 2873 Deianiram.
741 2838 832 2872 hanc
853 2848 929 2871 cum
957 2837 1132 2872 Achelous
1154 2837 1339 2873 Posidonii
1362 2839 1538 2874 senatoris
1563 2839 1657 2874 filius

182 2879 451 2926 despondisset,
476 2889 559 2917 ante
582 2885 722 2930 nuptias
751 2883 887 2919 occulte
910 2882 1076 2928 vitiavit,
1102 2896 1145 2918 ac
1165 2885 1294 2919 deinde
1315 2886 1393 2930 regi
1417 2887 1542 2920 Oeneo
1565 2885 1658 2920 dixit

181 2937 223 2962 se
244 2938 322 2962 eam
344 2939 415 2963 non
444 2928 512 2964 alia
533 2931 740 2967 condicione
763 2931 947 2967 ducturum
971 2941 1075 2977 quam
1097 2930 1167 2967 sibi
1191 2936 1231 2967 ut
1251 2931 1355 2977 regni
1376 2932 1654 2968 administratio-
