1742 3184
184 192 285 243 454
676 192 918 239 GEORGII
952 191 1198 245 CEDRENI

321 310 568 369 Λῗμιλιανὸς
590 309 848 367 ἐβασίλευσεν
868 306 957 361 ἴτος
978 308 1035 363 ἓν,
1078 310 1147 353 καὶ
1166 304 1326 368 ἐσφάγη
1346 307 1389 353 ἓν
1408 310 1466 369 τιῖ
1486 307 1673 369 παλατίῳ

183 381 264 428 ὕπὸ
283 387 364 435 τῶν
383 386 657 441 στρατιωτῶν.
1028 379 1030 381 ’

327 450 605 510 Οὐαλεριανὸς
630 451 700 494 καὶ
726 450 769 492 Γ
766 452 956 505 αλλιῆνος
985 444 1054 505 ἴτη
1080 443 1141 491 ιε’.
1210 439 1330 497 οὗτος
1351 444 1373 489 ὃ
1397 444 1671 505 Οὐαλεριανὸς

185 519 363 578 πόλεμον
379 521 482 577 μετὰ
501 518 706 578 Σαπώρου
728 523 802 562 τοῦ
820 519 990 578 Πέρσου
1008 515 1183 574 ποιήσας
1199 518 1267 559 καὶ
1289 514 1538 574 δοριάλωτος
1554 533 1671 572 γεγο-

185 592 266 644 νὼς
297 593 339 636 ἓν
370 591 623 650 Καισαρείᾳ,
659 587 761 643 ἔχων
792 586 1000 646 μυριάδας
1022 585 1090 642 β’,
1135 585 1214 629 ὑπὸ
1245 584 1452 643 Σαπιῦρου
1489 586 1706 643 ε’κδαρεὶςό

186 659 453 717 ἐτελεύτησεν.
522 658 543 702 ὃ
566 659 609 701 δὲ
628 658 717 710 υἱὸς
740 657 868 701 αὐτοῦ
889 659 930 700 Γ
928 661 1116 719 αλλιῆνος
1136 654 1241 713 μετὰ
1258 658 1402 699 τοῦτον
1423 659 1585 713 πρῶτος
1607 655 1675 697 ἶπ-

187 731 287 774 πικὰ
307 730 498 787 τάγματα
517 728 759 784 κατέστησε·
794 728 904 779 πεζοὶ
927 726 1007 785 γὰρ
1035 726 1141 769 κατὰ
1167 725 1214 770 τὸ
1239 724 1343 768 πολὺ
1366 724 1405 767 οἳ
1429 729 1676 783 στρατιῶται

148 818 150 821 ’
186 805 270 846 τῶν
282 799 495 855 Ῥωμαίων
519 796 718 855 ὑπῆρχον.
786 795 946 855 ἐσφάγη
979 796 1023 839 δὲ
1054 797 1123 838 καὶ
1154 794 1278 847 αὐτὸς
1306 792 1396 838 ὕπὸ.
1417 797 1676 853 στρατιωτῶν

42 873 73 910 Ρ
97 872 168 912 259
190 871 362 927 πλησίον
390 866 680 913 Μεδιολάνων.
748 866 813 910 ἐπὶ
839 864 985 912 τούτου
1013 863 1167 921 ἤκμαζε
1194 867 1236 907 Γ
1234 854 1422 923 ρηγόριος
1448 862 1469 906 ὅ
1502 868 1678 919 θαυμα-

168 938 359 998 .τουργὸς
377 939 444 982 καὶ
465 937 503 982 οἳ
521 934 777 994 αἶρεσιάρχαι
793 935 1018 993 Ἀρτέμων
1035 936 1105 978 καὶ
1124 934 1315 978 Συνέπων
1331 934 1605 991 ἓγνωρίζοντο.
1689 937 1735 974 10

328 1006 544 1058 Κλαύδιος
564 1008 822 1061 ἐβασίλευσεν
843 1004 910 1062 ἴτη
935 1003 1024 1048 δύο.
1076 998 1196 1055 οὗτος
1216 1001 1381 1055 πάππος
1399 1004 1531 1060 γέγονε
1558 1005 1679 1046 Κων-

192 1080 405 1123 σταντίνου
424 1081 500 1121 τοῦ
517 1075 674 1135 πατρὸς
695 1076 1008 1119 Κωνσταντίνου
1030 1078 1105 1118 τοῦ
1125 1072 1241 1131 ἁγίου
1263 1075 1332 1117 καὶ
1349 1071 1544 1129 μεγάλου.
1613 1074 1680 1116 ε’πὶ

190 1147 339 1192 τούτου
362 1148 402 1190 οἳ
421 1144 588 1190 Σκύθαι
610 1143 859 1204 περάσαντες
877 1146 945 1188 καὶ
965 1144 1041 1195 τὰς
1059 1141 1195 1194 πόλεις
1214 1141 1513 1200 πορθήσαντες,
1541 1160 1682 1200 παρα-

191 1215 387 1272 λαβόντες
414 1217 461 1260 ὃὲ
489 1217 558 1260 καὶ
580 1214 656 1267 τὰς
682 1213 902 1270 Ἀθήνας,
938 1212 1166 1270 συνήγαγον
1187 1210 1321 1256 πάντα
1337 1212 1390 1255 τὰ
1408 1213 1576 1267 βιβλία,
1611 1213 1682 1255 καὶ

190 1285 415 1343 ἠβούλοντο
433 1289 616 1337 καῦσαι,
664 1286 698 1327 εἲ
718 1282 778 1340 μή
799 1301 861 1334 τις
883 1285 926 1335 ἐξ
948 1284 1084 1326 αὐτῶν
1104 1289 1285 1339 κρεῖττον
1303 1285 1385 1326 τῶν
1415 1281 1549 1325 ἄλλων
1574 1281 1680 1324 κατὰ
1693 1288 1738 1328 15

191 1356 296 1400 πολὺ
321 1358 485 1413 φρονῶν
510 1353 710 1397 ἐκώλυσεν
734 1351 905 1406 αὐτούς,
950 1351 1073 1396 εἰπὼν
1093 1350 1156 1395 ὅτι
1174 1353 1264 1410 περὶ
1282 1355 1413 1395 ταῦτα
1434 1352 1473 1394 οἳ
1487 1349 1684 1407 Ῥωμαῖοι

193 1423 459 1480 σχολάζοντες
486 1427 568 1467 τῶν
588 1424 777 1478 πολέμων
798 1422 1033 1477 ἀμελοῦσιν.
1101 1415 1221 1473 οὗτος
1239 1420 1505 1479 Αὖρηλιανὸν
1533 1423 1589 1473 εἷς
1610 1421 1685 1477 τὴν

191 1495 405 1550 βασιλείαν
426 1493 672 1552 προαγαγὼν
694 1496 877 1552 τελευτᾷ.

140 1571 173 1607 Β
336 1562 606 1614 Κυντιλιανὸς
624 1562 803 1620 ἀδελφὸς
816 1561 1030 1604 Κλαυδίου
1048 1559 1307 1614 ἐβασίλευσεν
1326 1557 1483 1616 ἡμέρας
1502 1556 1550 1611 ζ’.
1575 1558 1685 1610 ε’πει-

197 1632 250 1688 δὴ
278 1632 357 1690 γὰρ
386 1631 486 1688 ἔγνω
507 1632 773 1689 Αὖρηλιανὸν
802 1631 989 1686 ἐπιβῆναι
1016 1630 1218 1684 μέλλοντα
1250 1633 1301 1686 τῇ
1321 1627 1534 1684 Ῥωμαίων
1560 1627 1742 1685 ἆρχῇ,20

196 1699 343 1744 ἑαυτὸν
361 1699 550 1757 ὗπεξάγει
571 1705 646 1743 τοῦ
663 1701 772 1754 βίου,
801 1699 876 1754 τὴν
893 1700 1028 1757 φλέβα
1047 1700 1222 1753 τμηθεὶς
1234 1702 1308 1754 τῆς
1319 1696 1462 1756 χειρὸς
1478 1694 1558 1740 {md
1578 1714 1688 1749 τινος

197 1771 365 1829 ἰατροῦ,
398 1769 541 1830 μέχρις
562 1763 611 1812 οὗ
631 1766 942 1824 λειποψυχῆσας
965 1767 1185 1811 ἀπέθανεν.

267 1991 276 2001 ι
292 1944 507 1982 Aemilianus
529 1956 657 1982 annum
681 1956 786 1981 unum
818 1943 1030 1992 imperavit,
1067 1946 1192 1989 estque
1221 1953 1245 1978 a
1276 1939 1447 1978 militibus
1478 1939 1518 1975 in
1551 1940 1686 1988 palatio

200 2002 354 2029 occisus.

294 2060 506 2098 Valerianus
529 2065 568 2097 et
588 2061 773 2098 Gallienus
795 2060 1014 2107 imperarunt
1036 2069 1146 2095 annos
1171 2058 1230 2094 15.
1276 2056 1335 2092 hic
1364 2054 1578 2091 Valerianus
1609 2067 1689 2092 cum

204 2107 337 2155 Sapori
358 2109 493 2144 Persae
515 2109 642 2143 bellum
666 2108 864 2152 intulisset,
894 2108 938 2142 ab
964 2119 1006 2142 eo
1033 2110 1158 2153 captus
1183 2108 1239 2139 est
1261 2104 1355 2150 apud
1373 2103 1604 2148 Caesaream,
1629 2103 1688 2138 vi-

204 2155 295 2199 ginti
317 2155 413 2191 milia
434 2155 610 2190 hominum
633 2155 671 2190 in
694 2154 851 2190 exercitu
873 2153 1027 2195 ducens3
1052 2157 1176 2198 estque
1198 2151 1232 2185 ei
1255 2150 1357 2196 pellis
1381 2149 1552 2194 detracta,
1581 2154 1690 2195 atque

204 2201 256 2235 ita
278 2202 401 2248 periit.
448 2202 542 2236 filius
565 2206 682 2237 autem
708 2202 785 2236 eius
805 2200 990 2235 Gallienus
1015 2199 1050 2233 ei
1072 2199 1265 2234 succedens
1285 2196 1416 2243 primus
1436 2195 1590 2241 equitum
1612 2201 1691 2230 tur-

204 2259 279 2283 mas
301 2247 469 2294 instituit,
493 2260 568 2283 cum
589 2249 758 2284 hactenus
777 2246 927 2282 Romani
949 2245 1077 2281 milites
1101 2245 1179 2280 sere
1202 2243 1342 2290 pedites
1364 2242 1530 2277 fuissent.
1576 2242 1690 2277 inter-

205 2294 321 2329 fectus
349 2299 405 2329 est
428 2306 450 2329 a
473 2295 643 2330 militibus
668 2295 762 2340 apud
779 2292 1040 2328 Mediolanum.'
1078 2293 1143 2327 sub
1168 2292 1234 2325 hoc
1259 2289 1381 2324 floruit
1403 2288 1572 2323 mirificus
1594 2289 1689 2323 Gre-

206 2341 340 2386 gorius,
363 2345 400 2376 et
422 2340 653 2377 innotuerunt
668 2343 837 2376 Artemon
861 2344 967 2385 atque
989 2340 1163 2385 Synepon
1186 2336 1385 2372 haeresium
1408 2339 1585 2370 auctores.

299 2410 467 2446 Claudius
483 2410 529 2445 im
559 2410 676 2446 eravit
691 2420 800 2445 annos
816 2409 852 2444 2.
900 2407 932 2442 is
948 2420 1035 2444 avus
1050 2407 1118 2442 fuit
1130 2404 1354 2442 Constantini
1371 2402 1446 2439 eius
1460 2403 1521 2450 qui
1532 2406 1691 2439 sanctum

209 2456 480 2492 Constantinum
552 2469 678 2502 agnum
708 2455 819 2490 filium
852 2454 1011 2500 reliquit.
1058 2454 1124 2489 sub
1158 2453 1226 2487 hoc
1253 2451 1412 2497 Scythae
1440 2450 1479 2485 in
1509 2450 1692 2496 Europam

211 2502 316 2537 effusi
348 2503 473 2538 multas
504 2505 611 2539 urbes
642 2503 750 2549 inque
773 2502 828 2536 his
853 2501 960 2536 etiam
980 2500 1136 2535 Athenas
1160 2502 1357 2534 vastarunt.
1405 2496 1554 2532 Athenis
1578 2497 1692 2543 captis

211 2558 330 2583 omnes
364 2549 474 2584 libros
506 2549 544 2584 in
576 2561 680 2591 unum
704 2551 976 2594 congesserunt,
1011 2552 1052 2582 ut
1076 2559 1137 2582 eos
1161 2546 1419 2580 comburerent.
1467 2543 1531 2578 sed
1554 2544 1599 2578 ab
1624 2543 1693 2577 hoc

212 2605 273 2628 eos
298 2596 444 2630 consilio
469 2596 610 2642 quidam
630 2596 779 2642 reliquis
802 2594 906 2639 longe
929 2594 1137 2640 prudentior
1159 2590 1326 2635 detraxit,
1350 2589 1445 2638 quod
1463 2589 1598 2623 diceret
1616 2590 1693 2623 Ro-

210 2650 333 2675 manos
356 2641 455 2677 libris
479 2642 617 2677 deditos
639 2641 800 2677 bellicam
819 2652 894 2676 rem
918 2640 1156 2686 neglecturos.
1203 2641 1361 2673 mortuus
1385 2641 1463 2682 est,
1485 2646 1693 2671 successore

213 2685 400 2722 Aureliano
423 2688 494 2724 sibi
516 2688 716 2734 designato.

307 2754 546 2795 Quintilianus
570 2756 710 2792 Claudii
731 2757 844 2791 frater
865 2754 1050 2802 imperium
1073 2753 1149 2790 dies
1173 2754 1196 2790 7
1218 2751 1347 2788 tenuit.
1402 2749 1465 2798 qui
1489 2762 1566 2786 cum
1589 2750 1692 2786 audi-

214 2801 272 2833 ret
288 2799 516 2853 ‘Aurelianum
540 2805 586 2839 ad
609 2803 847 2849 occupandum
870 2802 1054 2848 imperium
1079 2802 1293 2843 adventare,
1325 2810 1365 2832 se
1381 2798 1497 2844 ipsum
1518 2798 1595 2832 vita
1617 2796 1696 2844 pri-

215 2851 339 2900 vent,
361 2858 453 2883 vena
475 2849 611 2885 brachii
633 2862 656 2885 a
677 2850 813 2884 medico
837 2848 953 2885 secari
975 2848 1094 2894 iussa,
1117 2858 1234 2894 neque
1255 2844 1406 2882 inhibito
1427 2843 1621 2890 sanguine,
1655 2847 1697 2879 ut

217 2901 261 2926 ex
283 2892 389 2927 ammi
411 2894 566 2940 deliquio
590 2901 800 2932 moreretur.
