1742 3184
210 178 309 226 506
693 178 934 224 GEORGII
968 177 1216 222 CEDRENI

209 313 251 340 τε
272 295 340 338 καὶ
359 294 725 353 σκέψεωςέρευνᾶν
743 294 818 345 τὰς
835 293 1091 351 κατηγορίας,
1116 295 1184 337 καὶ
1203 294 1261 350 μὴ
1286 292 1342 346 ὥς
1359 292 1472 352 ἔτυχε
1492 293 1691 340 πιστεύειν

210 373 295 417 τοῖς
316 370 609 423 κατηγοροῦσι,
645 364 720 408 κᾶν
742 364 846 420 ἄγαν
869 358 968 406 ὦσιν
987 362 1228 415 ἀξιόπιστοι.
1297 366 1364 408 διὸ
1387 366 1438 421 δὴ
1468 367 1536 408 καὶ
1563 364 1693 409 Νικό-

211 437 342 491 δημος
368 436 471 493 πρὸς
499 434 594 486 τοὺς
620 432 885 491 παρανόμους
910 433 1135 485 Ἰουδαίους
1157 439 1446 491 καταφορικῶς
1468 452 1512 478 τε
1535 437 1603 478 καὶ
1628 438 1692 478 ἒν-

209 510 431 562 τρεπτικῶς
456 505 534 562 ἔφη
565 502 654 559 ((,ιιὴ
684 501 705 546 ὅ
734 501 860 558 νόμος
879 501 997 558 ὑμῶν
1017 505 1141 561 κρίνει
1165 504 1236 546 τὸν
1257 503 1503 561 ἄνθρωπον,
1541 505 1612 547 ἐὰν
1633 506 1691 560 μὴ

211 573 368 632 ἀκούσῃ
391 575 495 632 παρ’
521 575 648 616 αὐτοῦ
666 577 828 631 ,πρῶτον
851 575 918 615 καὶ
939 577 1022 632 γνῷ
1038 575 1081 616 τί
1096 580 1226 628 ποιεῖς
1263 574 1402 629 ἀμέλει
1423 575 1469 630 γε’
1487 591 1550 617 τοι
1569 577 1636 617 καὶ
1655 575 1693 617 οἱ
1705 583 1727 618 5

211 649 292 688 τῶν
311 644 390 695 ἔξω
409 646 531 701 σοφοὶ
551 647 671 686 τοῦτο
688 641 906 702 προδήλως
922 641 1244 701 ῦπεμφαίνοντες
1262 642 1368 687 οὕτω
1389 646 1535 702 φασίν·
1572 646 1605 687 εἲ
1621 645 1695 700 μὲν

212 712 522 772 ἀμφισβήτησις
548 714 694 771 κρίνει,
734 711 1012 770 ἀναρτᾶσθω,
1060 716 1095 756 εἲ
1124 714 1169 756 δὲ
1198 716 1350 766 κρίσις,
1392 714 1490 764 τοὺς
1512 714 1697 770 ἐλέγχους

212 784 463 839 βασανιζέτω
473 815 488 835 ,
531 785 566 825 εἴ
586 784 630 826 δὲ
648 780 853 838 βάσανος,
898 783 946 825 τὸ
969 782 1059 826 δέον
1080 781 1246 841 ὃριζέτω
1261 797 1272 808 ·
1317 782 1338 825 ὅ
1369 784 1415 827 δὲ
1433 781 1529 840 ὅρος
1550 782 1697 841 γεγρά-

161 865 191 901 Β
218 858 341 911 φθω,
376 853 429 895 τὰ
457 853 502 895 δὲ
531 854 791 911 γεγραμμένα
821 851 1069 909 κυρούσθω,
1104 853 1158 895 τὰ
1183 853 1227 895 δὲ
1245 853 1484 911 κυρωθέντα
1502 851 1699 907 βεβαιού-

214 928 310 966 σθω
331 929 416 973 τοῖς
437 922 593 981 ἔργοις,
629 925 697 965 καὶ
722 927 836 966 πᾶσα
859 921 1077 977 ’ἁψιμαχία
1109 923 1288 977 οἰχέσθω
1299 955 1312 975 ,
1348 925 1417 965 καὶ
1439 921 1561 965 πάλιν
1582 924 1697 980 φιλία
1711 931 1742 967 1(

210 993 430 1049 χορευέτω.
499 994 566 1035 καὶ
598 994 640 1035 ἐν
669 1000 759 1044 ταῖς
790 993 1079 1043 ἀποστολικαῖς
1109 991 1339 1043 διατάξεων
1378 990 1400 1035 ὅ
1435 996 1551 1043 θεῖος
1582 991 1701 1048 λόγος

215 1062 346 1113 οὕτως
365 1063 502 1120 φησίν.
550 1062 653 1105 ἴστω
678 1063 721 1105 δὲ
742 1060 763 1105 ὃ
787 1062 927 1119 κριτὴς
948 1060 1346 1119 ἀπροσωπόληπτος,
1381 1060 1484 1116 μήτε
1507 1060 1702 1122 πλούσιον

213 1131 502 1190 ἐντρεπόμενος
523 1130 551 1187 ἢ
575 1131 806 1175 κολακεύων
827 1131 940 1189 παρὰ
964 1132 1012 1174 τὸ
1034 1135 1254 1189 προσῆκον,
1289 1130 1392 1187 μήτε
1413 1132 1582 1186 πένητος
1610 1149 1702 1188 φει-

216 1201 400 1257 δόμενος.
465 1199 532 1244 εοὗ
554 1200 689 1259 λήψῃ’
713 1200 792 1259 γάρ
814 1218 917 1259 φησι
946 1199 1185 1258 επρόσωπον
1205 1200 1426 1254 δυνάστρυ,
1463 1203 1531 1243 καὶ
1551 1202 1703 1256 πένητα

215 1272 290 1314 οὐκ
322 1269 496 1326 ἒλεήσεις
525 1271 566 1313 ἒν
598 1271 750 1329 κρίσει]
823 1269 885 1313 ὅτι
915 1274 988 1313 τοῦ
1014 1275 1118 1313 θεοῦ
1148 1269 1173 1325 ’ἧ
1195 1272 1326 1327 κρίσις
1361 1272 1527 1321 δικαίως
1557 1271 1604 1314 τὸ
1640 1272 1702 1312 δί-
1716 1279 1742 1314 11

216 1358 332 1389 καιον
355 1340 566 1393 διώξεται,
604 1343 671 1383 καὶ
703 1341 777 1384 οῦκ
812 1340 939 1397 ἀρέσῃ
969 1344 1027 1398 τῷ
1061 1341 1206 1398 δικαίῳ
1233 1341 1350 1383 οὐδὲν
1381 1339 1535 1382 ἄδικον.
1606 1339 1705 1383 ὅθεν

217 1411 265 1454 οὗ
287 1413 354 1453 δεῖ
369 1409 569 1453 πιστεύειν
592 1409 647 1461 ὥς
666 1410 779 1465 ἔτυχε
800 1416 885 1460 τοῖς
904 1413 1200 1466 κατηγοροῦσιν
1221 1409 1396 1467 ἀκρίτως
1418 1411 1486 1453 καὶ
1505 1410 1706 1463 ἀβασανί-

217 1498 338 1531 στως.
408 1482 581 1537 ἐγχωρεῖ
603 1479 683 1538 γάρ
712 1498 825 1531 τινας
853 1481 921 1522 καὶ
954 1480 1022 1521 διὰ
1053 1481 1172 1534 ζῆλον
1203 1479 1230 1534 ἢ
1267 1478 1429 1538 φθόνον
1462 1478 1568 1522 κατά
1599 1497 1708 1530 τινος

219 1551 401 1607 ἀδελφοῦ
431 1549 712 1604 ἐνστήσασθαι
732 1551 1033 1606 ψευδηγορίαν,
1071 1547 1127 1599 ὡς
1156 1549 1194 1591 οἳ
1218 1548 1291 1592 δύο
1313 1548 1582 1606 πρεσβύτεροι
1602 1549 1709 1592 κατὰ

166 1623 197 1657 C
225 1619 447 1674 Σωσάννης
468 1622 534 1662 καὶ
558 1618 583 1674 ἦ
603 1606 814 1675 Αἰγυπτία
838 1621 900 1661 ἐπὶ
925 1623 1000 1662 τοῦ
1023 1617 1193 1675 Ἰωσήφ.
1264 1619 1314 1662 σὺ
1337 1614 1408 1662 οὖν
1438 1617 1494 1670 ὡς
1512 1623 1616 1662 θεοῦ
1635 1618 1742 1666 εἴν-Ξ

223 1693 396 1747 θρωπος
419 1688 470 1739 τᾴ
492 1693 663 1731 τοιαῦτα
682 1689 740 1744 μὴ
761 1690 986 1746 προχείρως
1008 1689 1267 1746 παραδέχου,
1311 1691 1379 1732 καὶ
1395 1688 1462 1744 μὴ,
1477 1689 1621 1745 ἀνέλῃς
1640 1688 1710 1732 τὸν

226 1760 372 1801 ἀθῶον
380 1790 392 1810 ,
429 1759 497 1800 καὶ
527 1758 586 1812 μὴ
623 1760 859 1815 ἀποκτείνῃς
884 1758 956 1801 τὸν
976 1759 1144 1808 δίκαιον,
1182 1759 1276 1801 οὐδὲ
1297 1757 1414 1814 λήψῃ
1435 1761 1550 1815 δῶρα
1568 1758 1711 1813 ψυχὴν

224 1826 426 1879 πατάξαι·
451 1828 505 1870 τὰ
516 1828 603 1885 γὰρ
623 1829 737 1885 δῶρα
754 1829 1025 1884 ἐκτυφλοῦσιν
1041 1827 1293 1884 ὀφθαλμοὺς
1313 1831 1455 1886 σοφῶν
1474 1830 1542 1870 καὶ
1562 1829 1711 1882 λυμαί-

224 2004 436 2040 liberatione
462 2001 610 2039 crimina
631 2003 836 2050 explorare,
872 2017 988 2051 neque
1011 2007 1144 2040 temere
1168 2005 1435 2041 accusatoribus
1462 2005 1627 2050 credere,
1655 2008 1713 2041 ut-

224 2063 363 2097 cunque
385 2052 412 2086 ii
438 2052 510 2086 fide
534 2051 634 2096 digni
658 2051 862 2086 habeantur.
910 2052 948 2086 in
971 2064 1074 2098 quam
1098 2053 1310 2087 sententiam
1332 2053 1548 2087 Nicodemus
1573 2063 1714 2098 quoque

225 2099 377 2134 iniustos
409 2099 561 2133 Iudaeos
593 2098 752 2142 graviter
786 2098 970 2144 obiurgat,
1000 2100 1166 2145 inquiens
1192 2100 1316 2143 (Ioan.
1337 2100 1395 2143 7)·
1406 2095 1592 2134 “numnam
1616 2099 1714 2144 leges

225 2151 369 2181 vestrae
394 2145 546 2191 aliquem
572 2143 707 2179 indicta
731 2156 840 2179 causa
864 2152 901 2180 et
923 2157 994 2180 non
1019 2147 1204 2191 explorata
1227 2158 1268 2180 re
1291 2142 1506 2180 damnant2”
1554 2145 1716 2180 nimirum

226 2198 263 2234 et
282 2193 425 2238 profani
448 2191 649 2238 philosophi
670 2191 762 2225 idem
785 2193 975 2239 perspicue
999 2193 1148 2236 docent,
1180 2193 1231 2226 ita
1255 2193 1536 2239 praecipientes:
1572 2192 1604 2226 si
1632 2204 1716 2232 cau-

226 2251 300 2275 sam
326 2239 570 2274 controversia
593 2238 791 2283 disceptat,
825 2240 1075 2284 suspendatur.
1123 2239 1155 2274 si
1179 2239 1366 2283 iudicium,
1398 2239 1629 2284 probationes
1653 2250 1715 2273 ex-

225 2286 423 2332 plorentur.
470 2285 502 2320 si
524 2285 770 2331 quaestiones,
795 2285 833 2319 id
860 2287 954 2331 quod
978 2297 1126 2332 aequum
1152 2292 1208 2320 est
1229 2286 1515 2332 praescribatur,
1547 2285 1717 2320 terminus

225 2333 438 2376 definiatur,
464 2333 599 2378 scripta
621 2336 700 2366 rata
723 2331 817 2374 sint3
852 2343 943 2377 quae
967 2333 1057 2381 scita
1081 2337 1186 2377 sunt,
1212 2344 1255 2366 ea
1277 2332 1373 2367 facto
1395 2332 1619 2377 impleantur.
1667 2332 1720 2366 ita

226 2380 339 2414 omnis
362 2379 508 2413 tollatur
533 2378 726 2423 contentio,
749 2390 942 2424 rursusque
966 2379 1122 2414 amicitia
1144 2378 1316 2414 obtineat.
1353 2384 1426 2413 tum
1451 2378 1489 2412 in
1514 2378 1720 2423 apostolicis

226 2426 542 2460 constitutionibus
567 2425 723 2468 divinum
748 2427 896 2460 verbum
919 2425 972 2460 sic
996 2427 1150 2461 mandat.
1200 2426 1307 2460 iudex
1335 2430 1412 2459 esto
1435 2436 1568 2459 vacuus
1591 2437 1718 2470 perso-

227 2484 349 2507 narum
370 2472 627 2519 reputationis,
663 2471 723 2518 qui
759 2484 874 2518 neque
906 2473 1052 2507 divitem
1083 2478 1291 2507 revereatur
1322 2477 1385 2506 aut
1411 2471 1574 2505 aduletur
1605 2483 1718 2517 aequo

228 2519 396 2564 amplius,
432 2530 546 2564 neque
580 2518 730 2567 pauperi
762 2524 897 2564 parcat.
948 2521 1116 2565 scriptum
1149 2525 1205 2554 est
1237 2518 1349 2553 enimt
1382 2529 1453 2552 non
1477 2518 1649 2563 respicies
1674 2518 1720 2552 ad

228 2566 386 2610 potentis
412 2566 642 2610 dignitatem,
682 2577 799 2610 neque
824 2565 1048 2601 misereberis
1074 2577 1266 2612 pauperem
1289 2564 1326 2599 in
1350 2564 1496 2599 iudicio.
1540 2565 1604 2603 ,dei
1629 2565 1720 2599 enim

230 2612 398 2646 iudicium
430 2613 523 2647 iuste
555 2611 725 2646 iustitiam
760 2617 1014 2658 persequetur3
1060 2624 1175 2658 neque
1207 2612 1302 2646 iusto
1338 2613 1524 2656 quicquam
1554 2611 1719 2646 iniustum

233 2659 455 2703 probabitur.
505 2670 575 2692 non
607 2670 692 2703 ergo
726 2658 853 2694 leviter
888 2660 1099 2694 credendum
1133 2663 1187 2694 est
1209 2658 1393 2704 quibusvis
1418 2657 1721 2692 criminationibus

235 2716 275 2738 re
299 2717 368 2738 non
393 2705 590 2751 explorata.
624 2705 705 2739 fieri
725 2706 816 2740 enim
841 2710 961 2751 potest
987 2711 1026 2740 ut
1053 2705 1134 2740 odio
1159 2710 1219 2740 aut
1243 2704 1380 2739 invidia
1403 2704 1530 2750 aliquis
1554 2703 1722 2750 impulsus

236 2751 383 2784 fratrem
406 2752 497 2786 falso
523 2751 739 2796 criminetur,
766 2752 860 2786 sicut
883 2752 1080 2787 Susannam
1105 2753 1173 2787 duo
1197 2754 1366 2786 seneset
1387 2752 1468 2786 Iose
1495 2751 1575 2784 hum
1599 2752 1723 2795 Aegy-

237 2796 313 2851 ptia
335 2796 472 2833 mulier.
521 2803 561 2832 tu
585 2809 690 2843 ergo,
724 2799 827 2833 homo
850 2798 927 2842 dei,
962 2798 1162 2834 huiusmodi
1185 2810 1231 2833 ne
1253 2803 1415 2844 prompte
1437 2809 1459 2832 a
1485 2796 1643 2841 miseris,
1679 2809 1723 2830 ne

236 2848 412 2877 msontem
446 2845 585 2879 occidas
619 2850 656 2879 et
685 2845 882 2885 interficias
911 2846 1055 2883 iustum.
1105 2856 1220 2890 neque
1252 2844 1366 2879 donis*
1385 2849 1422 2879 te
1453 2844 1499 2878 ad
1530 2843 1724 2878 necandum

238 2889 415 2935 corrumpi
439 2890 556 2925 sinas:
585 2903 664 2926 nam
686 2903 831 2927 munera
854 2897 1045 2932 excaecant
1067 2891 1186 2929 oculos
1209 2891 1395 2938 iustorum,
1419 2896 1458 2926 et
1480 2889 1566 2925 iusti
1589 2901 1724 2924 sermo-
