1742 3184
256 193 356 244 224
660 240 663 242 .
734 197 974 244 GEORGH
989 243 991 246 ,
1008 197 1252 244 CEDRENI

197 329 230 366 D
254 313 365 374 αὐτῷ
376 347 390 368 ,
425 313 530 371 πλὴν
556 312 644 367 ἑνὸς
664 312 710 358 ὃν
726 312 1025 372 χειροκοπήσας
1043 314 1211 372 ἄγγελον
1231 313 1386 373 έπεμψε
1408 311 1613 376 Πριάμῳ·
1649 317 1725 360 αὗ-

248 384 319 436 τός
350 386 394 428 δὲ
424 385 470 427 τὸ
503 389 624 439 σῶμα
653 390 726 428 τοῦ
761 384 962 442 ’Έκτορος
995 387 1143 443 δίφρου
1178 386 1407 444 ἕξηρτηκώς
1435 387 1612 449 μηδενὸς
1641 393 1724 431 τῶν

244 452 456 510 εΕλλήνων
474 453 637 511 γνόντος
660 457 715 506 εἷς
735 454 808 510 τὴν
830 455 956 497 αὐτοῦ
982 455 1132 510 σκηνὴν
1151 455 1236 512 ἄγει
1258 456 1337 513 πρὸ
1361 455 1516 512 ἡμέρας
1537 449 1723 499 καταικι-

247 525 364 567 σθέν.
435 522 455 566 ὁ
476 526 519 566 δὲ
538 525 732 582 Πρίαμος
751 528 803 581 τῇ
822 522 914 578 ἑξῆς
934 529 1073 580 σχῆμα
1093 525 1292 580 πένθιμον
1312 526 1589 583 περιθέμενος,
1613 543 1721 584 χρυ-

246 592 320 636 σόν
337 611 378 636 τε
397 595 465 636 καὶ
483 593 658 651 ἄργυρον
677 596 743 636 καὶ
764 595 923 648 ἐσθῆτα
944 598 1143 650 πολυτελῆ
1164 593 1316 650 λαβών,
1346 596 1485 650 λαβὼν
1506 596 1630 638 δὲκαὶ
1645 596 1742 651 τὴνε

243 664 456 720 θυγατέρα
477 665 715 719 Πολυξένην
744 663 876 718 εὐειδῆ
897 665 1104 717 παρθένον
1134 666 1202 707 καὶ
1224 663 1522 723 Ἀνδρομάχην
1549 671 1719 721 γυναῖκα

239 731 536 776 Ἀστυάνακτά
557 751 599 776 τε
619 735 686 775 καὶ
709 733 987 787 Λαομέδοντα
1005 735 1173 788 νηπίους
1192 734 1319 790 αὐτῆς
1338 737 1501 786 παῖδας,
1535 729 1607 790 ἧκε
1622 738 1718 777 τολ-

241 802 378 858 μήσας
399 805 454 854 εἷς
474 803 599 857 μέσον
619 807 700 846 τῶν
720 800 927 859 ἡγεμόνων
947 808 1028 845 τῶν
1043 801 1273 860 εΕλλήνων,
1310 806 1378 847 καὶ
1395 803 1551 855 πάντας
1570 804 1717 847 ἱκέτευε

241 871 632 928 προκυλινδούμενος
655 872 788 924 ἱκέτας
818 872 893 915 σὺν
924 874 1036 931 αὐτῷ
1067 874 1170 931 πρὸς
1191 874 1393 928 ’ᾼχιλλέα
1422 874 1613 931 γενέσθαι
1643 877 1717 916 τοῦ

242 940 621 999 ἄπολυτρώσασθαι
645 943 691 986 τὸ
715 947 835 997 σῶμα
857 946 931 985 τοῦ
943 941 1157 1000 ’Έκτορος
1226 946 1299 986 καί
1317 961 1361 999 γε
1384 943 1632 1002 ᾠκτεῖρησαν
1649 944 1742 985 ἓκ-1

95 1016 124 1051 Ρ
150 1018 215 1055 128
239 1013 455 1068 πλαγέντες
473 1012 546 1067 τὴν
568 1010 723 1067 τόλμαν
740 1016 815 1055 τοῦ
832 1013 1019 1070 γέροντος
1035 1013 1207 1071 Νέστωρ
1226 1015 1292 1056 καὶ
1310 1012 1562 1068 Ἰδομενεύς·
1591 1012 1636 1055 οἳ
1648 1014 1716 1055 καὶ

235 1079 553 1138 προεσελθόντες
571 1080 769 1139 Πριάμου
796 1084 851 1133 εἷς
879 1083 953 1136 τὴν
975 1083 1125 1138 σκηνὴν
1146 1081 1414 1138 ἕδυσώπησαν
1431 1084 1499 1126 καὶ
1519 1083 1715 1139 Πρίαμον

236 1152 446 1194 εἰσελθεῖν.
494 1151 540 1202 ὃς
560 1149 670 1194 κόνιν
689 1151 795 1194 κατὰ
814 1156 994 1209 κεφαλῆς
1015 1152 1115 1207 ἔχων
1136 1151 1224 1207 ἅμα
1239 1150 1516 1209 Ἀνδρομάχῃ
1541 1153 1608 1194 καὶ
1629 1158 1714 1202 τοῖς

232 1222 386 1274 παισίν,
422 1221 485 1263 ἐπὶ
508 1220 727 1279 πρόσωπον
748 1219 935 1272 πεσόντες
954 1224 1009 1272 εἷς
1030 1221 1261 1280 τοῦδαφος,
1291 1220 1487 1278 μεγάλαις
1505 1219 1713 1276 κατεβόων

232 1291 536 1348 οἷκτειρηθῆναι
558 1298 727 1349 φωναῖς.
772 1292 985 1346 Πολυξένη
1009 1292 1053 1334 δὲ
1070 1298 1154 1343 τοῖς
1170 1292 1401 1346 Ἀχιλλέως
1421 1295 1710 1348 περιπλακεῖσα
1723 1297 1742 1332 1

228 1362 325 1402 ποσὶ
349 1363 440 1418 περὶ
467 1365 542 1404 τοῦ
573 1360 754 1418 ἀδελφοῦ
783 1360 909 1415 αὐτῆς
928 1360 1130 1419 ’Έκτορος
1161 1360 1373 1417 διωλύγιον
1398 1361 1542 1403 ἱκέτευε
1565 1378 1712 1417 κεκρα-

228 1435 345 1485 γυῖα,
375 1430 507 1485 μένειν
526 1448 569 1473 τε
590 1430 664 1474 σὺν
687 1431 800 1488 αὐτῷ
818 1432 885 1472 καὶ
906 1429 1108 1474 δουλεύειν
1130 1431 1473 1487 ἐπαγγελλομένη,
1514 1432 1549 1473 εἴ
1568 1430 1711 1489 ἀποδῷ

225 1498 296 1541 τὸν
318 1498 472 1556 νεκρόν.
543 1500 581 1543 οἳ
611 1501 655 1543 δὲ
684 1502 776 1557 περὶ
804 1500 875 1543 τὸν
895 1501 1101 1556 Νέστορα,
1137 1502 1327 1557 οἳκτεῖραι
1352 1500 1398 1544 τὸ
1421 1504 1550 1556 γῆρας
1571 1500 1710 1555 ἠξίουν

226 1570 294 1610 καὶ
321 1570 455 1612 ε’λεεῖν.
526 1571 593 1612 καὶ
623 1573 785 1612 πολλῶν
816 1571 858 1620 ἐξ
888 1569 1131 1627 ἀμφοτέρων
1161 1570 1407 1624 κινηθέντων
1436 1568 1566 1625 λόγων
1596 1568 1709 1625 ὅμως

226 1638 409 1680 ἐπένευσε
430 1637 558 1696 λύτρα
581 1642 720 1693 λαβεῖν
742 1640 809 1681 καὶ
828 1638 898 1681 τὸν
920 1639 1060 1696 νεκρὸν
1083 1646 1169 1690 τοῖς
1190 1640 1307 1690 ἰδίοις
1329 1645 1599 1695 παραχωρεῖν.
1634 1640 1704 1682 τὸν
1715 1645 1742 1680 2«

172 1715 202 1750 B
222 1707 379 1765 χρυσὸν
398 1702 470 1750 οὖν
483 1710 550 1750 καὶ
573 1708 643 1751 τὸν
660 1707 840 1766 ἄργυρον
858 1710 927 1750 καὶ
944 1712 1017 1751 τοῦ
1037 1709 1260 1763 ἱματισμοῦ
1275 1709 1400 1767 μέρος
1417 1707 1557 1762 λαβὼν
1572 1702 1705 1752 τᾶλλα

221 1775 431 1834 χαρίζεται
451 1781 501 1833 τῇ
520 1778 747 1834 Πολυξένῃ.
816 1779 1011 1836 Πριάμος
1030 1779 1074 1821 δὲ
1091 1780 1159 1822 καὶ
1177 1778 1304 1833 αὐτὴν
1324 1778 1427 1836 παρ’
1451 1778 1564 1837 αὐτῷ
1584 1796 1704 1822 κατε-

224 1845 387 1905 λιπάρει
407 1850 554 1890 λιπεῖν·
591 1845 612 1890 ὄ
635 1847 680 1890 δὲ
703 1849 758 1898 εἲς
778 1846 903 1890 ἄλλον
923 1852 1041 1891 τοῦτο
1062 1850 1164 1907 δρᾶν
1181 1846 1375 1903 ὑπέσχετο
1399 1847 1555 1906 καιρόν.
1617 1846 1638 1891 ὃ
1660 1848 1706 1892 δέ

222 1978 337 2026 ipsum
358 1981 480 2025 modo,
511 1980 575 2016 sed
601 1983 637 2016 et
660 1992 778 2015 omnes
803 1980 864 2027 qui
888 1980 921 2015 ei
946 1980 1109 2026 aderant,
1133 1992 1202 2016 uno
1221 1982 1381 2028 dempto,
1405 1992 1507 2027 quem
1530 1981 1701 2028 praecisis

222 2027 382 2062 manibus
405 2028 545 2062 Priamo
570 2027 679 2062 cladis
703 2027 859 2062 nuntium
881 2027 1001 2062 mittit.
1048 2028 1126 2074 ipse
1150 2041 1277 2075 corpus
1301 2028 1470 2064 Hectoris
1494 2029 1612 2064 currui
1634 2043 1701 2076 ap-

220 2084 368 2119 pensum
389 2080 637 2120 raptatumque
661 2079 744 2109 ante
766 2074 876 2109 lucem
899 2074 936 2109 in
959 2086 1056 2109 suum
1081 2075 1288 2120 tentorium,
1323 2075 1460 2110 nemine
1484 2077 1703 2111 Graecorum

221 2120 370 2166 sciente,
394 2122 543 2167 perfert.
581 2121 756 2167 postridie
778 2121 937 2164 Priamus
961 2121 1083 2156 habitu
1106 2122 1247 2167 lugubri
1270 2127 1421 2168 sumpto,
1446 2134 1564 2157 secum
1581 2124 1701 2158 ferens

220 2177 342 2201 aurum
366 2172 549 2212 argentum
572 2180 613 2202 ac
632 2167 808 2214 pretiosas
830 2172 971 2212 vestes,
996 2169 1128 2203 ducens
1148 2168 1252 2203 etiam
1273 2181 1390 2204 secum
1413 2169 1520 2204 filiam
1543 2169 1701 2214 Polyxe-

215 2224 317 2258 nam,
342 2214 531 2249 formosam
556 2215 749 2260 virginem,
775 2219 811 2249 et
833 2215 1109 2250 Andromacham
1132 2215 1298 2250 Hectoris
1324 2227 1487 2261 uxorem,
1511 2217 1700 2262 parvulos-

215 2271 285 2304 que
310 2260 385 2295 eius
407 2261 535 2296 filiolos
557 2263 806 2307 Astyanactem
832 2266 868 2295 et
885 2260 1179 2306 Laomedontem,
1218 2274 1323 2297 ausus
1355 2268 1411 2298 est
1442 2263 1535 2298 inter
1564 2263 1699 2299 medios

216 2307 435 2342 Graecorum
453 2307 633 2354 principes
654 2320 693 2343 se
714 2308 877 2353 ingerere
891 2334 900 2352 ‚
926 2320 1057 2353 eosque
1076 2309 1225 2356 supplex
1250 2321 1352 2345 orare
1375 2309 1429 2343 uti
1451 2321 1515 2356 pro
1541 2321 1580 2345 se
1604 2310 1698 2357 apud

214 2352 385 2389 Achillem
411 2356 660 2401 deprecatores
683 2355 828 2399 fierent,
856 2361 892 2389 ut
917 2354 948 2389 is
973 2355 1140 2390 Hectoris
1165 2367 1292 2402 corpus
1316 2355 1556 2391 redimendum
1580 2357 1696 2392 daret.

213 2399 349 2434 miserti
372 2408 454 2436 sunt
479 2402 588 2446 senis,
612 2413 688 2436 cum
707 2406 852 2448 stupore
871 2401 1032 2436 admirati
1050 2403 1242 2446 audaciam,
1269 2403 1402 2437 Nestor
1418 2407 1454 2439 et
1467 2403 1697 2445 Idomeneus3

212 2457 255 2480 ac
285 2447 424 2492 priores
456 2447 528 2495 ipsi
557 2449 595 2483 in
617 2447 763 2483 Achillis
796 2448 949 2493 ingressi
980 2450 1170 2483 tentorium
1202 2449 1432 2484 obtinuerunt
1461 2454 1500 2483 ut
1521 2450 1697 2484 Priamum

212 2493 427 2529 admitteret.
475 2495 635 2530 Priamus
660 2495 777 2541 capite
801 2495 947 2540 pulvere
973 2507 1175 2541 consperso,
1197 2507 1338 2542 unaque
1354 2496 1598 2531 Andromacha
1621 2508 1698 2533 cum

212 2537 347 2583 liberis,
375 2541 479 2586 proni
503 2542 539 2576 in
560 2547 690 2576 terram
715 2543 980 2587 procubuerunt
1002 2543 1349 2587 misericordiamque
1367 2553 1494 2587 magna
1516 2543 1696 2578 vocifera-

213 2583 311 2619 tione
334 2587 599 2631 flagitaverunt.
648 2594 686 2623 at
711 2587 895 2633 Polyxena
915 2588 1060 2623 Achillis
1086 2590 1196 2635 pedes
1224 2588 1385 2635 amplexa
1413 2601 1476 2634 pro
1498 2589 1610 2626 fratre
1631 2601 1696 2624 suo

213 2628 371 2666 Hectore
389 2634 460 2668 alta
483 2647 571 2669 voce
595 2635 732 2681 prolixe
751 2630 940 2681 deprecata
959 2642 1024 2679 est,
1050 2636 1219 2681 pollicens
1243 2648 1282 2670 se
1299 2634 1457 2679 Achillis,
1481 2635 1513 2669 si
1536 2636 1568 2671 is
1588 2636 1696 2671 cada-

213 2687 279 2710 ver
301 2677 465 2714 Hectoris
484 2683 672 2728 redderet,
705 2693 842 2717 servam
864 2693 1101 2717 remansuram
1128 2683 1165 2718 in
1191 2682 1329 2718 castris.
1377 2682 1512 2718 Nestor
1535 2682 1698 2718 misereri

215 2725 407 2760 senectutis
430 2727 648 2763 hortabatur.
697 2728 812 2763 multis
836 2727 928 2763 ultro
950 2728 1109 2774 citroque
1133 2728 1351 2764 commutatis
1373 2728 1494 2763 verbis
1508 2755 1518 2773 ,
1553 2729 1694 2764 tandem

214 2767 368 2822 Achilles
395 2774 510 2817 pretio
534 2768 788 2822 redemptionis
810 2779 955 2821 accepto
979 2787 1018 2810 se
1042 2777 1194 2811 cadaver
1218 2774 1292 2810 suis
1314 2774 1531 2810 redditurum
1555 2775 1693 2810 annuit.

215 2821 355 2861 acceplt
388 2824 504 2854 autem
537 2833 659 2857 aurum
692 2826 874 2867 argentum
899 2826 935 2856 et
956 2823 1108 2857 vestium
1131 2826 1285 2869 partem:
1322 2821 1461 2866 reliqua
1486 2821 1693 2866 Polyxenae

212 2861 374 2914 donavit.
420 2864 559 2901 Priamo
595 2874 745 2914 urgente
779 2873 819 2903 ut
845 2868 998 2903 Achilles
1033 2869 1122 2906 hanc
1161 2879 1278 2904 secum
1319 2879 1461 2902 manere
1495 2872 1691 2913 pateretur,

160 2936 165 2942 .
211 2906 364 2943 Achilles
388 2908 425 2944 in
448 2922 617 2958 praesens
642 2927 717 2953 eam
746 2915 902 2953 retinete
931 2915 1055 2963 noluit,
1093 2915 1162 2953 alio
1187 2927 1227 2953 se
1249 2921 1476 2962 recepturum
1499 2925 1576 2951 eam
1599 2919 1688 2952 tem-
