1742 3184
406 169 814 219 mSTomARmu
846 172 1246 227 GOMPENDIUM.
1468 185 1567 232 515

80 280 281 339 πολλοῦς,
315 285 385 328 καὶ
411 284 488 342 τὴν
517 286 674 344 αἵρεσιν
701 288 1022 347 ἓξαρνουμένους
1049 287 1166 335 τόνδε
1196 291 1269 336 τὸν
1297 291 1450 353 τρόπον
1474 298 1567 356 διή-

80 357 229 410 λεγξεν.
297 355 496 410 ἐπίσημον
512 354 592 414 γάρ
610 374 702 400 τινα
723 358 828 416 παρ’
856 358 996 410 αὖτοῖς
1012 360 1183 420 γέροντα
1202 366 1458 421 παραλαβὼν
1476 368 1563 412 κατ’

82 424 191 466 ἰδίαν
211 423 291 482 ἔφη
309 425 415 482 πρὸς
437 426 562 469 αι’·τόν
582 426 685 481 μετὰ
705 430 956 486 πανουργίας
977 427 1125 486 “ἦμεΐ’ς
1147 432 1235 487 με’ν,
1283 428 1318 476 ὦ
1339 441 1564 492 πρεσβῦτα,

78 492 151 535 τὸν
169 494 294 535 πλείω
315 493 560 548 βεβιωκότες
575 497 670 550 βίον
690 497 976 557 ἀκριβέστερον
994 502 1062 543 καὶ
1082 500 1158 557 τὴν
1181 501 1443 560 ἀνθρωπείαν
1462 505 1565 561 ἐμά-

43 566 214 617 6θομεν
243 561 370 620 φύσιν
394 566 463 607 καὶ
489 564 541 607 τὰ
571 569 653 608 τῶν
684 565 918 611 ἀντιπάλων
947 567 1156 624 δαιμόνων
1183 570 1360 627 ἔγνωμεν
1381 568 1426 617 εὖ
1443 575 1559 630 μάλα
1581 593 1613 628 B

76 628 378 687 μηχανήματα,
414 635 534 694 πείρᾳ
565 635 611 677 δὲ
641 637 709 677 καὶ
738 636 813 692 τὴν
843 642 919 693 τῆς
943 636 1115 695 χάριτος
1140 639 1419 698 ἐδιδάχθημεν
1432 661 1566 702 χορη-

76 702 182 758 γίαν.
217 695 331 744 οὗτοι
353 702 399 745 δὲ
416 703 497 746 νέοι
519 702 654 757 ὄντες,
681 706 750 747 καὶ
771 704 927 750 τούτων
949 708 1132 765 ἀκριβῶς
1155 710 1273 754 οὐδὲν
1291 711 1565 768 ἐπιστάμενοι,

74 772 462 829 πνευματικωτέρων
489 771 621 829 λόγων
651 774 825 818 ἀκοῦσαι
855 776 903 818 οὗ
925 777 1135 835 φέρουσιν.
1205 780 1352 824 οὐκοῦν
1373 784 1460 826 εἶπέ
1478 801 1565 838 μοι,

74 845 163 891 πῶς
195 841 301 899 φατὲ
332 843 401 884 καὶ
431 841 477 884 τὸ
513 843 693 887 ἐναντίον
725 850 886 901 πνεῦμα
913 845 1140 904 ὑποχωρεῖν
1167 851 1236 891 καὶ
1265 855 1338 892 τοῦ
1364 855 1563 909 παναγίου

19 919 65 957 10
75 908 307 964 πνεύματος
335 911 411 966 τὴν
435 909 561 968 χάριν
589 913 804 970 ἐπιφοιτᾶν
835 914 905 957 διὰ
929 921 1003 971 τῆς
1021 915 1223 976 ὖμετίρας
1244 919 1368 975 εὐχῆς
1387 923 1455 963 καὶ
1477 923 1566 965 ἔπι-

72 978 358 1035 τηδεύσεως,·”
405 977 427 1023 ὃ
461 982 506 1024 δὲ
534 989 619 1033 τοῖς
658 982 794 1039 λόγοις
833 982 995 1036 τούτοις
1036 990 1339 1043 καταθελχθεὶς
1375 988 1566 1044 ἐξήμεσεν

73 1047 236 1092 ἅπαντα
261 1049 334 1092 τὸν
364 1052 640 1107 κεκρυμμένον
673 1053 736 1095 ῗὸν
756 1054 825 1095 καὶ
847 1053 1144 1113 ψυχοφθόρον,
1181 1058 1249 1099 καὶ
1270 1059 1395 1114 φησίν
1413 1056 1564 1103 “οὖδε-

70 1119 170 1174 μιάν
188 1119 264 1173 μὲν
285 1119 328 1161 ἐκ
351 1123 427 1162 τοῦ
437 1122 724 1175 βαπτίσματος
737 1121 854 1177 ἴσμεν
866 1123 1066 1180 ὠφέλειαν
1079 1132 1165 1176 τοῖς
1185 1125 1437 1182 ἀξιουμένοις
1457 1129 1563 1186 ἐγγί-

70 1191 241 1240 νεσθαι,
275 1186 406 1244 μόνην
429 1190 474 1232 δὲ
495 1189 571 1245 τὴν
592 1192 822 1234 σπουδαίαν
839 1192 961 1247 εὐχὴν
980 1193 1052 1236 τὸν
1074 1193 1226 1238 ἴνοικον
1244 1197 1312 1238 καὶ
1334 1213 1562 1241 συνουσιω-

15 1263 60 1301 15
70 1258 195 1312 μένον
219 1259 396 1312 δαίμονα
418 1257 656 1309 ἐξελαύνειν.
727 1260 830 1303 ἕλκει
853 1261 932 1318 γὰρ
956 1262 1126 1306 ἕκαστον
1146 1268 1229 1306 τῶν
1248 1267 1493 1320 τικτομένων
1513 1269 1557 1310 ἐκ
1580 1285 1612 1320 (2

69 1332 143 1370 τοῦ
163 1326 425 1385 προπάτορος
447 1326 584 1386 ὥσπερ
608 1329 683 1384 τὴν
702 1328 840 1386 φύσιν,
864 1329 971 1373 οὕτω
995 1332 1046 1387 δὴ
1067 1334 1135 1375 καὶ
1155 1333 1229 1388 τὴν
1248 1337 1331 1377 τῶν
1353 1333 1560 1390 δαιμόνων

69 1398 270 1448 δουλείαν,
300 1391 357 1439 ὧν
375 1394 455 1439 ὖπό
477 1402 551 1452 τῆς
568 1400 799 1450 σπουδαίας
821 1399 941 1454 εὐχῆς
962 1400 1240 1456 ἐλαυνομένων
1260 1404 1452 1465 ἐπιφοιτᾷ
1471 1409 1560 1448 λοι-

67 1465 145 1508 πὸν
162 1466 209 1509 τὸ
229 1465 347 1522 ἅγιον
364 1471 524 1521 πνεῦμα
547 1465 709 1524 ὁρατῶς
729 1470 798 1511 καὶ
819 1470 1032 1524 αἰσθητῶς
1041 1501 1055 1522 ,
1100 1473 1169 1513 καὶ
1189 1470 1264 1527 τὴν
1282 1473 1432 1515 οῗκειάν
1447 1492 1560 1531 παρ-

67 1536 210 1579 ουσίαν
240 1535 512 1594 φανερώτατα
535 1544 749 1592 σημαῖνον,
792 1538 839 1580 τὸ
869 1539 944 1593 μὲν
972 1543 1095 1593 σῶμα
1116 1545 1189 1595 τῆς
1209 1542 1426 1595 ἒμπαθοῦς
1446 1542 1560 1599 κινή-

9 1613 171 1656 Ξοσεως
200 1605 489 1662 ἐλευθεροῦται
514 1610 741 1660 παντελῶς,
777 1605 804 1663 ἦ
826 1608 871 1650 δὲ
893 1607 1012 1663 ψυχὴ
1034 1612 1110 1664 τῆς
1127 1610 1191 1651 ἐπὶ
1212 1610 1266 1653 τὰ
1282 1611 1408 1669 χείρω
1430 1611 1559 1670 ῥοπῆς

65 1674 202 1718 τέλεον
233 1672 555 1727 ἀπαλλάττεται,
603 1674 661 1727 ὡς
690 1677 834 1732 μηκέτι
868 1678 1034 1720 δεῖσθαι
1067 1679 1210 1721 λοιπὸν
1239 1678 1344 1734 μήτε
1373 1683 1560 1736 νηστείας

64 1742 281 1800 πιεζοόσης
294 1743 352 1787 »τὸ
385 1749 507 1799 σῶμα
536 1743 641 1801 μήτε
673 1747 944 1797 διδασκαλίας
958 1745 1210 1803 χαλινοόσης
1231 1749 1307 1804 τὴν
1324 1751 1467 1805 ψυχὴν
1487 1752 1559 1793 καὶ

63 1813 138 1858 τὸν
157 1818 254 1858 νοῦν
274 1812 357 1857 ἀπὸ
376 1812 512 1871 πάσης
532 1815 731 1874 ἐνεργείας
748 1820 932 1874 πονηρᾶς
949 1818 1018 1859 καὶ
1037 1816 1318 1874 ἐνθυμήσεως.
1359 1819 1408 1861 οὗ
1428 1818 1557 1874 μόνον

61 1990 253 2027 monachos
278 1992 531 2038 congregavit3
565 2003 714 2039 cumque
743 1992 770 2028 ii
803 2005 843 2029 se
873 1993 911 2029 in
944 2005 986 2030 ea
1011 2006 1090 2030 esse
1112 1993 1255 2030 haeresi
1277 1999 1472 2042 negarent,
1502 1998 1555 2033 ita

62 2050 124 2073 eos
149 2038 323 2082 coarguit.
372 2040 547 2084 quendam
571 2040 689 2086 magni
710 2040 805 2075 inter
828 2041 928 2087 ipsos
952 2041 1103 2076 nominis
1127 2053 1246 2077 senem
1271 2042 1419 2077 seorsim
1439 2045 1555 2079 abdu-

62 2090 156 2120 ctum
180 2089 298 2119 astute
316 2084 369 2119 sic
393 2085 631 2131 compellavit.
676 2083 778 2131 “nos‚
804 2099 825 2122 o
847 2100 957 2123 senex
971 2115 981 2134 ‚
1007 2088 1067 2133 qui
1091 2088 1224 2123 diutius
1247 2089 1422 2134 viximus,
1446 2101 1552 2125 accu-

59 2131 174 2166 ratius
198 2130 304 2166 etiam
329 2133 510 2166 humanam
536 2132 765 2178 cognovimus
788 2139 958 2179 naturam,
984 2139 1018 2169 et
1041 2134 1324 2169 adversariorum
1345 2136 1553 2172 daemonum

60 2178 242 2212 machinas
265 2178 446 2224 praeclare
470 2179 721 2224 comperimus:
751 2186 824 2215 tum
848 2180 1069 2226 experientia
1092 2180 1278 2215 didicimus
1301 2182 1452 2226 gratiam
1475 2183 1552 2228 spi-

59 2224 150 2259 ritus
175 2225 411 2270 suppeditari.
450 2225 512 2259 isti
535 2231 652 2260 autem
677 2226 918 2262 adolescentes
937 2227 1025 2262 nihil
1047 2227 1170 2261 horum
1196 2228 1356 2273 perfecte
1379 2227 1553 2264 habentes

59 2271 238 2316 cognitum
271 2271 375 2317 paulo
408 2271 668 2318 spiritualiores
701 2285 881 2308 sermones
914 2274 1038 2308 audire
1063 2285 1134 2308 non
1156 2274 1344 2308 sustinent.
1393 2275 1553 2310 edissere

59 2329 146 2362 ergo
171 2317 275 2361 mihi,
310 2319 485 2363 quomodo
517 2318 636 2353 dicitis
669 2320 857 2354 adversum
889 2320 1054 2365 spiritum
1079 2319 1210 2354 vestris
1243 2320 1411 2366 precibus
1443 2327 1552 2366 atque

59 2363 317 2399 exercitatione
348 2364 479 2410 depelli
510 2365 695 2411 sanctique
715 2366 863 2411 spiritus
887 2366 1034 2411 gratiam
1056 2363 1301 2401 introduci2”
1348 2366 1405 2400 his
1428 2367 1551 2402 verbis

58 2422 168 2445 senex
191 2411 366 2446 demulsus
391 2411 562 2445 occultum
588 2423 630 2446 ac
654 2413 779 2447 animis
801 2412 906 2447 letale
929 2423 1102 2446 venenum
1127 2423 1229 2446 omne
1253 2413 1423 2448 evomuit.
1446 2410 1551 2448 “nul-

58 2457 128 2491 lam
139 2453 162 2468 ”
194 2457 311 2503 inquit
343 2453 390 2492 “a
422 2457 600 2503 baptismo
634 2459 822 2494 utilitatem
855 2469 1037 2494 censemus
1068 2458 1246 2493 conferri=
1279 2458 1388 2494 solam
1421 2459 1550 2495 seriam

56 2503 299 2551 precationem
322 2505 444 2539 facere
468 2504 512 2538 ad
537 2505 741 2540 daemonem
765 2505 827 2552 qui
851 2506 887 2540 in
912 2504 1053 2539 homine
1082 2504 1260 2540 inhabitat
1287 2505 1436 2551 eiusque
1463 2507 1551 2541 sub-

57 2550 213 2585 stantiae
243 2550 362 2585 unitus
397 2555 471 2594 est,
506 2551 732 2595 abigendum.
791 2553 920 2586 etenim
944 2551 1062 2596 quivis
1085 2551 1188 2586 homo
1210 2563 1234 2585 a
1256 2551 1487 2606 progenitore
1509 2557 1550 2588 ut

57 2603 240 2640 naturam,
269 2597 323 2631 ita
346 2600 383 2631 et
407 2597 612 2632 daemonum
635 2598 842 2633 servitutem
866 2598 997 2640 trahit3
1031 2597 1159 2643 quibus
1183 2598 1412 2633 daemonibus
1434 2600 1549 2644 proba

55 2642 264 2689 precatione
289 2643 501 2690 profligatiS,
526 2650 600 2679 tum
623 2650 766 2679 sanctus
787 2645 922 2690 ingruit
946 2643 1105 2691 spiritus,
1129 2644 1181 2678 ita
1201 2644 1343 2690 quidem
1367 2650 1408 2679 ut
1430 2650 1467 2680 et
1485 2645 1545 2680 vi-

55 2690 135 2724 deri
157 2690 226 2725 hoc
250 2694 287 2724 et
309 2690 435 2725 sentiri
458 2691 585 2736 possit.
622 2702 702 2725 nam
725 2690 1011 2726 manifestissime
1034 2692 1225 2725 adventum
1249 2702 1349 2726 suum
1373 2691 1548 2737 indicans,

56 2747 187 2782 corpus
218 2742 315 2771 motu
340 2736 400 2782 qui
424 2737 469 2771 ab
494 2737 600 2771 animi
623 2738 951 2783 perturbationibus
977 2737 1216 2784 proficiscitur
1238 2748 1383 2783 prorsus
1406 2737 1551 2785 liberat,

56 2783 196 2818 animae
219 2788 337 2818 autem
363 2790 574 2827 momentum
598 2785 642 2819 ad
668 2784 849 2819 deteriora
873 2795 976 2818 omne
999 2783 1134 2827 eximit,
1162 2789 1203 2819 ut
1225 2795 1332 2830 porro
1354 2795 1471 2830 neque
1494 2785 1548 2820 ie-

56 2828 155 2863 iunio
180 2841 270 2876 opus
293 2830 342 2865 sit
362 2841 432 2876 quo
457 2842 587 2876 corpus
619 2830 826 2876 subigatur,
862 2841 979 2876 neque
1011 2830 1175 2865 doctrina
1205 2830 1353 2866 animam
1384 2832 1549 2866 frenante

56 2881 279 2925 mentemque
302 2877 350 2914 ab
377 2876 475 2914 omni
497 2877 589 2914 mala
611 2877 752 2915 actione
775 2888 819 2914 ac
841 2875 1059 2925 cogitatione
1078 2876 1275 2914 inhibente.
1322 2890 1440 2926 neque
1462 2890 1548 2914 vero
