1742 3184
227 148 328 202 414
588 191 590 194 Α
656 167 658 171 ·
702 150 946 196 ‚GEORGII
981 147 1223 195 CEDRENI

226 270 302 323 τὰς
321 268 472 321 θυσίας
492 268 724 321 ἐπετέλουν,
758 268 832 323 τὴν
851 266 1082 322 μέλλουσαν
1102 269 1279 322 παντελῆ
1297 262 1449 321 ταύτην
1471 265 1538 308 καὶ
1558 267 1696 308 τελευ-

226 342 345 387 ταίαν
373 338 578 398 ἐρήμωσιν
610 340 678 381 καὶ
711 338 785 393 τὴν
817 337 1020 394 ἀναίρεσιν
1050 341 1131 380 τῶν
1161 340 1322 379 θυσιῶν
1346 335 1551 392 προλέγων
1573 335 1696 391 φησίν

221 408 289 453 ιεεἷ
316 408 507 466 λήψομαι
541 410 584 451 ἐκ
614 413 694 450 τῶν
719 410 868 462 χειρῶν
895 404 1010 461 ὑμῶν
1039 407 1214 458 θυσιάν,
1249 406 1352 461 λέγει
1381 403 1520 461 κύριος
1545 420 1697 446 παντο-

227 477 406 538 κράτωρ.
475 477 537 521 ὅτι
567 477 646 519 ἀπὸ
677 477 885 519 ἀνατολῶν
912 474 1027 531 ἡλίου
1061 478 1129 519 καὶ
1157 475 1275 532 μέχρι
1309 477 1475 528 δυσμῶν
1496 473 1543 516 τὸ
1567 470 1697 528 ὄνομά

225 566 307 606 μου
348 545 589 598 δεδόξασται
630 548 671 588 ἐν
707 552 791 596 τοῖς
823 545 983 597 ἔθνεσι,
1031 547 1100 587 καὶ
1130 545 1170 587 ἐν
1203 546 1321 587 παντὶ
1356 541 1468 600 τόπῳ
1501 543 1729 597 θυμίαμα5

221 616 468 676 προσάγεται
501 620 559 674 τῷ
589 614 760 670 ὀνόματί
779 632 859 668 μου
879 616 948 658 καὶ
967 616 1097 658 θυσία
1117 612 1300 672 καθαρά.
1367 610 1481 666 ὑμεῖς
1505 613 1548 654 δὲ
1569 616 1698 667 βεβη-

222 692 341 731 λοῦτε
368 684 543 741 αὐτήν.”
616 684 712 728 πότε
741 680 812 727 οὖν
842 689 974 728 ταῦτα
1002 682 1286 741 πεπλήρωται,
1324 675 1357 724 ‹J›
1382 682 1594 732 Ἰουδαῖοι,
1630 683 1698 724 καὶ

169 765 201 801 Β
225 755 321 800 πότε
348 757 390 799 ἐν
418 756 536 798 παντὶ
564 753 675 813 τόπῳ
695 755 892 809 θυμιάμα
912 754 1172 812 προσηνέχθη
1195 757 1252 811 τῷ
1273 755 1361 810 θεῷ
1383 753 1450 794 καὶ
1470 751 1599 794 θυσία
1621 768 1698 792 κα-

220 824 363 884 θαρά;
406 825 479 868 οὖκ
499 822 548 866 ἂν
568 823 692 879 ἔχοιτε
718 825 837 867 εἶπεῖν
859 823 994 881 ἕτερον
1009 822 1152 881 καιρὸν
1171 821 1263 865 ἀλλ’
1289 820 1315 877 ἢ
1335 825 1477 863 τοῦτον
1499 820 1570 862 τὸν
1593 819 1697 875 μετὰ

222 896 298 951 τὴν
318 898 392 938 τοῦ
411 896 598 953 Χριστοῦ
622 894 862 949 παρουσίαν.
931 890 987 943 ῶς
1010 896 1044 935 εἷ
1062 892 1122 948 μὴ
1145 895 1288 935 τοῦτον
1310 890 1492 948 προλέγει
1512 888 1583 933 τὸν
1606 907 1696 931 και-
1709 896 1742 930 1(

225 964 320 1022 ρόν,
350 964 455 1019 μηδὲ
475 963 549 1019 τὴν
570 961 769 1021 ἡμετέραν
787 963 942 1006 θυσιάν
960 962 1068 1005 ἀλλὰ
1090 962 1163 1017 τὴν
1177 958 1423 1015 Ἰουδαΐκήν,
1459 957 1698 1016 παράνομός

224 1035 332 1078 ἔστιν
363 1031 389 1089 ἦ
417 1034 659 1090 προφητεία.
729 1034 764 1075 εἴ
781 1033 860 1090 γὰρ
879 1036 954 1076 τοῦ
974 1032 1193 1082 Μωϋσέως
1213 1027 1443 1079 κελεύοντος
1464 1030 1519 1078 εἷς
1540 1029 1698 1083 μηδένα

224 1102 348 1147 τόπον
379 1101 579 1158 ἀνάγεσθε
607 1103 760 1145 θυσίαν
785 1102 880 1144 ἀλλ’
906 1100 934 1157 ἢ
956 1103 1012 1152 εἷς
1034 1101 1104 1143 τὸν
1122 1098 1246 1144 τόπον
1269 1099 1315 1141 ὃν
1336 1098 1538 1150 ἐξελέξατο
1559 1095 1699 1154 κύριος

225 1172 247 1216 ὃ
274 1171 395 1224 θεός,
441 1173 509 1214 καὶ
539 1174 595 1222 εἷς
625 1169 669 1214 (ἐν
688 1173 841 1229 χωρίον
868 1171 909 1213 ἓν
932 1169 1201 1228 Ἰερουσαλὴμ
1229 1169 1506 1225 συγκλείοντος
1522 1166 1597 1216 τὰς
1613 1170 1698 1208 θυ-

224 1243 316 1293 σίας
347 1242 519 1292 ἒκείνας,
556 1239 577 1283 ὃ
605 1239 819 1299 προφήτης
843 1241 968 1296 λέγων
987 1241 1028 1282 ἐν
1047 1241 1165 1282 παντὶ
1189 1236 1300 1296 τόπῳ
1322 1238 1519 1292 θυμίαμα
1538 1236 1698 1291 μέλλειν
1710 1243 1742 1277 15

223 1310 506 1368 προσάγεσθαι
533 1312 602 1352 καὶ
635 1312 786 1353 θυσίαν
811 1307 1029 1367 καθαράν,
1066 1311 1314 1352 ἐναντιοῦται
1345 1308 1413 1349 καὶ
1441 1304 1615 1361 μάχεται
1640 1309 1698 1363 τῷ

223 1383 407 1438 Μωϋσῇ.
478 1379 584 1422 ἀλλὰ
606 1380 665 1435 μὴ
687 1380 864 1436 γένοιτο·
899 1380 989 1436 περὶ
1015 1378 1094 1436 γὰρ
1118 1376 1257 1434 ἑτέρας
1277 1377 1424 1426 ἐκεῖνος
1443 1373 1524 1418 εἷπε
1546 1375 1699 1424 θυσίας

222 1452 292 1493 καὶ
331 1451 422 1507 περὶ
454 1447 594 1505 ἑτέρας
625 1443 756 1500 οὗτος.
826 1446 1026 1491 ἀκούσατε
1058 1448 1108 1502 δὴ
1143 1447 1356 1503 Σοφωνίου
1389 1447 1620 1502 φωνοῦντος
1645 1443 1698 1486 τὰ

165 1526 197 1562 C
223 1519 327 1563 αὐτὰ
357 1521 424 1562 καὶ
451 1519 634 1574 λέγοντος
661 1515 984 1576 ((ἒπιφανήσεται
1007 1514 1146 1573 κύριος
1166 1516 1230 1558 ἐπὶ
1249 1513 1384 1558 πάντα
1402 1513 1454 1556 τὰ
1471 1512 1594 1568 ἔθνη,
1630 1514 1696 1554 καὶ

221 1586 505 1645 ἓξολοθρεύσει
524 1586 680 1638 πάντας
698 1587 793 1638 τοὺς
813 1587 941 1637 θεοὺς
958 1591 1040 1629 τῶν
1058 1587 1191 1629 ἐθνῶν
1200 1617 1214 1637 ,
1248 1585 1316 1627 καὶ
1346 1579 1742 1640 προσκυνήσουσινέ(

223 1658 334 1715 αὐτῷ
354 1659 522 1708 ἕκαστος
543 1657 622 1700 ἀπὸ
643 1662 716 1699 τοῦ
732 1656 857 1700 τόπου
877 1654 1049 1699 αὐτοῦ.»
1100 1655 1228 1697 καίτοι
1249 1670 1290 1709 γε
1310 1655 1430 1696 τοῦτο
1453 1652 1526 1693 οὐκ
1545 1653 1694 1709 ἐφεῖτο,

222 1726 319 1771 ἀλλ’
345 1729 401 1778 εἷς
422 1728 491 1770 ἵνα
510 1725 634 1770 τόπον
655 1727 846 1769 ἐθέσπισε
867 1728 1058 1779 Μωϋσῆς
1077 1720 1297 1780 λατρεύειν.
1366 1719 1463 1763 ὅταν
1482 1715 1553 1763 οὖν
1570 1719 1696 1763 ἀκού-

220 1813 317 1851 σητε
335 1801 416 1839 τῶν
436 1799 658 1852 προφητῶν
678 1792 955 1852 προλεγόντων
975 1794 1042 1835 καὶ
1057 1788 1462 1850 προαναφωνούντων
1483 1789 1544 1832 ὅτι
1565 1789 1698 1832 οὐκέτι

220 1867 277 1916 εἷς
306 1867 405 1920 μιάν
437 1863 554 1906 πόλιν
590 1865 684 1907 οὐδὲ
716 1865 773 1914 εἷς
802 1863 872 1907 ἕνα
900 1862 1025 1906 τόπον
1061 1860 1446 1919 ἀναγκασθήσονται
1483 1858 1698 1916 ἅνθρωποι

221 1985 265 2010 ac
297 1972 542 2008 sacrificarent
572 1984 617 2007 ex
648 1972 748 2017 lege,
783 1971 829 2007 de
861 1974 1038 2019 postrema
1061 1970 1128 2005 hac
1155 1974 1192 2006 et
1217 1968 1477 2017 perfectissima
1499 1967 1700 2003 vastatione

221 2021 544 2066 sacrificiorumque
575 2019 769 2054 abolitione
800 2019 853 2053 ita
886 2017 1064 2065 praedixit
1100 2019 1195 2062 (cap.
1228 2018 1265 2059 1)
1298 2012 1459 2050 “scilicet
1487 2020 1527 2049 ut
1555 2027 1622 2060 ego
1653 2015 1698 2050 de

221 2067 381 2102 manibus
406 2067 476 2102 tuis
499 2066 677 2101 sacrificia
701 2065 891 2112 accipiam,
925 2065 1042 2111 inquit
1075 2065 1234 2099 dominus
1263 2062 1496 2108 omnipotens.
1543 2062 1588 2096 ab
1618 2067 1700 2096 ortu

221 2114 307 2150 solis
328 2125 439 2160 usque
463 2114 508 2148 ad
531 2125 692 2148 occasum
715 2124 841 2147 nomen
858 2123 968 2146 meum
990 2111 1176 2157 magnifice
1193 2109 1438 2156 praedicatur,
1463 2107 1567 2153 eique
1586 2108 1699 2142 omni-

221 2162 288 2198 bus
312 2160 398 2195 locis
422 2160 583 2195 adoletur
606 2165 643 2195 et
664 2158 876 2194 sacrificium
900 2159 1046 2192 offertur
1073 2169 1209 2203 purum.
1256 2167 1321 2190 vos
1351 2160 1466 2190 autem
1489 2154 1700 2190 sacrificium

221 2203 504 2243 contaminatis.”
552 2206 691 2252 quando
727 2210 864 2250 autem,
901 2216 921 2239 ο
953 2204 1095 2250 Iudaei,
1129 2204 1200 2238 ista
1228 2202 1373 2248 impleta
1399 2202 1511 2237 sunt?
1559 2202 1699 2247 quando

220 2254 354 2299 ubique
386 2254 453 2289 deo
484 2264 610 2299 purum
639 2252 849 2287 sacrificium
882 2256 918 2286 et
951 2252 1091 2286 suffitus
1127 2249 1265 2285 oblatus
1298 2249 1381 2283 est?
1430 2252 1526 2282 certe
1559 2253 1699 2294 tempus

221 2300 316 2335 aliud
349 2300 470 2335 dicere
505 2312 574 2334 non
607 2298 757 2346 potestis
788 2309 889 2344 quam
924 2298 1019 2343 quod
1049 2297 1119 2332 fuit
1148 2298 1192 2331 ab
1222 2296 1378 2330 adventu
1409 2294 1557 2329 Christi.
1604 2294 1700 2340 quod

219 2351 357 2392 tempus
376 2346 445 2381 nisi
463 2352 565 2381 vates
583 2345 776 2390 indicavit,
812 2355 926 2390 neque
950 2349 1105 2378 nostrum
1124 2344 1187 2378 sed
1205 2342 1384 2377 Iudaicum
1411 2340 1621 2376 sacrificium
1643 2341 1699 2375 in-

218 2393 331 2438 telligi
355 2393 483 2438 voluit,
507 2392 581 2438 legi
604 2392 664 2428 dei
687 2392 764 2427 eius
785 2390 1031 2426 adversabitur
1055 2389 1242 2426 oraculum.
1291 2399 1369 2423 nam
1392 2399 1469 2422 cum
1487 2387 1608 2422 Moses
1629 2398 1700 2421 non

219 2440 304 2474 alibi
337 2451 438 2486 quam
474 2451 514 2474 eo
547 2439 624 2474 loco
660 2450 762 2485 quem
794 2439 881 2473 deus
911 2437 1069 2483 elegerat
1098 2436 1243 2471 iusserit
1274 2433 1489 2479 sacrificari,
1524 2439 1562 2469 et
1585 2433 1701 2469 omnia

218 2486 393 2521 sacrificia
424 2485 706 2531 Hierosolymam
740 2484 976 2529 compegerit,
1018 2489 1120 2518 vates
1152 2482 1211 2517 ille
1242 2482 1293 2516 ait
1321 2481 1479 2516 omnibus
1514 2479 1600 2515 locis
1631 2481 1698 2515 deo

220 2533 428 2567 sacrificium
452 2544 576 2578 purum
602 2539 640 2567 et
663 2532 819 2567 suffitum
843 2530 994 2565 oblatum
1020 2529 1079 2564 iri.
1128 2529 1180 2563 ita
1202 2527 1297 2563 Mosi
1320 2527 1472 2567 videtur,
1484 2538 1698 2573 repugnare.

219 2590 340 2613 verum
363 2579 430 2613 hoo
453 2578 549 2614 absit
571 2584 610 2613 ut
634 2579 806 2614 dicamus:
843 2589 922 2612 nam
953 2576 1044 2612 alter
1064 2576 1109 2611 de
1134 2575 1245 2610 altero
1270 2579 1325 2609 est
1346 2574 1482 2608 locutus
1508 2573 1698 2608 sacrificio.

219 2625 339 2659 audite
373 2625 480 2660 etiam
511 2626 633 2660 eadem
657 2625 830 2660 dicentem
854 2623 1070 2669 Sophoniam
1104 2623 1202 2667 (cap.
1223 2621 1284 2665 2)=
1317 2616 1552 2666 “apparebit’'
1584 2619 1699 2665 inquit

218 2666 401 2706 “dominus
429 2672 588 2707 omnibus
621 2671 822 2707 nationibus
857 2674 894 2704 et
923 2669 1106 2704 exscindet
1134 2678 1252 2702 omnes
1279 2677 1398 2701 earum
1429 2667 1536 2711 deos,
1571 2667 1698 2700 adora-

219 2716 377 2760 buntque
396 2729 473 2752 eum
493 2730 610 2753 omnes
623 2745 633 2763 ‚
658 2718 808 2764 quisque
826 2728 889 2751 suo
908 2713 1023 2751 loco.”
1069 2714 1169 2761 atqui
1194 2714 1261 2747 hoc
1285 2724 1355 2747 non
1379 2712 1606 2758 permittebat
1627 2711 1697 2756 lex,

221 2763 286 2797 sed
317 2762 355 2795 in
387 2774 455 2798 uno
486 2769 622 2799 tantum
653 2765 730 2799 loco
762 2765 909 2798 iubebat
940 2763 1059 2798 Moses
1096 2758 1303 2798 sacrificari.
1353 2770 1429 2794 cum
1457 2771 1543 2804 ergo
1567 2757 1697 2792 auditis

219 2813 321 2843 vates
344 2814 443 2843 tanto
471 2817 553 2846 ante
579 2816 738 2858 tempore
761 2809 989 2856 pronuntiare
1012 2820 1082 2844 non
1105 2809 1184 2842 fore
1210 2817 1356 2841 necesse
1380 2808 1418 2840 ut
1442 2817 1561 2841 omnes
1583 2804 1695 2838 homi-

220 2866 284 2890 nes
316 2854 353 2890 iu
385 2867 487 2891 unam
520 2858 641 2894 urbem
675 2869 827 2894 unumve
858 2856 971 2893 locum
1003 2855 1158 2902 undique
1191 2853 1391 2898 confluant,
1429 2853 1494 2889 sed
1525 2861 1698 2898 quemque
