1742 3184
370 218 790 265 ·HISTOR1ARUM
823 217 1218 264 COMPENDIUM.
1483 219 1549 267 93

67 333 320 391 ἐτελεύτησεν
337 335 422 379 ἐκεῖ
436 334 505 378 διὰ
522 332 706 393 ῥήματος
726 335 882 393 κυρίου,
918 333 1045 392 ζήσας
1068 333 1137 391 ἴτη
1165 332 1243 393 ρκ’.
1313 336 1381 378 καὶ
1400 333 1552 391 θάψας

69 405 194 449 αὐτὸν
215 403 237 449 ὃ
260 404 360 456 λαὸς
377 407 444 448 καὶ
466 403 649 456 κλαύσας
665 403 820 463 ἡμέρας
835 404 894 461 μ’,
930 405 1064 456 οὐδεὶς
1093 403 1171 448 εἶδε
1201 404 1276 460 τὴν
1307 405 1444 463 ταφὴν
1472 406 1550 448 αὗ-

68 480 155 519 τοῦ.
226 476 294 518 καὶ
312 475 386 518 οἰκ
406 475 551 531 ἀνέστη
577 474 634 518 ἔτι
655 474 872 533 προφήτης
894 477 937 519 ἐν
961 474 1127 533 Ἰσραὴλ
1147 472 1204 525 ὥς
1221 477 1427 531 Mon-‘0⁷39
1481 477 1549 519 ε’κ-

67 543 158 589 τότε
179 539 252 587 οὖν
271 546 338 587 καὶ
354 545 473 601 μέχρι
494 549 567 588 τοῦ
584 549 656 588 νῦν
675 546 904 602 φωτοειδὴς
925 546 1071 604 νεφέλη
1097 543 1314 598 ἐπισκιάζει
1335 546 1408 588 τὸν
1427 543 1550 589 τόπον

34 615 238 666 Ξὲκεῖνον,
274 614 521 672 ἀμαυροῦσα
549 617 617 657 καὶ
647 614 956 670 ἀποτειχίζουσα
982 615 1058 666 τὰς
1086 613 1207 670 ὄψεις
1233 620 1315 659 τῶν
1346 613 1549 673 δρώντων,

61 685 131 728 *ἵνα
151 684 211 741 μὴ
228 682 462 741 γινώσκοιεν
479 684 607 728 αὐτοῦ
626 684 696 727 τὸν
711 683 846 742 τάφον
867 688 924 736 εἷς
940 684 1011 729 τὸν
1029 687 1173 729 αἰῶνα.

202 754 330 798 Μετὰ
351 755 396 797 δὲ
417 755 606 799 ΙΙΙωϋσέα
627 756 832 806 διεδέξατο
851 756 925 811 τὴν
947 755 1079 813 ἀρχὴν
1092 755 1251 810 Ἰησοῦς
1271 750 1293 795 ὅ
1316 757 1390 796 τοῦ
1407 756 1548 807 Ναυῆ,

59 825 132 872 ,καὶ
154 823 336 881 περάσας
355 824 426 868 τὸν
444 823 683 882 Ἰορδάνην,
730 827 797 867 καὶ
820 825 995 879 ποιήσας
1016 827 1058 868 ἐν
1079 829 1131 883 τῇ
1149 829 1202 882 γῇ
1219 828 1291 880 τῆς
1313 824 1553 879 ἐπαγγελίας

64 892 132 950 ἴτη
161 892 227 949 λβ’
255 898 445 949 πολεμῶν
470 896 538 938 καὶ
569 897 934 952 κατακληροδοτῶν
965 895 1094 951 αὐτὴν
1116 902 1202 945 τοῖς
1227 894 1331 944 υἱοῖς
1357 891 1546 950 Ἰσραήλ,

0 968 55 1005 ÷10
66 964 247 1006 ἀπέθανε
269 962 395 1020 ζήσας
414 963 482 1021 ἴτη
503 963 571 1021 ρι’.
639 966 707 1007 καὶ
739 964 759 1008 ὃ
790 966 864 1020 μὲν
892 969 1085 1021 Μωῦσῆς
1111 963 1298 1016 πατάξας
1324 963 1395 1006 τὸν
1423 963 1545 1018 ,Σηιὺν
1568 970 1600 1006 C

62 1035 237 1088 βασιλέα
259 1038 341 1076 τῶν
355 1034 586 1092 Ἀμοραίων
606 1035 674 1077 καὶ
695 1034 765 1078 τὸν
786 1034 866 1092 ’Ὼγ
889 1037 1063 1090 βασιλέα
1085 1039 1158 1091 τῆς
1181 1032 1342 1085 Βασάν,
1378 1032 1424 1083 ὃς
1446 1031 1546 1076 ὑπε-
1597 1057 1603 1068 ·

64 1106 217 1161 λείφθη
240 1104 284 1146 ἔκ
307 1109 390 1147 τῶν
421 1103 632 1161 γιγάντων,
667 1111 866 1148 κατοικῶν
899 1107 940 1149 ἒν
967 1110 1024 1164 τῷ
1051 1103 1226 1162 Ῥαφαῖν
1250 1105 1292 1146 ἐν
1310 1102 1545 1160 Ἀσταριῦθ,

62 1172 264 1231 ἀπόγονον
297 1173 395 1217 ὄντα
427 1179 502 1218 τοῦ
529 1173 727 1231 Ῥαφαΐν,
774 1170 824 1219 οὗ
856 1177 923 1218 καὶ
946 1173 971 1231 ἡ
993 1177 1105 1231 κλίνη
1126 1176 1299 1231 σιδηρᾶ,
1345 1173 1391 1216 τὸ
1413 1177 1546 1228 μῆκος

61 1242 213 1298 ἔχουσα
232 1242 380 1299 ,πήχεις
405 1246 538 1297 ε’ννεά,
586 1245 632 1287 τὸ
654 1243 807 1297 πλάτος
829 1247 1052 1303 τέσσαρας,
1097 1244 1285 1302 ἀφείλετο
1310 1247 1447 1286 πᾶσαν
1470 1244 1544 1297 τὴν

0 1318 135 1370 «15)’ῆν
156 1314 303 1356 αὐτῶν.
374 1312 395 1357 ὃ
417 1316 461 1357 δὲ
477 1315 644 1370 Ἰησοῦς
655 1315 960 1371 χειρωσάμενος
978 1320 1115 1358 πᾶσαν
1136 1315 1209 1369 τὴν
1227 1318 1303 1370 γῆν
1322 1313 1458 1356 αὐτῶν
1475 1315 1544 1355 καὶ

59 1384 157 1434 τοὺς
177 1385 443 1435 Χαναναίους
473 1387 539 1426 καὶ
565 1386 810 1439 Φερεζαίους
830 1388 897 1428 καὶ
920 1387 961 1426 Γ
959 1387 1190 1442 εργεσαιόυς
1219 1385 1286 1426 καὶ
1318 1384 1547 1432 Χετταίους

60 1457 127 1496 καὶ
155 1453 437 1507 Ἰεβουσαίους
465 1456 533 1496 καὶ
558 1455 806 1510 Ξ4μοραιόυς
839 1457 906 1498 καὶ
924 1456 1104 1505 Εῧαιόυς
1131 1456 1198 1496 καὶ
1226 1452 1383 1503 πάντας
1411 1454 1547 1495 αὐτῶν

58 1522 156 1574 τοὺς
169 1527 376 1578 βασιλεῖς,
421 1514 635 1575 ὄνταςτόν
656 1524 840 1581 ἀριθμὸν
862 1522 1184 1583 τριακονταδύο,
1221 1528 1358 1566 πᾶσαν
1379 1523 1453 1577 τὴν
1472 1526 1548 1578 γῆν

58 1593 194 1636 αὐτῶν
215 1594 365 1636 δέδωκε
386 1601 471 1645 τοῖς
489 1594 592 1645 υἱοῖς
606 1593 792 1649 Ἰσραήλ.
828 1595 871 1637 ἓν
891 1596 936 1638 δὲ
954 1599 1013 1653 τῷ
1035 1593 1195 1653 φεύγειν
1216 1591 1379 1644 αὐτούς,
1403 1594 1541 1650 φησίν,
1564 1597 1598 1632 D

0 1662 141 1705 eodm)
161 1662 383 1721 προσώπου
407 1668 489 1707 τῶν
506 1664 607 1707 υἱῶν
621 1663 794 1721 Ἰσραὴλ
818 1667 885 1708 καὶ
905 1663 1046 1723 κύριος
1073 1665 1291 1721 ἐπέρριψεν
1318 1663 1456 1713 αὐτοῖς
1483 1664 1546 1704 λί-

57 1737 166 1783 θους
180 1732 366 1789 χαλάζης
385 1734 428 1776 ἔκ
449 1739 524 1777 τοῦ
544 1734 742 1792 οὐρανοῦ,
772 1737 840 1778 καὶ
860 1736 1039 1791 ἐγένοντο
1061 1735 1224 1784 πλείους
1245 1733 1283 1775 οἱ
1307 1730 1547 1775 ἀποθανόν-

57 1820 124 1854 τες
145 1803 216 1847 διὰ
236 1803 333 1854 τοὺς
350 1805 496 1855 λίθους
517 1809 590 1860 τῆς
608 1802 792 1860 χαλάζης
814 1805 840 1862 ἢ
863 1805 936 1857 οὓς
957 1795 1192 1849 ἀπέκτειναν
1213 1803 1252 1846 οἵ
1271 1802 1352 1845 υἱοὶ
1369 1802 1546 1861 Ἰσραὴλ

55 1875 243 1935 μαχαίρᾳ
262 1879 585 1932 στρατηγοῦντος
597 1875 755 1930 Ἰησοῦ.
1075 1860 1087 1873 f

54 2075 148 2112 hunc
170 2075 241 2111 sibi
263 2087 504 2112 successorem
528 2077 757 2124 designabat)
779 2077 831 2113 ibi
855 2077 1046 2113 secundnm
1070 2073 1202 2109 domini
1225 2074 1337 2108 verba
1359 2072 1464 2109 finem
1486 2074 1544 2108 vi-

53 2128 114 2158 tae
131 2124 231 2167 fecit,
256 2134 358 2169 quam
385 2135 450 2169 per
472 2136 582 2160 annos
608 2128 674 2160 120
696 2126 924 2160 toleraverat.
973 2121 1124 2170 populus
1147 2132 1223 2155 eum
1247 2120 1416 2167 sepelivit
1434 2132 1477 2155 ac
1497 2122 1545 2156 40

53 2170 131 2205 dies
154 2169 256 2205 luxit.
305 2170 436 2205 nemini
470 2178 585 2207 autem
619 2172 817 2219 sepulcrum
849 2171 925 2207 eius
955 2171 1024 2205 fuit
1058 2168 1250 2213 cognitum.
1298 2178 1413 2213 neque
1437 2168 1475 2202 in
1500 2179 1543 2202 eo

51 2217 183 2298 Kopulo
209 2222 311 2252 vates
337 2216 432 2251 Mosi
463 2229 527 2263 par
560 2219 728 2264 deinceps
755 2219 906 2254 exstitit.
953 2218 1024 2252 iam
1056 2215 1139 2249 inde
1170 2215 1214 2248 ab
1242 2225 1285 2248 eo
1313 2219 1474 2259 tempore
1505 2213 1544 2249 in

77 2275 145 2298 unc
181 2275 292 2309 usque
330 2263 423 2299 diem
462 2264 608 2300 illustris
638 2267 749 2301 nubes
779 2265 892 2301 locum
923 2265 1029 2300 istum
1066 2261 1271 2305 obumbrat,
1305 2261 1544 2295 cernentium-

53 2321 123 2356 que
146 2310 241 2345 visui
270 2310 406 2357 officit,
439 2322 485 2346 ne
519 2312 557 2347 in
589 2313 841 2360 sempiternum
873 2324 985 2358 usque
1017 2308 1175 2354 conspici
1205 2307 1405 2353 sepulcrum
1428 2307 1544 2343 Mosis

52 2361 175 2404 queat.

145 2426 242 2462 Mosi
266 2426 372 2461 Iosua
394 2426 578 2473 successit,
601 2428 730 2465 Nauae
753 2430 799 2465 F.
847 2429 880 2465 is
902 2428 1053 2464 traiecto
1075 2425 1248 2468 Iordane,
1275 2422 1314 2457 in
1336 2426 1433 2457 terra
1455 2434 1544 2469 pro-

52 2473 160 2509 missa
186 2485 297 2509 annos
317 2474 364 2510 32
389 2474 484 2510 bella
507 2477 662 2520 gerendo
686 2483 888 2523 terramque
914 2488 989 2511 eam
1011 2472 1180 2509 Israelico
1200 2470 1331 2517 populo
1351 2469 1545 2505 dividendo

51 2521 188 2565 exegit.
213 2521 370 2556 decessit
393 2533 504 2556 annos
526 2530 629 2558 natus
656 2527 736 2560 110.
784 2537 826 2559 ac
850 2524 969 2558 Moses
995 2521 1134 2567 quidem
1157 2519 1276 2552 Seone
1294 2519 1548 2553 Amoraeorum

51 2571 89 2602 et
112 2568 193 2613 Ogo
216 2567 367 2603 Basanis
390 2568 534 2614 regibus
557 2572 736 2616 percussis
756 2583 892 2606 omnem
916 2580 1035 2605 eorum
1060 2566 1234 2601 dicionem
1255 2564 1460 2609 subegerat.
1488 2563 1548 2599 hic

51 2614 153 2659 Ogus
187 2615 232 2650 de
266 2615 471 2661 gigantibus
503 2617 621 2652 fuerat
654 2619 820 2663 relictus,
857 2617 894 2652 in
925 2614 1119 2662 Raphainis
1149 2610 1313 2648 habitans
1345 2610 1545 2656 Astarothi,

49 2671 162 2706 genus
186 2674 208 2696 a
224 2662 422 2708 Raphainis
446 2663 600 2707 ducens;
626 2665 725 2700 cuius
749 2664 895 2700 culcitra
919 2664 987 2698 fuit
1010 2663 1141 2704 ferrea,
1165 2669 1292 2694 novem
1314 2656 1420 2703 longa
1441 2657 1544 2692 cubi-

47 2713 118 2752 tos,
144 2714 311 2755 quattuor
334 2708 420 2744 lata.
457 2710 564 2746 Iosua
589 2722 675 2746 vero
701 2711 924 2748 Chananaeis
951 2707 1164 2744 Pherezaeis
1189 2705 1408 2750 Gergesaeis
1430 2704 1544 2740 Chet—

49 2754 139 2789 taeis
170 2756 350 2791 lebusaeis
381 2756 565 2792 Amoraeis
597 2763 634 2793 et
664 2759 798 2795 Evaeis
828 2757 988 2801 domitis,
1026 2768 1067 2790 ac
1089 2753 1238 2799 triginta
1260 2752 1396 2787 duobus
1421 2764 1543 2787 eorum

47 2801 206 2846 regibus,
232 2803 435 2838 universam
461 2816 580 2839 eorum
603 2810 732 2841 terram
755 2806 924 2842 Israelico
950 2802 1081 2849 populo
1099 2799 1260 2836 tradidit.
1309 2809 1387 2833 cum
1410 2804 1542 2844 autern,

47 2846 166 2894 inquit
187 2850 286 2894 (Ios.
311 2852 402 2896 10),
434 2851 605 2886 Israelico
629 2853 760 2900 populo
783 2860 886 2898 terga
909 2852 1161 2894 obverterent,
1193 2845 1378 2894 grandinis
1402 2845 1541 2892 lapides

48 2894 196 2949 quelitus
219 2896 255 2931 in
276 2896 374 2943 ipsos
398 2897 590 2934 eiaculatus
615 2906 670 2935 est
687 2901 860 2946 dominus,
883 2898 1075 2946 pluresque
1092 2895 1138 2932 iis
1156 2905 1261 2943 quam
1277 2892 1396 2939 gladio
1418 2893 1538 2928 Israe-

44 2939 193 2978 incorum
215 2944 305 2980 duce
327 2943 433 2981 Iosua
457 2946 566 2981 occisi
584 2952 680 2983 sunt.
