1742 3184
401 174 798 220 HISTORIARUM
831 172 1221 221 COMPENDIUM.
1447 175 1480 225 4
1489 179 1512 224 1
1523 178 1547 226 1

82 307 198 346 ματα
213 286 453 348 παράδοξας
486 290 592 342 τίνος
612 285 685 334 οὖν
706 289 833 334 ἕνεκεν
849 287 977 334 πάλαι
993 291 1068 346 μὲν
1085 291 1323 346 ἀσεβοῦντες
1338 294 1404 335 καὶ
1422 295 1550 351 μυρία

85 359 421 417 διαπραττόμενοι
450 360 561 404 δεινὰ
594 358 795 416 τοσαύτης
823 360 980 412 εὐνοίας
1011 360 1270 415 ἄπηλαόσατε
1302 362 1415 420 παρὰ
1446 367 1550 406 θεοῦ

85 430 155 471 καὶ
180 432 428 486 προστασίας
455 431 523 472 καὶ
547 431 804 487 προμηθείας
813 462 827 482 ,
870 434 943 473 νῦν
973 430 1018 473 δὲ
1047 429 1137 473 οὔτε
1166 433 1549 489 εἶδωλολατροῦντες

87 496 179 540 οὔτε
204 499 559 549 παιδοκτονοῢντες
579 500 621 541 ἓν
641 500 898 559 αἰχμαλωσίᾳ
916 501 983 542 καὶ
1003 502 1256 560 ταλαιπωρίᾳ
1276 499 1455 557 διάγετες
1489 501 1549 557 μὴ

51 567 165 623 Syrie
196 567 329 622 ἕτερος
356 563 405 623 ἦν
431 568 531 619 θεὸς
553 566 642 610 τότε
670 570 737 610 καὶ
769 568 903 626 ἕτερος
929 573 1023 623 νῦν;
1058 570 1131 612 οὐκ
1158 569 1288 621 «αὐτός
1315 571 1400 613 ε’στι
1426 573 1493 613 καὶ
1525 570 1547 614 ὃ

84 637 214 679 ἐκεῖνα
239 637 462 692 οἶκονομιὸν
489 638 556 680 καὶ
583 641 715 680 ταῦτα
742 642 813 680 νῦν
839 636 1126 693 ε’ργαζόμενοςς
1161 639 1230 682 διὰ
1253 641 1312 691 τί,
1341 638 1405 684 ὅτε
1425 642 1551 695 μείζω

83 705 159 759 μὲν
183 699 235 760 ἦν
256 706 310 748 τὰ
330 704 604 763 ἁμαρτήματα
614 738 629 758 ,
664 706 794 762 πολλὴ
813 706 913 758 δόξα
935 705 1031 762 ὖμῖν
1049 702 1100 764 ἦν
1118 708 1229 766 παρὰ
1251 713 1375 761 θεοῦ,
1412 708 1475 753 ὅτε
1505 711 1550 753 δὲ

83 772 280 821 ἐλάττονα
298 779 561 831 πλημμελεΐτε
585 780 677 827 νῦν,
712 780 918 827 παντελῶς
935 775 1045 831 ὑμᾶς
1066 777 1305 836 ἀπεστράφη
1322 781 1388 821 καὶ
1406 779 1546 840 ἀτιμίᾳ
1571 784 1603 820 C

84 844 316 902 παρέδωκεν
344 844 580 904 ἅπεράντῳς
615 844 720 888 ἀλλὰ
739 844 815 888 κᾶν
831 843 947 900 ὖμεῖς
966 845 1175 903 σιγήσητε,
1211 849 1250 890 οἱ
1271 850 1382 890 λίθοι
1403 848 1551 906 κεκρά-

29 921 76 958 10
87 915 235 964 ξονται.
302 914 437 970 ἐπειδὴ
466 914 546 971 γὰρ
578 914 684 957 κατὰ
714 920 787 957 τοῦ
818 913 1015 958 δεσπότου
1049 917 1125 967 τὰς
1153 923 1295 974 χεῖρας
1324 919 1551 970 ἐξετείνατε,

85 982 155 1025 διὰ
184 986 304 1026 τοῦτο
333 983 406 1026 οῧκ
433 983 544 1026 ἔσται
571 981 667 1039 ὖμῖν
697 982 923 1041 διόρθωσις
944 985 1039 1028 οὐδὲ
1060 983 1275 1042 συγγνώμη
1297 987 1438 1029 λοιπὸν
1458 988 1552 1031 οὐδὲ

84 1052 296 1108 ἀπολογία.
364 1051 453 1095 τότε
483 1053 558 1108 μὲν
584 1053 662 1109 γὰρ
692 1054 749 1104 εἷς
779 1051 953 1105 δούλους
971 1048 1021 1108 ἦν
1040 1054 1092 1097 τὰ
1113 1053 1378 1110 τολμώμενα,
1409 1060 1480 1098 νῦν
1507 1057 1551 1099 δὲ

83 1119 216 1163 πάντα
236 1123 366 1164 ἐκεῖνα
381 1121 434 1165 τὰ
453 1122 608 1165 παλαιὰ
630 1127 775 1180 σαφῶς
792 1121 1052 1179 ἀπεκρύψατε
1077 1123 1145 1165 διὰ
1165 1128 1238 1179 τῆς
1255 1128 1311 1174 εἷς
1327 1124 1398 1167 τὸν
1417 1126 1552 1169 κοινὸν

84 1188 283 1245 δεσπότην
312 1191 497 1248 Χριστὸν
526 1193 687 1245 μανίας.
756 1190 856 1234 ὅθεν
887 1194 953 1234 καὶ
982 1190 1175 1247 μειζόνως
1197 1192 1446 1246 κολάζεσθε,
1481 1196 1550 1237 καὶ

29 1267 74 1303 15
85 1260 177 1301 οὐδ’
212 1259 341 1311 οὕτως
369 1260 568 1319 ἀπέχεσθε
597 1265 671 1315 τῆς
694 1265 893 1316 πατρικῆς
918 1263 1212 1317 ἐμβροντησίας
1231 1280 1273 1305 τε
1296 1265 1362 1305 καὶ.
1382 1262 1548 1319 λύσσης,

82 1325 236 1370 πλάνον
266 1329 389 1372 αὐτὸν
419 1331 486 1371 καὶ
514 1328 752 1388 παράνομον
777 1330 1085 1382 ἀποκαλοῦντες.
1155 1333 1190 1373 εἲ
1209 1335 1307 1387 γοῦν
1326 1331 1478 1383 πλάνος
1499 1328 1549 1388 ἦν

82 1395 105 1439 ὃ
128 1395 334 1453 Χριστός,
367 1395 424 1448 ὥς
446 1399 574 1456 φατέ,
606 1400 674 1440 καὶ
697 1396 954 1455 παράνομος,
990 1400 1112 1456 ἐχρῆν
1129 1404 1286 1454 μᾶλλον
1303 1399 1412 1455 ὑμᾶς
1429 1404 1546 1444 εὗδο-
1568 1409 1601 1445 D

83 1470 251 1520 κιμῆσαι
262 1498 277 1518 ,
313 1467 376 1509 ὅτι
404 1467 528 1509 αὐτὸν
554 1466 819 1510 ἀπεκτείνατε.
889 1470 924 1510 εἲ
946 1468 1025 1525 γὰρ
1052 1470 1190 1519 Φινεὲς
1214 1471 1282 1512 ἵνα
1304 1471 1394 1513 τινὰ
1415 1488 1551 1528 παρα-

82 1540 284 1590 νομοῦντα
306 1535 458 1578 ἀνελὼν
477 1533 698 1593 ὁλόκληρον
718 1537 792 1591 τὴν
812 1538 917 1578 κατὰ
942 1542 1017 1580 τοῦ
1034 1537 1182 1588 ἔθνους
1203 1538 1330 1596 ὀργὴν
1346 1541 1550 1584 κατέπαυ-

0 1619 2 1656 g
26 1613 154 1648 2οσεν
182 1603 306 1660 (ἵστη
338 1604 418 1663 γὰρ
454 1606 593 1655 Φινεὲς
623 1606 692 1661 καὶ
723 1604 960 1659 ἓξιλάσατο,
994 1609 1062 1648 καὶ
1091 1605 1286 1650 ἐκόπασεν
1308 1606 1335 1663 ἦ
1356 1613 1551 1667 θραῦσις,

0 1663 6 1739 ἱ
84 1675 151 1716 καὶ
175 1675 367 1730 ἐλογίσθη
396 1674 508 1733 αὐτῷ’
540 1676 596 1725 εἷς
627 1665 939 1730 δικαιοσύνην),
975 1679 1113 1734 πολλῷ
1143 1681 1301 1731 μᾶλλον
1330 1678 1401 1734 ἐφ’
1435 1676 1552 1733 ὖμῶν

83 1742 164 1786 ἔδει
182 1747 303 1787 τοῦτο
320 1743 531 1801 γενέσθαι,
561 1743 604 1788 εἶ’
613 1760 656 1800 γε
676 1741 913 1801 παράνομος
930 1739 981 1800 ἦν
1002 1743 1023 1788 ὃ
1041 1743 1119 1803 ὕφ’
1142 1744 1258 1802 ὑμῶν
1281 1748 1552 1805 σταυρωθείς.

0 1949 7 1988 ,3
83 1940 178 1987 rios,
211 1945 284 1977 tum
307 1941 474 1978 miracula
498 1946 535 1978 et
556 1942 720 1989 prodigia
739 1942 908 1978 inusitata
931 1942 1070 1979 edidit?
1117 1955 1179 1978 cur
1202 1943 1283 1979 olim
1306 1947 1404 1979 tanta
1424 1944 1550 1991 impie-

0 2003 5 2035 3
82 1994 158 2023 tate
182 1989 344 2023 obstricti
367 1995 403 2025 et
422 1994 477 2024 tot
497 1989 644 2034 flagitiis
667 2001 708 2024 ac
730 1990 922 2025 sceleribus
954 1989 1113 2035 cooperti
1139 1991 1240 2025 deum
1268 1991 1319 2025 ita
1342 1992 1549 2027 benevolum

0 2037 6 2055 ’
83 2035 274 2080 propitium
297 2040 403 2081 atque
424 2041 576 2071 tutorem
599 2036 788 2080 habuistis,
816 2048 908 2071 nunc
930 2042 1043 2071 autem
1066 2048 1180 2082 neque
1197 2037 1304 2083 impio
1323 2037 1416 2071 cultu
1434 2049 1550 2083 neque

0 2056 10 2140 l
82 2080 269 2116 infantium
301 2083 411 2117 caede
440 2093 518 2116 eum
548 2082 728 2117 irritantes
752 2082 789 2117 in
817 2084 990 2118 servitute
1013 2088 1050 2117 et
1070 2082 1221 2117 miseriis
1250 2083 1359 2117 vitam
1388 2084 1551 2129 degitis?

83 2127 155 2162 nisi
177 2128 339 2163 fortassis
363 2128 453 2162 alius
476 2140 568 2163 nunc
588 2134 642 2163 est
665 2140 766 2175 quam
786 2129 958 2175 quondam
979 2130 1083 2173 deus,
1116 2140 1231 2175 neque
1252 2130 1344 2164 idem
1369 2135 1406 2164 et
1426 2130 1486 2164 illa
1510 2136 1548 2166 et

83 2174 171 2208 haec
204 2173 289 2219 egit.
337 2174 468 2220 alioqui
500 2186 563 2209 cur
592 2186 657 2210 vos
689 2181 787 2210 tanto
820 2175 858 2210 in
891 2176 1007 2221 pretio
1038 2176 1238 2220 habuisset,
1273 2187 1349 2210 cum
1382 2176 1549 2220 graviora

82 2220 345 2255 committeretis
368 2226 531 2267 peccata,
567 2233 659 2257 nunc
677 2233 762 2257 vero
786 2233 863 2256 cum
886 2222 998 2257 minus
1020 2221 1243 2268 delinquitis,
1274 2221 1413 2256 omnino
1443 2234 1548 2258 aver—

83 2272 181 2302 satus
209 2266 370 2302 iufinitae
399 2267 611 2312 ignominiae
640 2269 859 2314 exponeret?
918 2275 955 2303 at
998 2270 1089 2303 enim
1124 2269 1227 2302 vobis
1261 2268 1461 2303 tacentibus
1491 2269 1550 2304 vel

11 2356 13 2359 Ι
83 2313 220 2359 lapides
249 2314 553 2349 vociferabuntur.
599 2326 643 2349 ex
677 2326 746 2360 quo
782 2315 871 2349 enim
903 2327 1024 2350 manus
1056 2314 1194 2349 domino
1216 2314 1405 2358 intulistis,
1443 2327 1549 2362 porro

0 2333 15 2404 il
82 2371 199 2405 neque
226 2361 397 2395 correctio
422 2361 524 2395 vobis
546 2360 682 2406 reliqua
715 2365 769 2396 est
796 2372 910 2407 neque
937 2360 1044 2395 venia
1080 2373 1195 2406 neque
1221 2360 1421 2395 defensioni
1452 2361 1550 2398 locus

5 2415 7 2418 ’
84 2411 151 2441 est.
199 2418 278 2441 nam
312 2407 447 2453 priores
476 2412 617 2442 vestrae
646 2406 797 2442 iniuriae
828 2408 866 2442 in
899 2419 1021 2442 servos
1046 2414 1146 2442 erant
1171 2407 1354 2453 profectae
1384 2418 1405 2441 a
1429 2408 1552 2443 vobis:

84 2451 229 2487 Christo
259 2460 374 2488 autem
404 2465 469 2499 per
491 2453 660 2488 insaniam
687 2454 843 2489 necando
867 2455 988 2500 priora
1009 2458 1129 2488 vestra
1153 2453 1287 2488 scelera
1309 2452 1393 2487 novi
1419 2455 1556 2499 magni·-

83 2498 205 2533 tudine
239 2499 468 2534 obliterastis.
517 2511 559 2535 ea
582 2501 627 2534 de
651 2511 757 2535 causa
778 2512 870 2535 nunc
893 2499 1114 2545 gravioribus
1146 2499 1328 2545 suppliciis
1356 2500 1551 2537 afficimini.

84 2549 121 2579 et
146 2550 263 2580 tamen
285 2557 332 2581 ne
354 2547 406 2581 sic
429 2545 567 2591 quidem
602 2545 769 2581 maiorum
803 2553 1001 2582 vestrorum
1030 2546 1246 2580 vaecordiam
1277 2550 1384 2591 atque
1416 2547 1552 2583 rabiem

82 2591 278 2637 deponitis,
314 2593 376 2627 sed
412 2592 597 2627 etiamnum
627 2592 804 2628 Christum
834 2593 1060 2639 impostorem
1092 2598 1199 2637 atque
1231 2591 1320 2637 legis
1343 2592 1550 2629 violatorem

82 2637 282 2683 appellatis.
327 2639 390 2685 qui
414 2639 445 2673 si
467 2639 546 2674 talis
570 2638 696 2674 fuisset
717 2639 853 2684 qualem
872 2651 935 2673 vos
956 2638 1095 2683 dicitis,
1117 2644 1264 2684 propter
1282 2649 1402 2675 necem
1422 2640 1455 2674 ei
1472 2640 1550 2675 illa-

82 2689 155 2718 tam
179 2695 243 2718 vos
266 2685 391 2719 maiori
415 2685 518 2719 etiam
539 2696 642 2730 quam
663 2691 744 2720 ante
765 2686 803 2720 in
828 2685 1087 2720 existimatione
1120 2696 1199 2720 esse
1228 2685 1472 2721 conveniebat.
1520 2686 1553 2721 si

83 2730 175 2764 enim
196 2730 348 2766 Phinees
372 2743 441 2766 uno
462 2731 550 2777 legis
570 2731 742 2766 violatore
762 2732 937 2767 trucidato
962 2731 1047 2766 iram
1069 2731 1144 2775 dei,
1180 2742 1272 2777 quae
1296 2738 1419 2767 contra
1440 2738 1551 2768 totum

84 2783 266 2812 exarserat
287 2778 471 2823 populum,
510 2777 663 2823 placavit
701 2778 842 2821 (stabat
864 2778 976 2822 enim,
1008 2777 1059 2812 ait
1079 2778 1275 2825 scriptura,
1308 2778 1482 2824 Phinees,
1515 2784 1551 2814 et

82 2823 245 2867 placabat
267 2824 390 2868 deum,
425 2836 467 2859 ac
493 2824 601 2858 desiit
622 2823 777 2869 uncidin,
811 2835 923 2869 eaque
944 2835 1003 2859 res
1026 2823 1078 2858 illi
1099 2823 1257 2860 iustitiae
1282 2823 1359 2860 loco
1381 2825 1551 2872 imputata

85 2870 188 2916 est),
211 2876 341 2917 quanto
364 2870 474 2916 magis
496 2870 676 2906 vobiscum
697 2869 750 2907 ita
770 2870 831 2917 agi
848 2870 990 2917 debuit,
1012 2870 1044 2907 si
1067 2871 1207 2919 quidem
1228 2871 1262 2907 is
1283 2882 1385 2918 quem
1408 2873 1447 2907 in
1469 2883 1549 2907 cru-
