1742 3184
169 154 270 202 780
649 155 890 202 GEORGII
924 155 1173 201 CEDRENI

167 272 349 331 ἄρχοντα
366 273 629 332 Βουλγαρίας
646 274 710 318 ἐπὶ
728 277 787 334 τῷ
804 275 947 317 ὃοῦναι
960 273 1079 335 αὐτῷ’
1094 271 1312 334 σύναρσιν,
1339 275 1450 329 ὅπως
1466 275 1650 337 κρατήσῃ

165 349 241 399 τῆς
275 347 518 400 προγονικῆς
547 344 677 388 αὐτοῦ
706 345 942 398 βασιλείας,
976 343 1256 401 ὑποσχόμενος
1285 349 1401 406 δῶρα
1426 349 1558 390 πολλὰ
1583 351 1651 391 καὶ

163 414 240 470 τὴν
270 411 418 456 ἑαυτοῦ
447 415 660 472 θυγατέρα
690 416 747 464 εἷς
777 421 962 471 γυναῖκα.
1034 415 1161 459 αὐτοῦ
1182 416 1226 459 δὲ
1243 414 1377 459 πάντα
1399 424 1526 460 ποιεῖν
1543 418 1646 473 μεθ’

114 490 145 526 D
169 483 303 540 ὅρκων
321 481 604 539 ὑποσχομένου
613 515 626 536 ,
658 490 840 540 συγκινεῖ
852 481 985 527 πάντα
1003 484 1073 528 τὸν
1095 485 1196 528 λαὸν
1214 490 1297 529 τῶν
1315 486 1565 544 Βουλγάρων
1582 489 1650 530 καὶ

165 551 399 607 Σθλάβων,
435 555 503 596 καὶ
537 552 799 604 ὃπλισθέντες
833 554 898 596 ἐπὶ
929 553 1003 609 τὴν
1032 556 1229 610 βασιλίδα
1259 555 1445 613 ἔρχονται
1477 556 1565 612 ἅμα
1591 561 1683 617 τῷό

160 623 446 681 Ἰουστινιανῷ.
512 620 773 678 ἠπλήκευσαν
805 624 849 667 δὲ
880 626 936 675 εἷς
959 625 1038 680 ’τὴν
1068 626 1261 684 Χαρσιόυ
1290 623 1448 683 πόρταν
1476 629 1543 669 καὶ
1577 627 1652 677 ἕως

164 699 247 738 τῶν
277 695 536 748 Βλαχερνῶν.
607 693 676 736 καὶ
709 693 774 736 ἐπὶ
803 695 936 752 τρισὶν
964 691 1137 752 ἡμέραις
1163 699 1406 752 προσλαλῶν
1434 703 1519 747 τοῖς
1538 697 1580 739 ἓν
1600 701 1652 754 τῇ

163 762 279 807 πόλει
301 765 460 816 μᾶλλον
479 759 680 820 ὑβρίζετο.
749 761 772 806 ὅ
797 764 843 806 δὲ
860 764 1146 815 Ἰουστινιανὸς
1164 764 1256 819 μετ’
1279 764 1422 821 ὀλίγων
1440 763 1651 821 Ῥωμαίων

167 832 238 875 διὰ
262 835 335 874 τοῦ
365 830 526 888 ἀγωγοῦ
548 835 739 888 εἰσῆλθεν
761 834 817 885 εἷς
838 832 914 889 τὴν
933 832 1072 886 πόλιν,
1108 835 1177 877 καὶ
1199 831 1388 891 θόρυβον
1410 834 1652 894 ἅνασκαφῆς

162 901 306 958 βαλὼν
328 900 432 958 πρὸς
450 902 587 959 βραχὺ
607 900 835 959 ἐσκήνωσεν
861 905 904 946 ἐν
929 908 987 963 τῷ
1016 905 1202 964 παλαι-ίῳ
1220 906 1482 962 Βλαχερνῶν.
1552 905 1650 963 ὅπερ
1666 914 1709 949 10

163 970 317 1028 μαθών
342 971 577 1030 Ἀψίμαρος
608 973 744 1030 φυγὰς
773 975 830 1025 εἷς
851 972 1159 1018 Ἀπολλωνιάὸα
1187 973 1378 1030 ἀφίκετο,
1415 973 1525 1031 ἄγων
1545 976 1650 1030 μεθ’

165 1040 316 1085 ἑαυτοῦ
342 1039 539 1100 χρήματα
569 1041 808 1098 πάμπολλα.
873 1042 1159 1095 Ἰουστινιανὸς
1179 1043 1223 1086 δὲ
1243 1042 1421 1098 ἀπέλαβε
1437 1043 1512 1099 τὴν
1529 1048 1654 1099 βασι-

166 1113 291 1155 λείαν.
359 1112 432 1154 τὸν
456 1113 501 1155 δὲ
521 1116 594 1167 τῆς
614 1111 915 1172 ἀρχιερωσύνης
935 1111 1093 1172 θρόνον
1114 1119 1272 1168 κατεῖχε
1294 1114 1552 1165 Καλλίνικος.

19 1191 50 1224 Ρ
71 1189 144 1227 446
300 1181 585 1234 Ἰουστινιανὸς
613 1182 660 1227 τὸ
693 1182 881 1241 δεύτερον
912 1182 981 1239 ἴτη
1010 1181 1060 1235 ς’.
1129 1183 1385 1242 παραλαβὼν
1421 1184 1496 1240 τὴν
1530 1188 1654 1238 βασι-

164 1252 296 1305 λείαν,
333 1253 449 1310 δῶρα
470 1252 603 1295 πολλὰ
627 1254 726 1304 δοὺς
747 1258 806 1312 τῷ
828 1253 1002 1312 Τέρβελι
1025 1255 1092 1296 καὶ
1113 1254 1311 1308 βασιλικὰ
1333 1251 1455 1310 σκεύη
1479 1255 1545 1296 καὶ
1565 1251 1653 1308 χώ-
1667 1260 1711 1296 15

162 1340 244 1382 1ραν
264 1325 339 1377 τῆς
351 1320 563 1378 Ῥωμαίων
583 1327 658 1380 γῆς
674 1322 812 1378 κόψας
832 1322 885 1367 τὰ
904 1327 977 1366 νῦν
994 1321 1193 1381 λεγόμενα
1213 1321 1399 1381 Ζαγόρια
1410 1356 1423 1376 ,
1459 1323 1656 1366 ἀπέλυσεν

166 1392 291 1435 αὐτὸν
313 1393 355 1435 ἔν
375 1391 527 1450 εἰρήνῃ.
589 1393 823 1451 Ἀψᾲιαρος
839 1393 884 1436 δὲ
906 1393 1049 1452 φυγὼν
1070 1395 1126 1445 εἷς
1140 1391 1449 1437 Ἀπολλωνιάδα
1469 1397 1657 1448 συλλαμ-

165 1461 335 1517 βάνεται
352 1465 420 1505 καὶ
439 1463 543 1521 πρὸς
555 1462 842 1507 Ἰουστινιανὸν
862 1461 1024 1520 ἄγεται,
1054 1461 1251 1514 ὡσαύτως
1271 1464 1316 1505 δὲ
1332 1461 1657 1521 καὶςΗράκλειος

166 1533 248 1575 ἀπὸ
281 1531 451 1592 Θρᾴκης
478 1530 583 1587 μετά
606 1550 726 1577 τινων
745 1531 893 1590 ἑτέρων
915 1531 1147 1591 ἀρχόντων·
1181 1534 1249 1575 καὶ
1271 1535 1312 1576 ἐν
1331 1537 1392 1591 τῷ
1411 1534 1530 1588 τείχει
1551 1531 1657 1575 πάν-

166 1620 242 1654 τας
260 1601 513 1660 ἓφούλκισεν.
559 1603 802 1653 ἀποστείλας
820 1603 864 1645 δὲ
882 1605 951 1646 καὶ
972 1605 1028 1654 εἰς
1045 1602 1097 1647 τὰ
1112 1601 1303 1659 μεσόγεια
1322 1601 1469 1656 πάντα,
1495 1604 1657 1653 πλείους
1668 1612 1714 1648 20

166 1673 210 1724 ἐξ
235 1672 370 1716 αὐτῶν
390 1670 520 1730 εὑρών
544 1673 620 1723 ἕως
639 1673 906 1731 τριακοσίων,
941 1671 1097 1724 πάντας
1115 1673 1332 1716 ἀπέκτεινε.
1379 1672 1451 1715 τὸν
1473 1673 1518 1715 δὲ
1535 1672 1658 1727 Ἀψί-

166 1760 301 1800 μαρον
322 1743 390 1785 καὶ
411 1742 481 1785 τὸν
499 1742 702 1786 Λεόντιον
723 1740 962 1797 πομπεύσας
984 1742 1220 1797 δεδεμένους
1240 1743 1282 1784 ἒν
1300 1746 1351 1799 τῇ
1373 1740 1507 1793 πόλει,
1544 1741 1657 1783 ἱππι-

117 1822 147 1856 Β
171 1817 244 1855 κοῦ
276 1812 493 1869 γενομένου
524 1813 677 1869 ἤγαγον
698 1812 936 1866 δεδεμένους
956 1813 1024 1854 καὶ
1044 1811 1223 1869 ἔρριψαν
1244 1812 1300 1861 εἲς
1315 1810 1412 1862 τοὺς
1429 1809 1561 1861 πόδας
1581 1811 1657 1854 αὖ·

167 1886 258 1925 τοῦ.
326 1880 586 1937 πατήσαντος
607 1883 651 1926 δὲ
678 1884 734 1933 εἷς
754 1881 850 1933 τοὺς
868 1880 1098 1940 τραχήλους
1120 1881 1255 1925 αὐτῶν
1279 1879 1399 1940 ἄχρις
1421 1879 1658 1931 ἀπολύσεως

169 2015 367 2063 principem
391 2015 496 2051 misso
520 2014 686 2051 auxilium
710 2015 754 2051 ab
779 2027 822 2050 eo
846 2014 891 2050 ad
916 2013 1194 2062 recuperandum
1221 2013 1354 2050 avitum
1382 2014 1568 2061 imperium
1589 2015 1656 2050 fla-

170 2064 282 2108 gitat,
321 2074 435 2109 eoque
465 2062 606 2097 nomine
638 2074 713 2097 cum
747 2062 855 2097 multa
888 2062 999 2107 dona,
1035 2067 1108 2097 tum
1131 2061 1239 2096 filiam
1263 2074 1360 2097 suam
1387 2074 1428 2097 se
1452 2062 1486 2097 ei
1512 2066 1658 2108 nuptum

170 2109 380 2144 traditurum
410 2109 612 2156 pollicetur.
660 2109 824 2145 Terbelis
859 2109 974 2144 omnia
997 2121 1037 2144 se
1059 2109 1234 2143 facturum
1267 2108 1418 2154 iuravit,
1454 2120 1660 2154 omnemque

171 2156 404 2200 Bulgarorum
430 2160 467 2191 et
488 2156 675 2191 slavorum
699 2156 954 2195 multitudinem
982 2155 1146 2191 armavit.
1193 2167 1272 2190 cum
1294 2155 1350 2191 his
1370 2155 1588 2191 lastinianus
1613 2156 1659 2190 ad

173 2203 303 2248 Cpolin
337 2202 459 2248 venit,
498 2215 539 2237 ac
572 2209 687 2238 castra
720 2215 740 2238 a
771 2202 915 2238 Charsii
944 2208 1049 2258 porta
1080 2203 1124 2237 ad
1145 2202 1361 2237 Blachernas
1383 2213 1496 2248 usque
1525 2202 1659 2248 posuit.

171 2251 326 2285 triduum
350 2262 426 2285 cum
451 2250 636 2296 oppidanis
661 2250 782 2285 habito
807 2250 1002 2296 colloqulo,
1037 2261 1115 2284 cum
1138 2249 1250 2295 magis
1273 2249 1457 2295 magisque
1478 2254 1659 2284 contume-

172 2296 231 2332 liis
253 2297 478 2342 afficeretur,
503 2297 624 2342 paucis
645 2297 798 2343 stipatus
819 2297 987 2331 Romanis
1008 2307 1073 2343 per
1095 2297 1350 2342 aquaeductum
1371 2295 1409 2330 in
1430 2297 1553 2331 urbem
1575 2307 1659 2331 eva-

173 2343 242 2389 sit,
276 2355 389 2390 eoque
422 2344 585 2389 perfosso
618 2356 698 2380 mox
718 2344 758 2379 in
780 2343 914 2390 palatio
939 2343 1192 2378 Blachernensi
1224 2342 1413 2378 tentorium
1434 2343 1568 2388 posuit.
1617 2354 1661 2377 eo

175 2391 317 2436 cognito
337 2391 544 2438 Apsimarus
564 2403 641 2426 cum
660 2403 783 2437 magna
802 2391 840 2425 vi
860 2390 1033 2438 pecuniae
1053 2390 1314 2436 Apolloniadem
1333 2390 1503 2436 profugit.
1551 2389 1661 2425 Iusti—

174 2437 300 2473 nianus
324 2438 376 2473 ita
396 2437 583 2485 imperium
603 2438 850 2485 recuperavit,
884 2437 1088 2485 patriarcha
1111 2437 1208 2473 urbis
1231 2436 1417 2472 Callinico.

267 2507 486 2543 Iustinianus
519 2511 665 2554 recepto
698 2506 848 2553 imperio
881 2506 1023 2553 potitus,
1041 2511 1097 2541 est
1116 2518 1182 2553 per
1207 2517 1318 2541 annos
1341 2506 1378 2542 6.
1425 2505 1458 2540 is
1480 2504 1662 2540 Terbelim

175 2554 278 2589 donis
313 2555 428 2589 multis
463 2566 504 2589 ac
536 2555 637 2600 regia
668 2553 888 2601 supellectile
920 2559 958 2588 et
988 2561 1091 2599 parte
1122 2553 1273 2588 dicionis
1296 2553 1499 2596 Romanae,
1538 2563 1580 2586 ea
1605 2551 1662 2586 cui

176 2612 269 2636 nunc
292 2601 447 2647 Zagoria
469 2614 596 2636 nomen
619 2606 693 2648 est,
727 2605 970 2637 remuneratus
994 2600 1142 2646 pacifice
1167 2599 1315 2635 dimisit.
1362 2598 1566 2645 Apsimarus
1598 2610 1663 2632 au-

177 2652 248 2682 tem
270 2647 502 2693 Apolloniade
526 2661 571 2683 ex
595 2651 682 2694 fuga
703 2650 748 2684 ad
772 2648 1003 2683 Iustinianum
1025 2647 1235 2693 retrahitur,
1261 2647 1417 2693 itemque
1439 2657 1484 2680 ex
1507 2644 1664 2680 Thracia

177 2694 386 2740 Heraclius,
423 2707 500 2730 cum
532 2696 611 2732 aliis
642 2695 849 2741 quibusdam
879 2694 1114 2741 principibuS.
1161 2695 1224 2729 hos
1249 2705 1369 2728 omnes
1393 2692 1431 2727 iu
1454 2703 1552 2726 muro
1577 2702 1663 2737 sup-

179 2740 285 2786 plicio
310 2741 443 2777 affecit.
492 2742 645 2777 dimissis
681 2742 786 2777 etiam
817 2753 882 2788 per
912 2741 1170 2776 mediterranea
1201 2740 1372 2776 ministris
1405 2738 1554 2785 amplius
1588 2743 1663 2772 tre-

178 2787 292 2822 centis
316 2794 477 2834 repertos
501 2801 620 2824 eorum
645 2790 761 2824 socios
786 2800 906 2823 omnes
929 2787 1084 2823 necavit.
1131 2788 1352 2835 Apsimarum
1375 2797 1461 2821 vero
1487 2790 1524 2820 et
1543 2784 1662 2819 Leon-

180 2833 267 2869 tium
290 2834 428 2869 vinctos
453 2847 518 2880 per
539 2838 658 2870 urbem
687 2836 723 2870 in
754 2847 881 2882 pompa
904 2835 1027 2878 duxit3
1061 2835 1160 2881 iique
1187 2835 1278 2870 ludis
1301 2833 1530 2869 Circensibus
1554 2830 1665 2865 vincti

181 2881 226 2916 ad
249 2881 358 2928 pedes
372 2881 606 2929 'imperatoris
632 2882 782 2929 proiecti
813 2887 908 2918 sunt.
957 2893 1105 2928 quorum
1127 2894 1206 2918 cum
1231 2882 1289 2917 hic
1314 2881 1474 2917 cervices
1500 2877 1667 2922 calcaret,
