<?xml version="1.0" encoding="UTF-8"?>
<!DOCTYPE html PUBLIC "-//W3C//DTD XHTML 1.0 Transitional//EN"
    "http://www.w3.org/TR/xhtml1/DTD/xhtml1-transitional.dtd">
<html xmlns="http://www.w3.org/1999/xhtml" xml:lang="en" lang="en">
 <head>
  <title>
</title>
<meta http-equiv="Content-Type" content="text/html;charset=utf-8" />
  <meta name='ocr-system' content='tesseract 3.04.00' />
  <meta name='ocr-capabilities' content='ocr_page ocr_carea ocr_par ocr_line ocrx_word'/>
</head>
<body>
  <div class='ocr_page' id='page_1' title='image "./corpusscriptorum13niebuoft_0150.png"; bbox 0 0 1742 3184; ppageno 0'>
   <div class='ocr_carea' id='block_1_1' title="bbox 213 210 1234 262">
    <p class='ocr_par' dir='ltr' id='par_1_1' title="bbox 213 210 1234 262">
     <span class='ocr_line' id='line_1_1' title="bbox 213 210 1234 262; baseline -0.005 -2"><span class='ocrx_word' id='word_1_1' title='bbox 213 213 329 262; x_wconf 41' lang='lat'><strong>&lt;126</strong></span> <span class='ocrx_word' id='word_1_2' title='bbox 547 251 551 255; x_wconf 91' lang='lat'>.</span> <span class='ocrx_word' id='word_1_3' title='bbox 706 210 951 259; x_wconf 82' lang='lat' dir='ltr'>GEORGII</span> <span class='ocrx_word' id='word_1_4' title='bbox 987 210 1234 256; x_wconf 88' lang='lat' dir='ltr'>CEDRENI</span> 
     </span>
    </p>
   </div>
   <div class='ocr_carea' id='block_1_2' title="bbox 169 325 1742 1928">
    <p class='ocr_par' dir='ltr' id='par_1_2' title="bbox 169 325 1742 1087">
     <span class='ocr_line' id='line_1_2' title="bbox 225 325 1710 388; baseline -0.004 -12"><span class='ocrx_word' id='word_1_5' title='bbox 225 331 358 388; x_wconf 76' lang='grc' dir='ltr'><em>οἷἠσιν</em></span> <span class='ocrx_word' id='word_1_6' title='bbox 385 333 460 387; x_wconf 82' lang='grc' dir='ltr'><strong>τῆς</strong></span> <span class='ocrx_word' id='word_1_7' title='bbox 491 327 704 386; x_wconf 74' lang='grc' dir='ltr'><em>δυνάμεως</em></span> <span class='ocrx_word' id='word_1_8' title='bbox 729 333 804 373; x_wconf 79' lang='grc' dir='ltr'><strong>τοῦ</strong></span> <span class='ocrx_word' id='word_1_9' title='bbox 823 332 1026 387; x_wconf 80' lang='grc' dir='ltr'><em>πονηροῦ,</em></span> <span class='ocrx_word' id='word_1_10' title='bbox 1057 329 1126 372; x_wconf 79' lang='grc' dir='ltr'><strong>καὶ</strong></span> <span class='ocrx_word' id='word_1_11' title='bbox 1148 325 1203 379; x_wconf 82' lang='grc' dir='ltr'><strong>ὧς</strong></span> <span class='ocrx_word' id='word_1_12' title='bbox 1223 325 1404 383; x_wconf 76' lang='grc' dir='ltr'><em>βοήθεια</em></span> <span class='ocrx_word' id='word_1_13' title='bbox 1426 325 1552 371; x_wconf 79' lang='grc' dir='ltr'><em>αὗτὸν</em></span> <span class='ocrx_word' id='word_1_14' title='bbox 1574 326 1710 388; x_wconf 77' lang='grc' dir='ltr'><em>ἐκνικᾷ</em></span> 
     </span>
     <span class='ocr_line' id='line_1_3' title="bbox 227 396 1709 459; baseline -0.003 -14"><span class='ocrx_word' id='word_1_15' title='bbox 227 404 337 455; x_wconf 70' lang='grc' dir='ltr'><em>θεία,</em></span> <span class='ocrx_word' id='word_1_16' title='bbox 373 403 440 443; x_wconf 84' lang='grc' dir='ltr'><strong>καὶ</strong></span> <span class='ocrx_word' id='word_1_17' title='bbox 460 399 522 443; x_wconf 80' lang='grc' dir='ltr'><strong>ὅτι</strong></span> <span class='ocrx_word' id='word_1_18' title='bbox 537 401 607 443; x_wconf 67' lang='grc' dir='ltr'><em>ἵνα</em></span> <span class='ocrx_word' id='word_1_19' title='bbox 626 401 841 459; x_wconf 78' lang='grc' dir='ltr'><em>ἀναφανῇς</em></span> <span class='ocrx_word' id='word_1_20' title='bbox 861 401 1030 451; x_wconf 85' lang='grc' dir='ltr'><em>δίκαιος.</em></span> <span class='ocrx_word' id='word_1_21' title='bbox 1066 397 1151 446; x_wconf 74' lang='grc' dir='ltr'><strong>εἶτα</strong></span> <span class='ocrx_word' id='word_1_22' title='bbox 1174 396 1364 456; x_wconf 75' lang='grc' dir='ltr'><em>δεύτερον</em></span> <span class='ocrx_word' id='word_1_23' title='bbox 1385 397 1568 441; x_wconf 78' lang='grc' dir='ltr'><em>εῗκοστὸν</em></span> <span class='ocrx_word' id='word_1_24' title='bbox 1587 396 1709 440; x_wconf 79' lang='grc' dir='ltr'><em>πάλιν</em></span> 
     </span>
     <span class='ocr_line' id='line_1_4' title="bbox 220 467 1710 528; baseline -0.004 -13"><span class='ocrx_word' id='word_1_25' title='bbox 220 472 325 527; x_wconf 78' lang='grc' dir='ltr'><strong>Ἰὼβ</strong></span> <span class='ocrx_word' id='word_1_26' title='bbox 345 472 469 528; x_wconf 75' lang='grc' dir='ltr'><em>λέγων</em></span> <span class='ocrx_word' id='word_1_27' title='bbox 492 470 553 513; x_wconf 79' lang='grc' dir='ltr'><strong>ὅτι</strong></span> <span class='ocrx_word' id='word_1_28' title='bbox 576 468 774 528; x_wconf 78' lang='grc' dir='ltr'><em>πρότερον</em></span> <span class='ocrx_word' id='word_1_29' title='bbox 793 470 868 525; x_wconf 79' lang='grc' dir='ltr'><em>μὲν</em></span> <span class='ocrx_word' id='word_1_30' title='bbox 889 469 993 527; x_wconf 76' lang='grc' dir='ltr'><em>ἀκοῇ</em></span> <span class='ocrx_word' id='word_1_31' title='bbox 1015 468 1119 520; x_wconf 83' lang='grc' dir='ltr'><em>ὠτὸς</em></span> <span class='ocrx_word' id='word_1_32' title='bbox 1140 467 1290 525; x_wconf 73' lang='grc' dir='ltr'><em>ἤκουόν</em></span> <span class='ocrx_word' id='word_1_33' title='bbox 1312 484 1403 521; x_wconf 88' lang='grc' dir='ltr'><em>σου,</em></span> <span class='ocrx_word' id='word_1_34' title='bbox 1429 469 1517 511; x_wconf 88' lang='grc' dir='ltr'><em>νυνὶ</em></span> <span class='ocrx_word' id='word_1_35' title='bbox 1537 468 1582 510; x_wconf 81' lang='grc' dir='ltr'><strong>δὲ</strong></span> <span class='ocrx_word' id='word_1_36' title='bbox 1600 471 1710 522; x_wconf 82' lang='grc' dir='ltr'><strong>μᾶλ-</strong></span> 
     </span>
     <span class='ocr_line' id='line_1_5' title="bbox 224 536 1709 596; baseline -0.004 -10"><span class='ocrx_word' id='word_1_37' title='bbox 224 547 297 586; x_wconf 86' lang='grc' dir='ltr'><em>λον</em></span> <span class='ocrx_word' id='word_1_38' title='bbox 326 542 559 592; x_wconf 71' lang='grc' dir='ltr'><em>ἐνωτισθείς</em></span> <span class='ocrx_word' id='word_1_39' title='bbox 588 557 663 584; x_wconf 90' lang='grc' dir='ltr'><strong>σου</strong></span> <span class='ocrx_word' id='word_1_40' title='bbox 694 541 792 591; x_wconf 81' lang='grc' dir='ltr'><em>τοὺς</em></span> <span class='ocrx_word' id='word_1_41' title='bbox 816 537 961 596; x_wconf 79' lang='grc' dir='ltr'><strong><em>λόγους</em></strong></span> <span class='ocrx_word' id='word_1_42' title='bbox 981 538 1137 596; x_wconf 78' lang='grc' dir='ltr'><em>ἥγημαι</em></span> <span class='ocrx_word' id='word_1_43' title='bbox 1160 537 1337 594; x_wconf 75' lang='grc' dir='ltr'><em>ἐμαυτὸν</em></span> <span class='ocrx_word' id='word_1_44' title='bbox 1357 543 1433 595; x_wconf 80' lang='grc' dir='ltr'><em>γῆν</em></span> <span class='ocrx_word' id='word_1_45' title='bbox 1452 540 1520 580; x_wconf 81' lang='grc' dir='ltr'><strong>καὶ</strong></span> <span class='ocrx_word' id='word_1_46' title='bbox 1540 536 1709 581; x_wconf 84' lang='grc' dir='ltr'><em>σποδόν.</em></span> 
     </span>
     <span class='ocr_line' id='line_1_6' title="bbox 225 607 1742 668; baseline -0.005 -12"><span class='ocrx_word' id='word_1_47' title='bbox 225 611 312 656; x_wconf 78' lang='grc' dir='ltr'><em>εἶτα</em></span> <span class='ocrx_word' id='word_1_48' title='bbox 331 612 467 668; x_wconf 84' lang='grc' dir='ltr'><em>τρίτον</em></span> <span class='ocrx_word' id='word_1_49' title='bbox 490 612 557 653; x_wconf 83' lang='grc' dir='ltr'><strong>καὶ</strong></span> <span class='ocrx_word' id='word_1_50' title='bbox 576 608 778 663; x_wconf 73' lang='grc' dir='ltr'><em>εἰκοστόν,</em></span> <span class='ocrx_word' id='word_1_51' title='bbox 814 610 994 664; x_wconf 73' lang='grc' dir='ltr'><em>ἐπιτιμία</em></span> <span class='ocrx_word' id='word_1_52' title='bbox 1020 614 1093 652; x_wconf 77' lang='grc' dir='ltr'><strong>τοῦ</strong></span> <span class='ocrx_word' id='word_1_53' title='bbox 1128 607 1325 652; x_wconf 78' lang='grc' dir='ltr'><em>δεσπότου</em></span> <span class='ocrx_word' id='word_1_54' title='bbox 1355 612 1461 652; x_wconf 77' lang='grc' dir='ltr'><strong>θεοῦ</strong></span> <span class='ocrx_word' id='word_1_55' title='bbox 1488 607 1591 666; x_wconf 80' lang='grc' dir='ltr'><em>πρὸς</em></span> <span class='ocrx_word' id='word_1_56' title='bbox 1614 607 1742 658; x_wconf 74' lang='grc' dir='ltr'><em>τοὺςὸ</em></span> 
     </span>
     <span class='ocr_line' id='line_1_7' title="bbox 224 676 1711 740; baseline -0.005 -14"><span class='ocrx_word' id='word_1_57' title='bbox 224 687 332 740; x_wconf 77' lang='grc' dir='ltr'><em>τρεῖς</em></span> <span class='ocrx_word' id='word_1_58' title='bbox 353 682 498 739; x_wconf 84' lang='grc' dir='ltr'><em>φίλους</em></span> <span class='ocrx_word' id='word_1_59' title='bbox 515 678 633 734; x_wconf 80' lang='grc' dir='ltr'><strong>Ἰώβ,</strong></span> <span class='ocrx_word' id='word_1_60' title='bbox 663 679 883 723; x_wconf 73' lang='grc' dir='ltr'><strong><em>κελεύουσα</em></strong></span> <span class='ocrx_word' id='word_1_61' title='bbox 910 679 1061 730; x_wconf 75' lang='grc' dir='ltr'><em>αὐτοὺς</em></span> <span class='ocrx_word' id='word_1_62' title='bbox 1077 683 1207 722; x_wconf 69' lang='grc' dir='ltr'><em>θῦσαι</em></span> <span class='ocrx_word' id='word_1_63' title='bbox 1228 682 1288 737; x_wconf 77' lang='grc' dir='ltr'><strong>τῷ</strong></span> <span class='ocrx_word' id='word_1_64' title='bbox 1311 682 1399 737; x_wconf 75' lang='grc' dir='ltr'><strong>θεῷ</strong></span> <span class='ocrx_word' id='word_1_65' title='bbox 1415 676 1517 735; x_wconf 69' lang='grc' dir='ltr'><em>ὑπὲρ</em></span> <span class='ocrx_word' id='word_1_66' title='bbox 1538 677 1711 732; x_wconf 79' lang='grc' dir='ltr'><em>ἀνομίας</em></span> 
     </span>
     <span class='ocr_line' id='line_1_8' title="bbox 224 744 1710 806; baseline -0.004 -10"><span class='ocrx_word' id='word_1_67' title='bbox 224 753 359 796; x_wconf 78' lang='grc' dir='ltr'><em>αὐτῶν</em></span> <span class='ocrx_word' id='word_1_68' title='bbox 377 753 444 793; x_wconf 83' lang='grc' dir='ltr'><strong>καὶ</strong></span> <span class='ocrx_word' id='word_1_69' title='bbox 462 749 760 805; x_wconf 71' lang='grc' dir='ltr'><em>ἐξαιτήσασθαι</em></span> <span class='ocrx_word' id='word_1_70' title='bbox 775 751 955 806; x_wconf 79' lang='grc' dir='ltr'><em>περὶτῆς</em></span> <span class='ocrx_word' id='word_1_71' title='bbox 972 749 1145 804; x_wconf 84' lang='grc' dir='ltr'><em>ἀνομίας</em></span> <span class='ocrx_word' id='word_1_72' title='bbox 1165 749 1300 793; x_wconf 68' lang='grc' dir='ltr'><em>αὐτῶν</em></span> <span class='ocrx_word' id='word_1_73' title='bbox 1320 748 1441 804; x_wconf 76' lang='grc' dir='ltr'><em>εὐχὴν</em></span> <span class='ocrx_word' id='word_1_74' title='bbox 1460 749 1527 790; x_wconf 81' lang='grc' dir='ltr'><strong>καὶ</strong></span> <span class='ocrx_word' id='word_1_75' title='bbox 1547 744 1710 804; x_wconf 80' lang='grc' dir='ltr'><em>συγχώ-</em></span> 
     </span>
     <span class='ocr_line' id='line_1_9' title="bbox 169 815 1711 881; baseline -0.003 -17"><span class='ocrx_word' id='word_1_76' title='bbox 169 825 206 872; x_wconf 76' lang='grc' dir='ltr'><strong>Β</strong></span> <span class='ocrx_word' id='word_1_77' title='bbox 226 839 343 881; x_wconf 78' lang='grc' dir='ltr'><em>ρησιν</em></span> <span class='ocrx_word' id='word_1_78' title='bbox 361 821 474 879; x_wconf 80' lang='grc' dir='ltr'><em>παρὰ</em></span> <span class='ocrx_word' id='word_1_79' title='bbox 494 818 612 874; x_wconf 80' lang='grc' dir='ltr'>Ἰώβ.</span> <span class='ocrx_word' id='word_1_80' title='bbox 681 815 731 876; x_wconf 76' lang='grc' dir='ltr'><em>ἦν</em></span> <span class='ocrx_word' id='word_1_81' title='bbox 752 821 798 863; x_wconf 77' lang='grc' dir='ltr'><strong>δὲ</strong></span> <span class='ocrx_word' id='word_1_82' title='bbox 816 820 922 875; x_wconf 72' lang='grc' dir='ltr'><strong><em>’Ῑιὺβ</em></strong></span> <span class='ocrx_word' id='word_1_83' title='bbox 949 819 1131 875; x_wconf 81' lang='grc' dir='ltr'><em>πεμπτὸς</em></span> <span class='ocrx_word' id='word_1_84' title='bbox 1152 819 1232 862; x_wconf 82' lang='grc' dir='ltr'><strong>ἀπὸ</strong></span> <span class='ocrx_word' id='word_1_85' title='bbox 1257 817 1469 876; x_wconf 76' lang='grc' dir='ltr'><em>Ἀβραάμ,</em></span> <span class='ocrx_word' id='word_1_86' title='bbox 1506 819 1550 860; x_wconf 76' lang='grc' dir='ltr'><strong>ἐκ</strong></span> <span class='ocrx_word' id='word_1_87' title='bbox 1571 818 1711 874; x_wconf 75' lang='grc' dir='ltr'><em>γένους</em></span> 
     </span>
     <span class='ocr_line' id='line_1_10' title="bbox 216 887 1710 948; baseline -0.004 -12"><span class='ocrx_word' id='word_1_88' title='bbox 216 893 381 943; x_wconf 72' lang='grc' dir='ltr'><em>Ἠσαῦ,</em></span> <span class='ocrx_word' id='word_1_89' title='bbox 417 889 612 947; x_wconf 80' lang='grc' dir='ltr'><em>συγγενὴς</em></span> <span class='ocrx_word' id='word_1_90' title='bbox 636 890 787 948; x_wconf 61' lang='lat' dir='ltr'><strong>’Io-‘hio</strong></span> <span class='ocrx_word' id='word_1_91' title='bbox 818 893 1023 947; x_wconf 71' lang='grc' dir='ltr'><em>πενθεροῦ</em></span> <span class='ocrx_word' id='word_1_92' title='bbox 1045 890 1287 941; x_wconf 77' lang='grc' dir='ltr'><em>Μωῢσέως·</em></span> <span class='ocrx_word' id='word_1_93' title='bbox 1324 887 1350 946; x_wconf 75' lang='grc' dir='ltr'>ἡ</span> <span class='ocrx_word' id='word_1_94' title='bbox 1379 889 1424 931; x_wconf 77' lang='grc' dir='ltr'><strong>δὲ</strong></span> <span class='ocrx_word' id='word_1_95' title='bbox 1453 889 1614 943; x_wconf 78' lang='grc' dir='ltr'><em>πέμπτη</em></span> <span class='ocrx_word' id='word_1_96' title='bbox 1643 904 1710 944; x_wconf 77' lang='grc' dir='ltr'><strong>γε-</strong></span> 
     </span>
     <span class='ocr_line' id='line_1_11' title="bbox 221 957 1742 1018; baseline -0.004 -13"><span class='ocrx_word' id='word_1_97' title='bbox 221 962 412 1018; x_wconf 78' lang='grc' dir='ltr'><em>νεαλογία</em></span> <span class='ocrx_word' id='word_1_98' title='bbox 447 957 701 1016; x_wconf 75' lang='grc' dir='ltr'><strong>λαμβάνεται</strong></span> <span class='ocrx_word' id='word_1_99' title='bbox 742 959 872 1012; x_wconf 78' lang='grc' dir='ltr'><em>οὕτως</em></span> <span class='ocrx_word' id='word_1_100' title='bbox 883 992 897 1013; x_wconf 88' lang='grc'>,</span> <span class='ocrx_word' id='word_1_101' title='bbox 949 959 1143 1018; x_wconf 80' lang='grc' dir='ltr'><em>Ἀβραὰμ</em></span> <span class='ocrx_word' id='word_1_102' title='bbox 1183 960 1321 1003; x_wconf 81' lang='grc' dir='ltr'><em>Ἠσαῦ</em></span> <span class='ocrx_word' id='word_1_103' title='bbox 1358 958 1561 1016; x_wconf 82' lang='grc' dir='ltr'><em>Ῥαγουὴλ</em></span> <span class='ocrx_word' id='word_1_104' title='bbox 1597 957 1709 1016; x_wconf 78' lang='grc' dir='ltr'><em>Ζαρὲ</em></span> <span class='ocrx_word' id='word_1_105' title='bbox 1724 963 1742 999; x_wconf 74' lang='lat'><strong>1³</strong></span> 
     </span>
     <span class='ocr_line' id='line_1_12' title="bbox 179 1030 335 1087; baseline -0.006 -12"><span class='ocrx_word' id='word_1_106' title='bbox 179 1066 182 1067; x_wconf 17' lang='grc' dir='ltr'><em>γ</em></span> <span class='ocrx_word' id='word_1_107' title='bbox 218 1030 335 1087; x_wconf 63' lang='lat' dir='ltr'><em>²1⁶6ss-</em></span> 
     </span>
    </p>

    <p class='ocr_par' dir='ltr' id='par_1_3' title="bbox 223 1095 1742 1506">
     <span class='ocr_line' id='line_1_13' title="bbox 357 1095 1712 1157; baseline -0.004 -14"><span class='ocrx_word' id='word_1_108' title='bbox 357 1100 432 1143; x_wconf 87' lang='grc' dir='ltr'><em>Ἐν</em></span> <span class='ocrx_word' id='word_1_109' title='bbox 451 1105 536 1150; x_wconf 79' lang='grc' dir='ltr'><em>τοῖς</em></span> <span class='ocrx_word' id='word_1_110' title='bbox 553 1096 720 1157; x_wconf 84' lang='grc' dir='ltr'><em>χρόνοις</em></span> <span class='ocrx_word' id='word_1_111' title='bbox 735 1102 818 1142; x_wconf 82' lang='grc' dir='ltr'><em>τῶν</em></span> <span class='ocrx_word' id='word_1_112' title='bbox 834 1098 1037 1155; x_wconf 77' lang='grc' dir='ltr'><em>βασιλέων</em></span> <span class='ocrx_word' id='word_1_113' title='bbox 1057 1095 1274 1155; x_wconf 80' lang='grc' dir='ltr'><em>Λῗγύπτου</em></span> <span class='ocrx_word' id='word_1_114' title='bbox 1295 1101 1378 1141; x_wconf 82' lang='grc' dir='ltr'><em>τῶν</em></span> <span class='ocrx_word' id='word_1_115' title='bbox 1399 1095 1712 1155; x_wconf 75' lang='grc' dir='ltr'><em>προγεγραμμέ-</em></span> 
     </span>
     <span class='ocr_line' id='line_1_14' title="bbox 224 1166 1712 1230; baseline -0.006 -15"><span class='ocrx_word' id='word_1_116' title='bbox 224 1188 305 1215; x_wconf 89' lang='grc' dir='ltr'><strong>νων</strong></span> <span class='ocrx_word' id='word_1_117' title='bbox 327 1169 457 1228; x_wconf 74' lang='grc' dir='ltr'><em>ἐφάνη</em></span> <span class='ocrx_word' id='word_1_118' title='bbox 479 1187 540 1220; x_wconf 87' lang='grc' dir='ltr'><strong>τις</strong></span> <span class='ocrx_word' id='word_1_119' title='bbox 560 1171 601 1212; x_wconf 75' lang='grc' dir='ltr'><em>ἐν</em></span> <span class='ocrx_word' id='word_1_120' title='bbox 619 1173 670 1226; x_wconf 84' lang='grc' dir='ltr'><strong>τῇ</strong></span> <span class='ocrx_word' id='word_1_121' title='bbox 694 1170 833 1230; x_wconf 70' lang='grc' dir='ltr'><em>Καρία</em></span> <span class='ocrx_word' id='word_1_122' title='bbox 847 1168 968 1228; x_wconf 72' lang='grc' dir='ltr'><em>χώρᾳ</em></span> <span class='ocrx_word' id='word_1_123' title='bbox 985 1168 1264 1226; x_wconf 75' lang='grc' dir='ltr'><em>γιγαντογενὴς</em></span> <span class='ocrx_word' id='word_1_124' title='bbox 1286 1166 1538 1227; x_wconf 77' lang='grc' dir='ltr'><em>φιλόσοφος,</em></span> <span class='ocrx_word' id='word_1_125' title='bbox 1574 1167 1618 1208; x_wconf 77' lang='grc' dir='ltr'><strong>ἐκ</strong></span> <span class='ocrx_word' id='word_1_126' title='bbox 1638 1170 1712 1221; x_wconf 85' lang='grc' dir='ltr'><strong>τῆς</strong></span> 
     </span>
     <span class='ocr_line' id='line_1_15' title="bbox 225 1235 1710 1300; baseline -0.004 -16"><span class='ocrx_word' id='word_1_127' title='bbox 225 1245 360 1300; x_wconf 78' lang='grc' dir='ltr'><em>φυλῆς</em></span> <span class='ocrx_word' id='word_1_128' title='bbox 387 1244 461 1284; x_wconf 85' lang='grc' dir='ltr'><strong>τοῦ</strong></span> <span class='ocrx_word' id='word_1_129' title='bbox 485 1237 668 1298; x_wconf 60' lang='lat' dir='ltr'><strong>’stirpe-9,</strong></span> <span class='ocrx_word' id='word_1_130' title='bbox 714 1237 883 1295; x_wconf 84' lang='grc' dir='ltr'><em>ὀνόματι</em></span> <span class='ocrx_word' id='word_1_131' title='bbox 910 1240 1168 1294; x_wconf 82' lang='grc' dir='ltr'><em>Ἐνδυμίων,</em></span> <span class='ocrx_word' id='word_1_132' title='bbox 1216 1236 1328 1289; x_wconf 74' lang='grc' dir='ltr'><em>ὅστις</em></span> <span class='ocrx_word' id='word_1_133' title='bbox 1352 1236 1553 1293; x_wconf 80' lang='grc' dir='ltr'><em>μυστικὰς</em></span> <span class='ocrx_word' id='word_1_134' title='bbox 1587 1235 1710 1290; x_wconf 81' lang='grc' dir='ltr'><em>εὐχὰς</em></span> 
     </span>
     <span class='ocr_line' id='line_1_16' title="bbox 224 1305 1742 1367; baseline -0.004 -14"><span class='ocrx_word' id='word_1_135' title='bbox 224 1312 349 1367; x_wconf 75' lang='grc' dir='ltr'><em>λέγων</em></span> <span class='ocrx_word' id='word_1_136' title='bbox 372 1311 414 1353; x_wconf 71' lang='grc' dir='ltr'><em>ἐν</em></span> <span class='ocrx_word' id='word_1_137' title='bbox 435 1314 484 1367; x_wconf 84' lang='grc' dir='ltr'><strong>τῇ</strong></span> <span class='ocrx_word' id='word_1_138' title='bbox 503 1308 650 1366; x_wconf 74' lang='grc' dir='ltr'><em>σελήνῃ</em></span> <span class='ocrx_word' id='word_1_139' title='bbox 670 1307 757 1367; x_wconf 77' lang='grc' dir='ltr'><em>ᾔτει</em></span> <span class='ocrx_word' id='word_1_140' title='bbox 779 1309 907 1365; x_wconf 77' lang='grc' dir='ltr'><em>αὐτὴν</em></span> <span class='ocrx_word' id='word_1_141' title='bbox 927 1313 1080 1365; x_wconf 73' lang='grc' dir='ltr'><em>μαθεῖν</em></span> <span class='ocrx_word' id='word_1_142' title='bbox 1101 1308 1203 1365; x_wconf 77' lang='grc' dir='ltr'><em>παρ’</em></span> <span class='ocrx_word' id='word_1_143' title='bbox 1228 1308 1356 1363; x_wconf 77' lang='grc' dir='ltr'><em>αὐτῆς</em></span> <span class='ocrx_word' id='word_1_144' title='bbox 1375 1307 1420 1350; x_wconf 86' lang='grc' dir='ltr'><strong>τὸ</strong></span> <span class='ocrx_word' id='word_1_145' title='bbox 1441 1311 1556 1349; x_wconf 73' lang='grc' dir='ltr'><em>θεῖον</em></span> <span class='ocrx_word' id='word_1_146' title='bbox 1578 1305 1710 1361; x_wconf 70' lang='grc' dir='ltr'><em>ὄνομα</em></span> <span class='ocrx_word' id='word_1_147' title='bbox 1724 1310 1742 1346; x_wconf 87' lang='lat'><em>1</em></span> 
     </span>
     <span class='ocr_line' id='line_1_17' title="bbox 225 1375 1710 1438; baseline -0.003 -14"><span class='ocrx_word' id='word_1_148' title='bbox 225 1383 267 1424; x_wconf 76' lang='grc' dir='ltr'><em>ἔν</em></span> <span class='ocrx_word' id='word_1_149' title='bbox 291 1378 483 1438; x_wconf 81' lang='grc' dir='ltr'><em>ὁράματι.</em></span> <span class='ocrx_word' id='word_1_150' title='bbox 553 1380 622 1422; x_wconf 84' lang='grc' dir='ltr'><strong>καὶ</strong></span> <span class='ocrx_word' id='word_1_151' title='bbox 651 1379 692 1421; x_wconf 74' lang='grc' dir='ltr'><em>ἓν</em></span> <span class='ocrx_word' id='word_1_152' title='bbox 720 1384 777 1438; x_wconf 77' lang='grc' dir='ltr'><strong>τῷ</strong></span> <span class='ocrx_word' id='word_1_153' title='bbox 810 1379 934 1422; x_wconf 77' lang='grc' dir='ltr'><em>αὐτὸν</em></span> <span class='ocrx_word' id='word_1_154' title='bbox 959 1378 1158 1434; x_wconf 73' lang='grc' dir='ltr'><em>εὔχεσθαι</em></span> <span class='ocrx_word' id='word_1_155' title='bbox 1187 1377 1363 1430; x_wconf 72' lang='grc' dir='ltr'><em>ὕπνωσε,</em></span> <span class='ocrx_word' id='word_1_156' title='bbox 1398 1379 1466 1420; x_wconf 87' lang='grc' dir='ltr'><strong>καὶ</strong></span> <span class='ocrx_word' id='word_1_157' title='bbox 1487 1376 1635 1433; x_wconf 77' lang='grc' dir='ltr'><em>ἤκουσε</em></span> <span class='ocrx_word' id='word_1_158' title='bbox 1663 1375 1710 1419; x_wconf 81' lang='grc' dir='ltr'><strong>τὸ</strong></span> 
     </span>
     <span class='ocr_line' id='line_1_18' title="bbox 223 1446 1711 1506; baseline -0.004 -12"><span class='ocrx_word' id='word_1_159' title='bbox 223 1455 340 1494; x_wconf 69' lang='grc' dir='ltr'><em>θεῖον</em></span> <span class='ocrx_word' id='word_1_160' title='bbox 360 1449 492 1504; x_wconf 77' lang='grc' dir='ltr'><em>ὄνομα</em></span> <span class='ocrx_word' id='word_1_161' title='bbox 512 1450 553 1492; x_wconf 74' lang='grc' dir='ltr'><em>ἐν</em></span> <span class='ocrx_word' id='word_1_162' title='bbox 572 1446 763 1506; x_wconf 76' lang='grc' dir='ltr'><em>ὁράματι.</em></span> <span class='ocrx_word' id='word_1_163' title='bbox 834 1451 902 1492; x_wconf 85' lang='grc' dir='ltr'><strong>καὶ</strong></span> <span class='ocrx_word' id='word_1_164' title='bbox 925 1449 1057 1492; x_wconf 77' lang='grc' dir='ltr'><em>οὐκέτι</em></span> <span class='ocrx_word' id='word_1_165' title='bbox 1079 1449 1240 1504; x_wconf 78' lang='grc' dir='ltr'><em>ἀνέστη,</em></span> <span class='ocrx_word' id='word_1_166' title='bbox 1270 1448 1375 1491; x_wconf 78' lang='grc' dir='ltr'><em>ἀλλὰ</em></span> <span class='ocrx_word' id='word_1_167' title='bbox 1393 1447 1478 1490; x_wconf 70' lang='grc' dir='ltr'><em>ἔστι</em></span> <span class='ocrx_word' id='word_1_168' title='bbox 1499 1446 1544 1490; x_wconf 82' lang='grc' dir='ltr'><strong>τὸ</strong></span> <span class='ocrx_word' id='word_1_169' title='bbox 1562 1448 1711 1502; x_wconf 78' lang='grc' dir='ltr'><em>λείψα-</em></span> 
     </span>
    </p>

    <p class='ocr_par' dir='ltr' id='par_1_4' title="bbox 171 1514 1742 1786">
     <span class='ocr_line' id='line_1_19' title="bbox 171 1514 1708 1579; baseline -0.003 -16"><span class='ocrx_word' id='word_1_170' title='bbox 171 1534 202 1570; x_wconf 87' lang='lat' dir='ltr'>c</span> <span class='ocrx_word' id='word_1_171' title='bbox 227 1537 295 1563; x_wconf 91' lang='grc' dir='ltr'><strong>νον</strong></span> <span class='ocrx_word' id='word_1_172' title='bbox 319 1520 445 1563; x_wconf 79' lang='grc' dir='ltr'><em>αὐτοῦ</em></span> <span class='ocrx_word' id='word_1_173' title='bbox 469 1520 544 1570; x_wconf 68' lang='grc' dir='ltr'><strong>ἕως</strong></span> <span class='ocrx_word' id='word_1_174' title='bbox 559 1524 631 1563; x_wconf 85' lang='grc' dir='ltr'><strong>τοῦ</strong></span> <span class='ocrx_word' id='word_1_175' title='bbox 653 1523 725 1561; x_wconf 83' lang='grc' dir='ltr'><strong>νῦν</strong></span> <span class='ocrx_word' id='word_1_176' title='bbox 748 1521 790 1562; x_wconf 77' lang='grc' dir='ltr'><em>ἐν</em></span> <span class='ocrx_word' id='word_1_177' title='bbox 819 1524 870 1577; x_wconf 81' lang='grc' dir='ltr'><strong>τῇ</strong></span> <span class='ocrx_word' id='word_1_178' title='bbox 895 1521 1034 1579; x_wconf 73' lang='grc' dir='ltr'><em>Καρία</em></span> <span class='ocrx_word' id='word_1_179' title='bbox 1059 1519 1199 1576; x_wconf 79' lang='grc' dir='ltr'><em>νεκρὸν</em></span> <span class='ocrx_word' id='word_1_180' title='bbox 1218 1516 1484 1572; x_wconf 82' lang='grc' dir='ltr'><em>δονούμενον·</em></span> <span class='ocrx_word' id='word_1_181' title='bbox 1522 1519 1590 1559; x_wconf 84' lang='grc' dir='ltr'><strong>καὶ</strong></span> <span class='ocrx_word' id='word_1_182' title='bbox 1612 1514 1708 1559; x_wconf 77' lang='grc' dir='ltr'><em>κατ’</em></span> 
     </span>
     <span class='ocr_line' id='line_1_20' title="bbox 220 1584 1712 1648; baseline -0.005 -14"><span class='ocrx_word' id='word_1_183' title='bbox 220 1590 309 1642; x_wconf 68' lang='grc' dir='ltr'><em>ἔτος</em></span> <span class='ocrx_word' id='word_1_184' title='bbox 331 1590 539 1646; x_wconf 74' lang='grc' dir='ltr'><em>ἀνοίγουσι</em></span> <span class='ocrx_word' id='word_1_185' title='bbox 569 1589 643 1644; x_wconf 83' lang='grc' dir='ltr'><em>τὴν</em></span> <span class='ocrx_word' id='word_1_186' title='bbox 677 1589 805 1631; x_wconf 77' lang='grc' dir='ltr'><em>αὐτοῦ</em></span> <span class='ocrx_word' id='word_1_187' title='bbox 838 1589 964 1646; x_wconf 82' lang='grc' dir='ltr'><em>σορὸν</em></span> <span class='ocrx_word' id='word_1_188' title='bbox 996 1590 1037 1631; x_wconf 79' lang='grc' dir='ltr'><em>ἐν</em></span> <span class='ocrx_word' id='word_1_189' title='bbox 1068 1593 1117 1647; x_wconf 82' lang='grc' dir='ltr'><strong>τῇ</strong></span> <span class='ocrx_word' id='word_1_190' title='bbox 1136 1586 1255 1648; x_wconf 75' lang='grc' dir='ltr'><em>χώρᾳ</em></span> <span class='ocrx_word' id='word_1_191' title='bbox 1278 1588 1404 1646; x_wconf 73' lang='grc' dir='ltr'><em>ἐκείνῃ</em></span> <span class='ocrx_word' id='word_1_192' title='bbox 1414 1619 1427 1639; x_wconf 87' lang='grc'>,</span> <span class='ocrx_word' id='word_1_193' title='bbox 1473 1588 1541 1629; x_wconf 90' lang='grc' dir='ltr'><strong>καὶ</strong></span> <span class='ocrx_word' id='word_1_194' title='bbox 1561 1584 1712 1645; x_wconf 79' lang='grc' dir='ltr'><em>ὁρῶσιν</em></span> 
     </span>
     <span class='ocr_line' id='line_1_21' title="bbox 211 1651 1742 1716; baseline -0.002 -13"><span class='ocrx_word' id='word_1_195' title='bbox 211 1660 350 1704; x_wconf 64' lang='grc' dir='ltr'><em>ἀὐτοῦ</em></span> <span class='ocrx_word' id='word_1_196' title='bbox 373 1659 418 1702; x_wconf 84' lang='grc' dir='ltr'><strong>τὸ</strong></span> <span class='ocrx_word' id='word_1_197' title='bbox 444 1660 638 1714; x_wconf 76' lang='grc' dir='ltr'><em>λείψανον</em></span> <span class='ocrx_word' id='word_1_198' title='bbox 662 1657 905 1713; x_wconf 76' lang='grc' dir='ltr'><em>ὁονούμενον</em></span> <span class='ocrx_word' id='word_1_199' title='bbox 925 1656 1079 1716; x_wconf 78' lang='grc' dir='ltr'><em>νεκρόν,</em></span> <span class='ocrx_word' id='word_1_200' title='bbox 1116 1657 1172 1710; x_wconf 83' lang='grc' dir='ltr'><strong>ὡς</strong></span> <span class='ocrx_word' id='word_1_201' title='bbox 1191 1659 1367 1715; x_wconf 76' lang='grc' dir='ltr'><em>λέγουσι.</em></span> <span class='ocrx_word' id='word_1_202' title='bbox 1418 1658 1510 1715; x_wconf 74' lang='grc' dir='ltr'><strong>περὶ</strong></span> <span class='ocrx_word' id='word_1_203' title='bbox 1536 1651 1584 1699; x_wconf 74' lang='grc' dir='ltr'><strong>οὗ</strong></span> <span class='ocrx_word' id='word_1_204' title='bbox 1607 1657 1742 1715; x_wconf 79' lang='grc' dir='ltr'><em>φασὶΞ</em></span> 
     </span>
     <span class='ocr_line' id='line_1_22' title="bbox 220 1728 1015 1786; baseline -0.003 -12"><span class='ocrx_word' id='word_1_205' title='bbox 220 1731 295 1786; x_wconf 74' lang='grc' dir='ltr'><em>τὴν</em></span> <span class='ocrx_word' id='word_1_206' title='bbox 314 1728 486 1784; x_wconf 77' lang='grc' dir='ltr'><em>σελήνην</em></span> <span class='ocrx_word' id='word_1_207' title='bbox 504 1732 635 1786; x_wconf 76' lang='grc' dir='ltr'><em>φιλεῖν</em></span> <span class='ocrx_word' id='word_1_208' title='bbox 654 1728 724 1771; x_wconf 85' lang='grc' dir='ltr'><em>τὸν</em></span> <span class='ocrx_word' id='word_1_209' title='bbox 739 1729 1015 1783; x_wconf 84' lang='grc' dir='ltr'><em>Ἐνδυμίωνα.</em></span> 
     </span>
    </p>

    <p class='ocr_par' dir='ltr' id='par_1_5' title="bbox 224 1794 1714 1928">
     <span class='ocr_line' id='line_1_23' title="bbox 351 1794 1713 1855; baseline -0.003 -14"><span class='ocrx_word' id='word_1_210' title='bbox 351 1797 454 1842; x_wconf 77' lang='lat' dir='ltr'><em>‘&#39;Ott</em></span> <span class='ocrx_word' id='word_1_211' title='bbox 485 1800 526 1841; x_wconf 73' lang='grc' dir='ltr'><em>ἓν</em></span> <span class='ocrx_word' id='word_1_212' title='bbox 552 1798 736 1855; x_wconf 58' lang='lat' dir='ltr'><strong>{Amyth-9</strong></span> <span class='ocrx_word' id='word_1_213' title='bbox 771 1796 1062 1855; x_wconf 72' lang='grc' dir='ltr'><em>καταγογγῦζει</em></span> <span class='ocrx_word' id='word_1_214' title='bbox 1092 1796 1252 1855; x_wconf 74' lang='grc' dir='ltr'><em>Ἀαρὼν</em></span> <span class='ocrx_word' id='word_1_215' title='bbox 1284 1797 1352 1839; x_wconf 79' lang='grc' dir='ltr'><strong>καὶ</strong></span> <span class='ocrx_word' id='word_1_216' title='bbox 1381 1795 1570 1854; x_wconf 78' lang='grc' dir='ltr'><em>Μαριὰμ</em></span> <span class='ocrx_word' id='word_1_217' title='bbox 1607 1794 1713 1838; x_wconf 79' lang='grc' dir='ltr'><em>κατὰ</em></span> 
     </span>
     <span class='ocr_line' id='line_1_24' title="bbox 224 1861 1714 1928; baseline -0.004 -14"><span class='ocrx_word' id='word_1_218' title='bbox 224 1869 456 1920; x_wconf 70' lang='grc' dir='ltr'><em>ΖΠωϋσέως.</em></span> <span class='ocrx_word' id='word_1_219' title='bbox 530 1867 609 1924; x_wconf 67' lang='grc' dir='ltr'><strong>ἔχει</strong></span> <span class='ocrx_word' id='word_1_220' title='bbox 637 1869 682 1911; x_wconf 78' lang='grc' dir='ltr'><strong>δὲ</strong></span> <span class='ocrx_word' id='word_1_221' title='bbox 709 1868 853 1920; x_wconf 78' lang='grc' dir='ltr'><em>αὐταῖς</em></span> <span class='ocrx_word' id='word_1_222' title='bbox 877 1869 1030 1919; x_wconf 76' lang='grc' dir='ltr'><em>λέξεσιν</em></span> <span class='ocrx_word' id='word_1_223' title='bbox 1052 1861 1146 1928; x_wconf 79' lang='grc' dir='ltr'><strong>ᾧδε.</strong></span> <span class='ocrx_word' id='word_1_224' title='bbox 1223 1868 1292 1910; x_wconf 85' lang='grc' dir='ltr'><strong>καὶ</strong></span> <span class='ocrx_word' id='word_1_225' title='bbox 1324 1864 1496 1922; x_wconf 78' lang='grc' dir='ltr'><em>ἔλάλησε</em></span> <span class='ocrx_word' id='word_1_226' title='bbox 1527 1865 1714 1924; x_wconf 80' lang='grc' dir='ltr'><em>Μαριὰμ</em></span> 
     </span>
    </p>
   </div>
   <div class='ocr_carea' id='block_1_3' title="bbox 220 2043 1735 2982">
    <p class='ocr_par' dir='ltr' id='par_1_6' title="bbox 223 2043 1716 2468">
     <span class='ocr_line' id='line_1_25' title="bbox 223 2043 1714 2092; baseline -0.004 -8"><span class='ocrx_word' id='word_1_227' title='bbox 223 2046 347 2084; x_wconf 84' lang='lat' dir='ltr'><strong>divino</strong></span> <span class='ocrx_word' id='word_1_228' title='bbox 372 2045 502 2081; x_wconf 86' lang='lat' dir='ltr'><strong>auxilio</strong></span> <span class='ocrx_word' id='word_1_229' title='bbox 525 2045 667 2089; x_wconf 78' lang='lat' dir='ltr'><strong>vincat,</strong></span> <span class='ocrx_word' id='word_1_230' title='bbox 702 2049 809 2092; x_wconf 84' lang='lat' dir='ltr'><strong>atque</strong></span> <span class='ocrx_word' id='word_1_231' title='bbox 837 2045 890 2081; x_wconf 87' lang='lat' dir='ltr'><strong>sic</strong></span> <span class='ocrx_word' id='word_1_232' title='bbox 910 2057 949 2080; x_wconf 87' lang='lat' dir='ltr'><strong>se</strong></span> <span class='ocrx_word' id='word_1_233' title='bbox 973 2046 1102 2081; x_wconf 75' lang='lat' dir='ltr'><strong>iustum</strong></span> <span class='ocrx_word' id='word_1_234' title='bbox 1126 2046 1313 2091; x_wconf 83' lang='lat' dir='ltr'><strong>praebeat.</strong></span> <span class='ocrx_word' id='word_1_235' title='bbox 1358 2043 1567 2090; x_wconf 85' lang='lat' dir='ltr'><strong>vigesimum</strong></span> <span class='ocrx_word' id='word_1_236' title='bbox 1586 2055 1714 2079; x_wconf 86' lang='lat' dir='ltr'><strong>secun-</strong></span> 
     </span>
     <span class='ocr_line' id='line_1_26' title="bbox 223 2089 1715 2139; baseline -0.002 -10"><span class='ocrx_word' id='word_1_237' title='bbox 223 2095 305 2130; x_wconf 91' lang='lat' dir='ltr'><strong>dum</strong></span> <span class='ocrx_word' id='word_1_238' title='bbox 330 2094 438 2128; x_wconf 83' lang='lat' dir='ltr'><strong>Iobus</strong></span> <span class='ocrx_word' id='word_1_239' title='bbox 467 2104 606 2128; x_wconf 88' lang='lat' dir='ltr'><strong>rursum</strong></span> <span class='ocrx_word' id='word_1_240' title='bbox 634 2092 688 2127; x_wconf 83' lang='lat' dir='ltr'><strong>his</strong></span> <span class='ocrx_word' id='word_1_241' title='bbox 719 2093 840 2128; x_wconf 86' lang='lat' dir='ltr'><strong>verbis</strong></span> <span class='ocrx_word' id='word_1_242' title='bbox 870 2089 993 2139; x_wconf 78' lang='lat' dir='ltr'><strong>“prius</strong></span> <span class='ocrx_word' id='word_1_243' title='bbox 1018 2104 1158 2139; x_wconf 90' lang='lat' dir='ltr'><strong>quoque</strong></span> <span class='ocrx_word' id='word_1_244' title='bbox 1183 2092 1328 2127; x_wconf 89' lang='lat' dir='ltr'><strong>auribus</strong></span> <span class='ocrx_word' id='word_1_245' title='bbox 1350 2096 1450 2132; x_wconf 30' lang='lat' dir='ltr'><strong>tuam*</strong></span> <span class='ocrx_word' id='word_1_246' title='bbox 1478 2103 1602 2126; x_wconf 88' lang='lat' dir='ltr'><strong>vocem</strong></span> <span class='ocrx_word' id='word_1_247' title='bbox 1630 2103 1715 2138; x_wconf 86' lang='lat' dir='ltr'><strong>per-</strong></span> 
     </span>
     <span class='ocr_line' id='line_1_27' title="bbox 223 2137 1715 2187; baseline -0.003 -11"><span class='ocrx_word' id='word_1_248' title='bbox 223 2141 324 2187; x_wconf 85' lang='lat' dir='ltr'><strong>cepi:</strong></span> <span class='ocrx_word' id='word_1_249' title='bbox 350 2152 442 2175; x_wconf 90' lang='lat' dir='ltr'><strong>nunc</strong></span> <span class='ocrx_word' id='word_1_250' title='bbox 467 2145 583 2174; x_wconf 80' lang='lat' dir='ltr'><strong>autem</strong></span> <span class='ocrx_word' id='word_1_251' title='bbox 607 2139 718 2185; x_wconf 81' lang='lat' dir='ltr'><strong>magis</strong></span> <span class='ocrx_word' id='word_1_252' title='bbox 743 2140 857 2175; x_wconf 86' lang='lat' dir='ltr'><strong>adhuc</strong></span> <span class='ocrx_word' id='word_1_253' title='bbox 881 2152 923 2174; x_wconf 85' lang='lat' dir='ltr'><strong>ea</strong></span> <span class='ocrx_word' id='word_1_254' title='bbox 946 2140 1117 2185; x_wconf 80' lang='lat' dir='ltr'><strong>inaudita,</strong></span> <span class='ocrx_word' id='word_1_255' title='bbox 1141 2145 1271 2174; x_wconf 82' lang='lat' dir='ltr'><strong>terram</strong></span> <span class='ocrx_word' id='word_1_256' title='bbox 1291 2151 1332 2174; x_wconf 83' lang='lat' dir='ltr'><strong>ac</strong></span> <span class='ocrx_word' id='word_1_257' title='bbox 1352 2139 1505 2174; x_wconf 85' lang='lat' dir='ltr'><strong>cinerem</strong></span> <span class='ocrx_word' id='word_1_258' title='bbox 1524 2150 1580 2172; x_wconf 87' lang='lat' dir='ltr'><strong>me</strong></span> <span class='ocrx_word' id='word_1_259' title='bbox 1600 2137 1715 2183; x_wconf 90' lang='lat' dir='ltr'><strong>ipsum</strong></span> 
     </span>
     <span class='ocr_line' id='line_1_28' title="bbox 224 2183 1715 2235; baseline -0.002 -13"><span class='ocrx_word' id='word_1_260' title='bbox 224 2183 432 2235; x_wconf 83' lang='lat' dir='ltr'><strong>deputavi.”</strong></span> <span class='ocrx_word' id='word_1_261' title='bbox 479 2186 688 2232; x_wconf 79' lang='lat' dir='ltr'><strong>vigesimum</strong></span> <span class='ocrx_word' id='word_1_262' title='bbox 712 2187 854 2221; x_wconf 81' lang='lat' dir='ltr'><strong>tertium</strong></span> <span class='ocrx_word' id='word_1_263' title='bbox 879 2192 954 2233; x_wconf 81' lang='lat' dir='ltr'><strong>est,</strong></span> <span class='ocrx_word' id='word_1_264' title='bbox 987 2187 1048 2222; x_wconf 89' lang='lat' dir='ltr'><strong>ubi</strong></span> <span class='ocrx_word' id='word_1_265' title='bbox 1073 2188 1158 2221; x_wconf 91' lang='lat' dir='ltr'><strong>deus</strong></span> <span class='ocrx_word' id='word_1_266' title='bbox 1179 2191 1253 2221; x_wconf 89' lang='lat' dir='ltr'><strong>tres</strong></span> <span class='ocrx_word' id='word_1_267' title='bbox 1277 2186 1355 2220; x_wconf 92' lang='lat' dir='ltr'><strong>Iobi</strong></span> <span class='ocrx_word' id='word_1_268' title='bbox 1381 2185 1511 2221; x_wconf 84' lang='lat' dir='ltr'><strong>amicos</strong></span> <span class='ocrx_word' id='word_1_269' title='bbox 1537 2185 1715 2230; x_wconf 80' lang='lat' dir='ltr'><strong>obiurgat,</strong></span> 
     </span>
     <span class='ocr_line' id='line_1_29' title="bbox 224 2232 1716 2279; baseline -0.003 -9"><span class='ocrx_word' id='word_1_270' title='bbox 224 2240 264 2270; x_wconf 77' lang='lat' dir='ltr'><strong>et</strong></span> <span class='ocrx_word' id='word_1_271' title='bbox 286 2246 383 2269; x_wconf 86' lang='lat' dir='ltr'><strong>suam</strong></span> <span class='ocrx_word' id='word_1_272' title='bbox 407 2233 624 2279; x_wconf 82' lang='lat' dir='ltr'><strong>impietatem</strong></span> <span class='ocrx_word' id='word_1_273' title='bbox 647 2234 831 2268; x_wconf 86' lang='lat' dir='ltr'><strong>sacrificiis</strong></span> <span class='ocrx_word' id='word_1_274' title='bbox 853 2233 953 2268; x_wconf 82' lang='lat' dir='ltr'><strong>iubet</strong></span> <span class='ocrx_word' id='word_1_275' title='bbox 971 2233 1116 2279; x_wconf 85' lang='lat' dir='ltr'><strong>expiare</strong></span> <span class='ocrx_word' id='word_1_276' title='bbox 1140 2238 1246 2278; x_wconf 83' lang='lat' dir='ltr'><strong>atque</strong></span> <span class='ocrx_word' id='word_1_277' title='bbox 1268 2233 1409 2268; x_wconf 84' lang='lat' dir='ltr'><strong>veniam</strong></span> <span class='ocrx_word' id='word_1_278' title='bbox 1432 2237 1468 2267; x_wconf 83' lang='lat' dir='ltr'><strong>et</strong></span> <span class='ocrx_word' id='word_1_279' title='bbox 1489 2232 1716 2278; x_wconf 84' lang='lat' dir='ltr'><strong>deprecatio-</strong></span> 
     </span>
     <span class='ocr_line' id='line_1_30' title="bbox 225 2279 1715 2328; baseline -0.002 -12"><span class='ocrx_word' id='word_1_280' title='bbox 225 2293 305 2317; x_wconf 88' lang='lat' dir='ltr'><strong>nem</strong></span> <span class='ocrx_word' id='word_1_281' title='bbox 339 2292 404 2328; x_wconf 87' lang='lat' dir='ltr'><strong>pro</strong></span> <span class='ocrx_word' id='word_1_282' title='bbox 438 2292 502 2315; x_wconf 89' lang='lat' dir='ltr'><strong>suo</strong></span> <span class='ocrx_word' id='word_1_283' title='bbox 540 2286 686 2327; x_wconf 86' lang='lat' dir='ltr'><strong>peccato</strong></span> <span class='ocrx_word' id='word_1_284' title='bbox 721 2293 743 2315; x_wconf 83' lang='lat' dir='ltr'><strong>a</strong></span> <span class='ocrx_word' id='word_1_285' title='bbox 766 2281 853 2315; x_wconf 91' lang='lat' dir='ltr'><strong>Iobo</strong></span> <span class='ocrx_word' id='word_1_286' title='bbox 889 2280 1055 2326; x_wconf 84' lang='lat' dir='ltr'><strong>precibus</strong></span> <span class='ocrx_word' id='word_1_287' title='bbox 1080 2280 1255 2315; x_wconf 81' lang='lat' dir='ltr'><strong>obtinere.</strong></span> <span class='ocrx_word' id='word_1_288' title='bbox 1303 2280 1374 2315; x_wconf 82' lang='lat' dir='ltr'><strong>fuit</strong></span> <span class='ocrx_word' id='word_1_289' title='bbox 1399 2285 1515 2315; x_wconf 83' lang='lat' dir='ltr'><strong>autem</strong></span> <span class='ocrx_word' id='word_1_290' title='bbox 1537 2280 1646 2313; x_wconf 87' lang='lat' dir='ltr'><strong>Iobus</strong></span> <span class='ocrx_word' id='word_1_291' title='bbox 1670 2279 1715 2312; x_wconf 83' lang='lat' dir='ltr'><strong>ab</strong></span> 
     </span>
     <span class='ocr_line' id='line_1_31' title="bbox 223 2325 1716 2373; baseline -0.002 -10"><span class='ocrx_word' id='word_1_292' title='bbox 223 2328 426 2364; x_wconf 80' lang='lat' dir='ltr'><strong>Abrahamo</strong></span> <span class='ocrx_word' id='word_1_293' title='bbox 451 2327 545 2362; x_wconf 88' lang='lat' dir='ltr'><strong>serie</strong></span> <span class='ocrx_word' id='word_1_294' title='bbox 565 2327 707 2373; x_wconf 84' lang='lat' dir='ltr'><strong>generis</strong></span> <span class='ocrx_word' id='word_1_295' title='bbox 731 2327 888 2372; x_wconf 83' lang='lat' dir='ltr'><strong>quintus,</strong></span> <span class='ocrx_word' id='word_1_296' title='bbox 917 2327 1038 2362; x_wconf 84' lang='lat' dir='ltr'><strong>Esauo</strong></span> <span class='ocrx_word' id='word_1_297' title='bbox 1059 2327 1239 2373; x_wconf 85' lang='lat' dir='ltr'><strong>oriundus,</strong></span> <span class='ocrx_word' id='word_1_298' title='bbox 1263 2339 1304 2362; x_wconf 82' lang='lat' dir='ltr'><strong>ac</strong></span> <span class='ocrx_word' id='word_1_299' title='bbox 1326 2326 1494 2370; x_wconf 81' lang='lat' dir='ltr'><strong>Iothoris‚</strong></span> <span class='ocrx_word' id='word_1_300' title='bbox 1519 2325 1581 2372; x_wconf 87' lang='lat' dir='ltr'><strong>qui</strong></span> <span class='ocrx_word' id='word_1_301' title='bbox 1601 2325 1716 2360; x_wconf 89' lang='lat' dir='ltr'><strong>Mosis</strong></span> 
     </span>
     <span class='ocr_line' id='line_1_32' title="bbox 223 2373 1715 2420; baseline -0.002 -10"><span class='ocrx_word' id='word_1_302' title='bbox 223 2387 328 2411; x_wconf 84' lang='lat' dir='ltr'><strong>socer</strong></span> <span class='ocrx_word' id='word_1_303' title='bbox 353 2374 434 2419; x_wconf 83' lang='lat' dir='ltr'><strong>fuit,</strong></span> <span class='ocrx_word' id='word_1_304' title='bbox 459 2382 643 2419; x_wconf 85' lang='lat' dir='ltr'><strong>cognatus.</strong></span> <span class='ocrx_word' id='word_1_305' title='bbox 678 2374 790 2409; x_wconf 85' lang='lat' dir='ltr'><strong>series</strong></span> <span class='ocrx_word' id='word_1_306' title='bbox 814 2374 956 2420; x_wconf 85' lang='lat' dir='ltr'><strong>generis</strong></span> <span class='ocrx_word' id='word_1_307' title='bbox 989 2374 1041 2409; x_wconf 78' lang='lat' dir='ltr'><strong>ita</strong></span> <span class='ocrx_word' id='word_1_308' title='bbox 1068 2374 1198 2409; x_wconf 83' lang='lat' dir='ltr'><strong>habet:</strong></span> <span class='ocrx_word' id='word_1_309' title='bbox 1232 2374 1452 2410; x_wconf 84' lang='lat' dir='ltr'><strong>Abrahamus</strong></span> <span class='ocrx_word' id='word_1_310' title='bbox 1475 2373 1617 2408; x_wconf 82' lang='lat' dir='ltr'><strong>Esauus</strong></span> <span class='ocrx_word' id='word_1_311' title='bbox 1640 2373 1715 2407; x_wconf 87' lang='lat' dir='ltr'><strong>Ra-</strong></span> 
     </span>
     <span class='ocr_line' id='line_1_33' title="bbox 224 2421 628 2468; baseline 0 -12"><span class='ocrx_word' id='word_1_312' title='bbox 224 2421 347 2468; x_wconf 84' lang='lat' dir='ltr'><strong>guelus</strong></span> <span class='ocrx_word' id='word_1_313' title='bbox 372 2421 483 2455; x_wconf 85' lang='lat' dir='ltr'><strong>Zares</strong></span> <span class='ocrx_word' id='word_1_314' title='bbox 506 2422 628 2456; x_wconf 86' lang='lat' dir='ltr'><strong>Iobus.</strong></span> 
     </span>
    </p>

    <p class='ocr_par' dir='ltr' id='par_1_7' title="bbox 220 2464 1718 2886">
     <span class='ocr_line' id='line_1_34' title="bbox 319 2464 1716 2514; baseline -0.002 -12"><span class='ocrx_word' id='word_1_315' title='bbox 319 2469 400 2510; x_wconf 81' lang='lat' dir='ltr'><strong>Quo</strong></span> <span class='ocrx_word' id='word_1_316' title='bbox 426 2469 585 2513; x_wconf 73' lang='lat' dir='ltr'><strong>tempore</strong></span> <span class='ocrx_word' id='word_1_317' title='bbox 607 2467 767 2513; x_wconf 79' lang='lat' dir='ltr'><strong>Aegypti</strong></span> <span class='ocrx_word' id='word_1_318' title='bbox 789 2479 894 2512; x_wconf 85' lang='lat' dir='ltr'><strong>reges</strong></span> <span class='ocrx_word' id='word_1_319' title='bbox 929 2467 957 2502; x_wconf 91' lang='lat' dir='ltr'><strong>ii</strong></span> <span class='ocrx_word' id='word_1_320' title='bbox 987 2468 1133 2503; x_wconf 79' lang='lat' dir='ltr'><strong>suerunt</strong></span> <span class='ocrx_word' id='word_1_321' title='bbox 1166 2479 1254 2514; x_wconf 86' lang='lat' dir='ltr'><strong>quos</strong></span> <span class='ocrx_word' id='word_1_322' title='bbox 1289 2478 1399 2513; x_wconf 85' lang='lat' dir='ltr'><strong>supra</strong></span> <span class='ocrx_word' id='word_1_323' title='bbox 1428 2465 1569 2510; x_wconf 82' lang='lat' dir='ltr'><strong>rettuli,</strong></span> <span class='ocrx_word' id='word_1_324' title='bbox 1605 2477 1647 2500; x_wconf 90' lang='lat' dir='ltr'><strong>eo</strong></span> <span class='ocrx_word' id='word_1_325' title='bbox 1678 2464 1716 2499; x_wconf 89' lang='lat' dir='ltr'><strong>in</strong></span> 
     </span>
     <span class='ocr_line' id='line_1_35' title="bbox 224 2511 1715 2560; baseline -0.002 -11"><span class='ocrx_word' id='word_1_326' title='bbox 224 2514 335 2550; x_wconf 83' lang='lat' dir='ltr'><strong>Caria</strong></span> <span class='ocrx_word' id='word_1_327' title='bbox 354 2514 585 2560; x_wconf 86' lang='lat' dir='ltr'><strong>philosophus</strong></span> <span class='ocrx_word' id='word_1_328' title='bbox 605 2514 747 2559; x_wconf 85' lang='lat' dir='ltr'><strong>quidam</strong></span> <span class='ocrx_word' id='word_1_329' title='bbox 771 2525 792 2548; x_wconf 84' lang='lat' dir='ltr'><strong>a</strong></span> <span class='ocrx_word' id='word_1_330' title='bbox 815 2514 1018 2559; x_wconf 82' lang='lat' dir='ltr'>gigantibus</span> <span class='ocrx_word' id='word_1_331' title='bbox 1043 2522 1237 2560; x_wconf 81' lang='lat' dir='ltr'>prognatus</span> <span class='ocrx_word' id='word_1_332' title='bbox 1263 2514 1418 2556; x_wconf 81' lang='lat' dir='ltr'><strong>exstitit,</strong></span> <span class='ocrx_word' id='word_1_333' title='bbox 1450 2513 1496 2547; x_wconf 86' lang='lat' dir='ltr'><strong>de</strong></span> <span class='ocrx_word' id='word_1_334' title='bbox 1519 2513 1632 2558; x_wconf 80' lang='lat' dir='ltr'><strong>stirpe</strong></span> <span class='ocrx_word' id='word_1_335' title='bbox 1656 2511 1715 2546; x_wconf 81' lang='lat' dir='ltr'><strong>Ia-</strong></span> 
     </span>
     <span class='ocr_line' id='line_1_36' title="bbox 220 2558 1718 2608; baseline -0.003 -12"><span class='ocrx_word' id='word_1_336' title='bbox 220 2561 320 2607; x_wconf 81' lang='lat' dir='ltr'><strong>peti,</strong></span> <span class='ocrx_word' id='word_1_337' title='bbox 344 2561 484 2595; x_wconf 89' lang='lat' dir='ltr'><strong>nomine</strong></span> <span class='ocrx_word' id='word_1_338' title='bbox 503 2561 719 2605; x_wconf 85' lang='lat' dir='ltr'><strong>Endymion.</strong></span> <span class='ocrx_word' id='word_1_339' title='bbox 767 2560 799 2595; x_wconf 90' lang='lat' dir='ltr'><strong>is</strong></span> <span class='ocrx_word' id='word_1_340' title='bbox 830 2562 944 2596; x_wconf 87' lang='lat' dir='ltr'><strong>lunam</strong></span> <span class='ocrx_word' id='word_1_341' title='bbox 969 2561 1128 2606; x_wconf 78' lang='lat' dir='ltr'><strong>mysticis</strong></span> <span class='ocrx_word' id='word_1_342' title='bbox 1152 2562 1359 2608; x_wconf 86' lang='lat' dir='ltr'><strong>quibusdam</strong></span> <span class='ocrx_word' id='word_1_343' title='bbox 1384 2559 1549 2605; x_wconf 86' lang='lat' dir='ltr'><strong>precibus</strong></span> <span class='ocrx_word' id='word_1_344' title='bbox 1573 2558 1718 2604; x_wconf 80' lang='lat' dir='ltr'><strong>flagita-</strong></span> 
     </span>
     <span class='ocr_line' id='line_1_37' title="bbox 221 2606 1717 2654; baseline -0.001 -12"><span class='ocrx_word' id='word_1_345' title='bbox 221 2607 295 2652; x_wconf 84' lang='lat' dir='ltr'><strong>vit,</strong></span> <span class='ocrx_word' id='word_1_346' title='bbox 328 2612 367 2642; x_wconf 81' lang='lat' dir='ltr'><strong>ut</strong></span> <span class='ocrx_word' id='word_1_347' title='bbox 393 2607 464 2641; x_wconf 90' lang='lat' dir='ltr'><strong>sibi</strong></span> <span class='ocrx_word' id='word_1_348' title='bbox 486 2618 550 2652; x_wconf 87' lang='lat' dir='ltr'><strong>per</strong></span> <span class='ocrx_word' id='word_1_349' title='bbox 574 2607 742 2642; x_wconf 80' lang='lat' dir='ltr'><strong>visionem</strong></span> <span class='ocrx_word' id='word_1_350' title='bbox 767 2619 893 2642; x_wconf 88' lang='lat' dir='ltr'><strong>nomen</strong></span> <span class='ocrx_word' id='word_1_351' title='bbox 917 2609 1075 2643; x_wconf 82' lang='lat' dir='ltr'><strong>divinum</strong></span> <span class='ocrx_word' id='word_1_352' title='bbox 1102 2609 1281 2654; x_wconf 80' lang='lat' dir='ltr'><strong>aperiret3</strong></span> <span class='ocrx_word' id='word_1_353' title='bbox 1313 2608 1478 2653; x_wconf 87' lang='lat' dir='ltr'><strong>interque</strong></span> <span class='ocrx_word' id='word_1_354' title='bbox 1502 2606 1717 2652; x_wconf 82' lang='lat' dir='ltr'><strong>precandum</strong></span> 
     </span>
     <span class='ocr_line' id='line_1_38' title="bbox 221 2652 1716 2702; baseline -0.002 -13"><span class='ocrx_word' id='word_1_355' title='bbox 221 2665 262 2689; x_wconf 80' lang='lat' dir='ltr'><strong>so</strong></span> <span class='ocrx_word' id='word_1_356' title='bbox 289 2654 360 2688; x_wconf 79' lang='lat' dir='ltr'><strong>itus</strong></span> <span class='ocrx_word' id='word_1_357' title='bbox 385 2653 543 2688; x_wconf 80' lang='lat' dir='ltr'><strong>divinum</strong></span> <span class='ocrx_word' id='word_1_358' title='bbox 567 2666 694 2688; x_wconf 89' lang='lat' dir='ltr'><strong>nomen</strong></span> <span class='ocrx_word' id='word_1_359' title='bbox 717 2654 755 2688; x_wconf 88' lang='lat' dir='ltr'><strong>in</strong></span> <span class='ocrx_word' id='word_1_360' title='bbox 773 2654 912 2690; x_wconf 85' lang='lat' dir='ltr'><strong>visione</strong></span> <span class='ocrx_word' id='word_1_361' title='bbox 932 2656 1081 2691; x_wconf 82' lang='lat' dir='ltr'><strong>audivit.</strong></span> <span class='ocrx_word' id='word_1_362' title='bbox 1115 2667 1230 2702; x_wconf 88' lang='lat' dir='ltr'><strong>neque</strong></span> <span class='ocrx_word' id='word_1_363' title='bbox 1257 2657 1301 2689; x_wconf 73' lang='lat' dir='ltr'><strong>ab</strong></span> <span class='ocrx_word' id='word_1_364' title='bbox 1327 2666 1369 2688; x_wconf 86' lang='lat' dir='ltr'><strong>eo</strong></span> <span class='ocrx_word' id='word_1_365' title='bbox 1395 2665 1516 2687; x_wconf 89' lang='lat' dir='ltr'><strong>somno</strong></span> <span class='ocrx_word' id='word_1_366' title='bbox 1541 2652 1716 2688; x_wconf 78' lang='lat' dir='ltr'><strong>surrexit:</strong></span> 
     </span>
     <span class='ocr_line' id='line_1_39' title="bbox 222 2699 1715 2748; baseline -0.003 -12"><span class='ocrx_word' id='word_1_367' title='bbox 222 2712 262 2736; x_wconf 80' lang='lat' dir='ltr'><strong>se</strong></span> <span class='ocrx_word' id='word_1_368' title='bbox 311 2699 484 2746; x_wconf 77' lang='lat' dir='ltr'><strong>reliquiae</strong></span> <span class='ocrx_word' id='word_1_369' title='bbox 508 2699 585 2735; x_wconf 88' lang='lat' dir='ltr'><strong>eius</strong></span> <span class='ocrx_word' id='word_1_370' title='bbox 609 2700 795 2735; x_wconf 86' lang='lat' dir='ltr'><strong>etiamnum</strong></span> <span class='ocrx_word' id='word_1_371' title='bbox 819 2702 856 2736; x_wconf 87' lang='lat' dir='ltr'><strong>in</strong></span> <span class='ocrx_word' id='word_1_372' title='bbox 881 2702 987 2737; x_wconf 86' lang='lat' dir='ltr'><strong>Caria</strong></span> <span class='ocrx_word' id='word_1_373' title='bbox 1012 2708 1165 2748; x_wconf 81' lang='lat' dir='ltr'><strong>exstant,</strong></span> <span class='ocrx_word' id='word_1_374' title='bbox 1203 2703 1355 2737; x_wconf 84' lang='lat' dir='ltr'><strong>cadaver</strong></span> <span class='ocrx_word' id='word_1_375' title='bbox 1380 2700 1574 2736; x_wconf 79' lang='lat' dir='ltr'><strong>identidem</strong></span> <span class='ocrx_word' id='word_1_376' title='bbox 1599 2699 1715 2745; x_wconf 79' lang='lat' dir='ltr'><strong>agita—</strong></span> 
     </span>
     <span class='ocr_line' id='line_1_40' title="bbox 221 2745 1716 2796; baseline -0.001 -15"><span class='ocrx_word' id='word_1_377' title='bbox 221 2752 319 2790; x_wconf 78' lang='lat' dir='ltr'><strong>tum;</strong></span> <span class='ocrx_word' id='word_1_378' title='bbox 353 2753 459 2792; x_wconf 86' lang='lat' dir='ltr'><strong>atque</strong></span> <span class='ocrx_word' id='word_1_379' title='bbox 492 2745 529 2781; x_wconf 87' lang='lat' dir='ltr'><strong>in</strong></span> <span class='ocrx_word' id='word_1_380' title='bbox 550 2747 658 2782; x_wconf 88' lang='lat' dir='ltr'><strong>Caria</strong></span> <span class='ocrx_word' id='word_1_381' title='bbox 683 2749 872 2793; x_wconf 83' lang='lat' dir='ltr'><strong>quotannis</strong></span> <span class='ocrx_word' id='word_1_382' title='bbox 898 2751 1050 2784; x_wconf 87' lang='lat' dir='ltr'><strong>tumbam</strong></span> <span class='ocrx_word' id='word_1_383' title='bbox 1075 2750 1151 2784; x_wconf 88' lang='lat' dir='ltr'><strong>eius</strong></span> <span class='ocrx_word' id='word_1_384' title='bbox 1177 2748 1360 2796; x_wconf 82' lang='lat' dir='ltr'><strong>aperiunt,</strong></span> <span class='ocrx_word' id='word_1_385' title='bbox 1398 2751 1438 2782; x_wconf 89' lang='lat' dir='ltr'><strong>ut</strong></span> <span class='ocrx_word' id='word_1_386' title='bbox 1459 2747 1594 2792; x_wconf 75' lang='lat' dir='ltr'><strong>fertur,</strong></span> <span class='ocrx_word' id='word_1_387' title='bbox 1629 2757 1716 2780; x_wconf 83' lang='lat' dir='ltr'><strong>con-</strong></span> 
     </span>
     <span class='ocr_line' id='line_1_41' title="bbox 222 2794 1716 2842; baseline -0.001 -14"><span class='ocrx_word' id='word_1_388' title='bbox 222 2798 437 2839; x_wconf 75' lang='lat' dir='ltr'><strong>tuenturque</strong></span> <span class='ocrx_word' id='word_1_389' title='bbox 461 2794 630 2839; x_wconf 85' lang='lat' dir='ltr'><strong>reliquias</strong></span> <span class='ocrx_word' id='word_1_390' title='bbox 652 2794 764 2840; x_wconf 88' lang='lat' dir='ltr'><strong>ipsius</strong></span> <span class='ocrx_word' id='word_1_391' title='bbox 788 2801 884 2831; x_wconf 83' lang='lat' dir='ltr'><strong>motu</strong></span> <span class='ocrx_word' id='word_1_392' title='bbox 907 2796 1075 2842; x_wconf 79' lang='lat' dir='ltr'><strong>agitatas.</strong></span> <span class='ocrx_word' id='word_1_393' title='bbox 1099 2797 1183 2831; x_wconf 87' lang='lat' dir='ltr'><strong>inde</strong></span> <span class='ocrx_word' id='word_1_394' title='bbox 1208 2794 1329 2831; x_wconf 79' lang='lat' dir='ltr'><strong>fabula</strong></span> <span class='ocrx_word' id='word_1_395' title='bbox 1351 2799 1467 2829; x_wconf 77' lang='lat' dir='ltr'><strong>tracta</strong></span> <span class='ocrx_word' id='word_1_396' title='bbox 1491 2799 1548 2830; x_wconf 84' lang='lat' dir='ltr'><strong>est</strong></span> <span class='ocrx_word' id='word_1_397' title='bbox 1571 2794 1716 2828; x_wconf 85' lang='lat' dir='ltr'><strong>adama-</strong></span> 
     </span>
     <span class='ocr_line' id='line_1_42' title="bbox 222 2840 877 2886; baseline 0.002 -10"><span class='ocrx_word' id='word_1_398' title='bbox 222 2846 297 2876; x_wconf 83' lang='lat' dir='ltr'><strong>tum</strong></span> <span class='ocrx_word' id='word_1_399' title='bbox 320 2841 432 2875; x_wconf 81' lang='lat' dir='ltr'><strong>fuisse</strong></span> <span class='ocrx_word' id='word_1_400' title='bbox 457 2852 478 2874; x_wconf 81' lang='lat' dir='ltr'><strong>a</strong></span> <span class='ocrx_word' id='word_1_401' title='bbox 495 2840 578 2875; x_wconf 84' lang='lat' dir='ltr'><strong>luna</strong></span> <span class='ocrx_word' id='word_1_402' title='bbox 602 2841 877 2886; x_wconf 84' lang='lat' dir='ltr'><strong>Endymionem.</strong></span> 
     </span>
    </p>

    <p class='ocr_par' dir='ltr' id='par_1_8' title="bbox 224 2886 1735 2982">
     <span class='ocr_line' id='line_1_43' title="bbox 316 2886 1735 2934; baseline -0.003 -12"><span class='ocrx_word' id='word_1_403' title='bbox 316 2887 421 2933; x_wconf 87' lang='lat' dir='ltr'><strong>Apud</strong></span> <span class='ocrx_word' id='word_1_404' title='bbox 443 2887 613 2922; x_wconf 82' lang='lat' dir='ltr'><strong>Asirotha</strong></span> <span class='ocrx_word' id='word_1_405' title='bbox 638 2888 731 2932; x_wconf 92' lang='lat' dir='ltr'><strong>(loci</strong></span> <span class='ocrx_word' id='word_1_406' title='bbox 764 2889 831 2924; x_wconf 84' lang='lat' dir='ltr'><strong>hoc</strong></span> <span class='ocrx_word' id='word_1_407' title='bbox 863 2901 990 2924; x_wconf 88' lang='lat' dir='ltr'><strong>nomen</strong></span> <span class='ocrx_word' id='word_1_408' title='bbox 1022 2890 1103 2934; x_wconf 83' lang='lat' dir='ltr'><strong>est)</strong></span> <span class='ocrx_word' id='word_1_409' title='bbox 1127 2889 1248 2924; x_wconf 84' lang='lat' dir='ltr'><strong>Aaron</strong></span> <span class='ocrx_word' id='word_1_410' title='bbox 1272 2893 1308 2924; x_wconf 83' lang='lat' dir='ltr'><strong>et</strong></span> <span class='ocrx_word' id='word_1_411' title='bbox 1331 2887 1449 2923; x_wconf 77' lang='lat' dir='ltr'><strong>Maria</strong></span> <span class='ocrx_word' id='word_1_412' title='bbox 1476 2886 1571 2922; x_wconf 87' lang='lat' dir='ltr'><strong>Mosi</strong></span> <span class='ocrx_word' id='word_1_413' title='bbox 1596 2886 1735 2922; x_wconf 68' lang='lat' dir='ltr'><strong>obtre-‚</strong></span> 
     </span>
     <span class='ocr_line' id='line_1_44' title="bbox 224 2932 1716 2982; baseline -0.001 -13"><span class='ocrx_word' id='word_1_414' title='bbox 224 2938 335 2970; x_wconf 79' lang='lat' dir='ltr'><strong>etant.</strong></span> <span class='ocrx_word' id='word_1_415' title='bbox 381 2945 440 2969; x_wconf 86' lang='lat' dir='ltr'><strong>res</strong></span> <span class='ocrx_word' id='word_1_416' title='bbox 464 2934 501 2969; x_wconf 92' lang='lat' dir='ltr'><strong>in</strong></span> <span class='ocrx_word' id='word_1_417' title='bbox 527 2946 630 2970; x_wconf 86' lang='lat' dir='ltr'><strong>sacra</strong></span> <span class='ocrx_word' id='word_1_418' title='bbox 652 2935 829 2982; x_wconf 86' lang='lat' dir='ltr'><strong>scriptura</strong></span> <span class='ocrx_word' id='word_1_419' title='bbox 853 2936 951 2972; x_wconf 87' lang='lat' dir='ltr'><strong>hisce</strong></span> <span class='ocrx_word' id='word_1_420' title='bbox 975 2936 1095 2972; x_wconf 87' lang='lat' dir='ltr'><strong>verbis</strong></span> <span class='ocrx_word' id='word_1_421' title='bbox 1119 2937 1288 2971; x_wconf 78' lang='lat' dir='ltr'><strong>refertur.</strong></span> <span class='ocrx_word' id='word_1_422' title='bbox 1336 2932 1515 2971; x_wconf 77' lang='lat' dir='ltr'><strong>“oblocuti</strong></span> <span class='ocrx_word' id='word_1_423' title='bbox 1539 2939 1622 2969; x_wconf 88' lang='lat' dir='ltr'><strong>sunt</strong></span> <span class='ocrx_word' id='word_1_424' title='bbox 1644 2933 1716 2968; x_wconf 84' lang='lat' dir='ltr'><strong>Aa-</strong></span> 
     </span>
    </p>
   </div>
  </div>
 </body>
</html>
