1742 3184
188 180 288 230 648
674 181 915 228 GEORGII
944 177 1192 226 CEDRENI

189 296 402 355 λεγόμενον
420 294 671 351 Ζεύξιππος,
707 298 751 340 ἓν
773 290 806 355 ᾧ
824 296 985 352 ποικίλη
1008 313 1071 348 τις
1091 290 1143 351 ἦν
1160 295 1320 353 θεωρία
1340 296 1409 338 καὶ
1429 291 1668 352 λαμπρότης

185 373 351 423 τεχνῶν,
385 373 466 411 τῶν
496 386 539 412 τε
567 365 802 424 μαρμάρων
826 368 894 409 καὶ
922 368 1054 409 λίθων
1083 367 1152 408 καὶ
1180 366 1380 423 ψηφίὸων
1409 366 1476 407 καὶ
1504 362 1667 407 εἶκόνων

135 447 168 483 D
193 438 262 480 διὰ
278 442 437 493 χαλκοῦ
459 437 735 492 πεποιημένων
759 439 841 478 τῶν
860 435 937 478 ἀπ’
961 437 1109 486 αἰῶνος
1131 434 1291 492 ἀνδρῶν
1310 434 1431 492 ἔργα,
1464 432 1590 488 μόνον
1608 437 1667 491 τῷ

186 508 245 563 μὴ
277 513 463 563 παρεῖναι
494 507 637 556 αὖταΐς
664 504 806 560 ψυχὰς
835 508 916 548 τῶν
945 505 987 555 ἒς
1013 504 1085 555 οὓς
1113 504 1307 560 ἐγένοντο.
1377 502 1549 558 εἱστήκει
1581 520 1668 545 τοι-

187 581 342 634 γαροῦν
371 575 473 630 μετὰ
499 579 580 619 τῶν
604 575 818 632 ἓξαιρέτων
838 576 906 617 καὶ
936 579 1033 616 νοῦν
1065 572 1391 631 ὑπερβαινόντων
1417 571 1573 615 τούτων
1599 573 1701 614 καὶὸ

180 644 387 702 ’Όμηρος,
422 643 563 695 ὃποῖος
589 639 654 698 ἦν,
690 642 874 700 συνάγων
905 643 975 686 τὸν
998 647 1108 695 νοῦν,
1142 642 1200 685 τώ
1228 649 1339 699 χεῖρε
1366 641 1561 694 συζεύξας
1587 639 1668 684 ὑπὸ

185 715 237 758 τὰ
265 715 425 772 στέρνα.
495 715 564 757 καὶ
594 711 741 769 πώγων
775 713 904 755 αὐτοῦ’
933 710 1072 763 ἁπλῶς
1097 716 1291 763 καθεῖτο,
1325 713 1428 769 θρίξ
1450 728 1493 753 τε
1512 711 1577 752 ἐπὶ
1596 715 1670 765 τῆς

186 788 368 842 κεφαλῆς
400 782 522 838 ὁμοία
552 783 594 825 ἓν
627 789 713 833 τοῖς
750 780 1004 839 ἑκατέρωθεν
1036 786 1108 824 τοῦ
1139 782 1371 839 βρέγματος
1405 777 1668 837 ἆραιουμένη,

184 853 464 911 τετριχωμένῳ
498 852 543 895 δὲ
571 856 630 909 τῷ
653 849 860 909 προσώπῳ
889 849 1036 909 γήρατι
1068 851 1136 894 καὶ
1162 858 1256 901 ταῖς
1285 848 1387 908 ὑπὲρ
1415 854 1490 893 τοῦ
1519 848 1671 899 παντὸς

185 922 372 980 φροντίσι
405 921 467 980 ῥὶς
495 923 569 976 μὲν
595 917 646 977 ’ἦν
674 922 849 979 μετρίως
879 920 1032 974 ἔχουσα
1064 920 1166 977 πρὸς
1194 919 1381 971 ἅπαντα,
1428 918 1597 973 ὄμματα
1625 919 1668 961 δὲ
1682 924 1727 959 10

187 992 426 1046 συνημμένα
458 997 545 1034 τοῖν
577 990 827 1049 βλεφάροιν,
876 987 963 1032 οἷον
996 991 1066 1032 καὶ
1095 987 1116 1031 ὅ
1146 991 1238 1046 περὶ
1268 989 1396 1031 αὐτοῦ
1425 986 1544 1044 λόγος
1575 987 1669 1042 ἔχει,

185 1061 342 1117 τυφλὸν
376 1061 639 1118 ἐμφαίνοντα.
720 1060 967 1114 ἆνεβὲβλητο
1001 1060 1045 1101 δὲ
1074 1060 1141 1101 καὶ
1171 1056 1387 1116 τριβώνιον
1417 1058 1482 1099 ἐπὶ
1513 1062 1670 1112 χιτῶνι,

41 1136 71 1171 Ρ
96 1137 166 1174 370
189 1131 257 1172 καὶ
287 1129 385 1173 ὅσον
403 1132 460 1180 εἷς
477 1128 602 1185 βάσιν
622 1127 719 1184 ἱμάς
738 1147 800 1180 τις
817 1132 998 1184 χαλκοῦς
1014 1134 1100 1178 τοῖς
1121 1130 1240 1171 ποσὶν
1257 1125 1456 1170 ὑπέκειτο.
1524 1131 1671 1182 στῆλαι

186 1200 232 1243 δὲ
251 1194 357 1255 ἦσαν
383 1201 428 1242 ἐκ
448 1203 610 1255 χαλκοῦ
629 1199 893 1254 πεποιημέναι
916 1203 998 1241 τῶν
1020 1202 1163 1256 σοφῶν
1184 1195 1376 1240 ἁπάντων
1395 1201 1477 1240 τῶν
1495 1193 1672 1252 ὑψηλῶν

184 1271 253 1312 καὶ
274 1273 453 1324 ποιητῶν
470 1270 538 1311 καὶ
557 1266 755 1326 ῥητόρων,
786 1270 853 1310 καὶ
873 1266 961 1310 ὅσοι
983 1268 1048 1309 ἐπ’
1072 1268 1219 1327 ἀνδρία
1240 1267 1420 1323 ἐγένοντο
1443 1264 1670 1321 διαβόητοι.
1684 1267 1728 1305 16

184 1337 312 1397 ᾤχετο
328 1339 463 1381 τοίνυν
485 1338 561 1381 σὺν
579 1335 739 1388 τούτοις
756 1339 825 1380 καὶ
846 1335 867 1380 ὃ
890 1337 934 1379 ἔκ
955 1341 1037 1380 τῶν
1061 1335 1210 1394 φώτων
1229 1340 1311 1379 τῶν
1332 1335 1438 1378 κατὰ
1457 1336 1533 1386 τὰς
1552 1334 1673 1379 ἕσπέ-

188 1425 266 1464 ρας
286 1406 537 1465 λαμπτήρων
559 1405 873 1461 ἐπικαλούμενος
897 1404 1028 1458 οἶκος,
1066 1405 1136 1448 ἅτε
1160 1405 1232 1449 τὸν
1263 1404 1419 1463 ὄροφον
1447 1406 1516 1448 καὶ
1549 1406 1674 1456 αὐτὸς

187 1478 231 1520 ἐκ
254 1475 384 1528 ξύλων
406 1476 522 1531 ἔχων,
566 1477 608 1519 ἓν
631 1471 664 1535 ᾧ
686 1476 730 1518 αἴ
753 1477 982 1533 περιουσιάι
1002 1480 1084 1519 τῶν
1104 1475 1436 1532 ἓμπορευομένων
1457 1473 1510 1517 τά
1530 1492 1573 1518 τε
1596 1493 1675 1530 ση-

187 1545 283 1603 ρικὰ
303 1548 373 1589 καὶ
393 1549 595 1602 πολυτελῆ
623 1547 690 1588 καὶ
710 1544 998 1603 χρυσόπαστα.
1068 1547 1135 1588 καὶ
1159 1549 1240 1587 πᾶν
1260 1544 1306 1587 τὸ
1332 1543 1482 1595 κάλλος
1502 1548 1576 1599 τῆς
1596 1543 1674 1587 πό-

185 1619 310 1667 λεως,
359 1614 457 1674 ὅπερ
494 1613 575 1658 ὕπὸ
614 1619 687 1659 τοῦ
724 1613 866 1674 πρῴην
899 1612 1079 1671 μεγάλου
1117 1615 1360 1672 ἐμπρησμοῦ
1401 1617 1670 1672 κατελείφθη,
1683 1614 1731 1651 20

186 1684 386 1728 ἀπώλετο.
455 1689 518 1743 τῷ
545 1684 659 1743 αὐτῷ
685 1682 761 1728 ἔτει
791 1685 952 1741 γέγονεν
983 1684 1164 1741 ἀστέρων
1198 1682 1353 1741 δρόμος
1382 1682 1532 1734 πολύς,
1568 1681 1673 1727 ὥστε

187 1752 345 1805 πάντας
374 1752 673 1808 ἐκπλήττεσθαι
698 1755 766 1796 καὶ
793 1754 920 1810 λέγειν
942 1752 1005 1796 ὅτι
1028 1753 1118 1795 ι’δοὺ
1141 1753 1179 1795 οἳ
1200 1753 1574 1810 ἄστε’ρεςήπίπτουσι
1588 1766 1599 1778 ·
1634 1755 1677 1797 τί

189 1821 272 1880 ἄρα
291 1822 405 1868 ἔσται
428 1822 502 1866 οὐκ
523 1822 706 1877 οἴδαμεν.

188 2023 352 2067 balneum
376 2024 504 2060 Severi
526 2025 621 2071 quod
645 2023 823 2071 Zeuxippi
848 2034 973 2059 nomen
993 2022 1118 2069 gessit,
1142 2023 1181 2058 in
1200 2033 1270 2070 quo
1293 2014 1429 2059 variuin
1454 2023 1570 2061 inerat
1591 2037 1676 2072 spe-

189 2072 362 2106 ctaculum
385 2071 583 2120 artiumque
606 2072 786 2118 splendor.
836 2071 970 2117 quippe
1003 2070 1056 2104 ibi
1088 2071 1235 2105 suerunt
1267 2071 1378 2105 omnis
1411 2072 1538 2115 aetatis
1565 2084 1676 2120 opera

189 2127 235 2151 ex
259 2129 430 2163 marmore
452 2118 548 2154 saxis
571 2118 761 2164 lapidibus,
795 2129 904 2163 opere
927 2116 1119 2161 tessellato,
1155 2122 1192 2152 et
1215 2129 1344 2152 aereae
1365 2117 1559 2164 imagines3
1594 2118 1675 2165 qui-

187 2163 256 2198 bus
279 2163 347 2199 hoc
371 2175 476 2200 unum
499 2166 622 2200 deerat
645 2165 739 2214 quod
763 2164 900 2198 animae
924 2175 995 2197 non
1027 2163 1168 2198 inerant
1190 2175 1309 2198 eorum
1334 2176 1422 2210 quos
1448 2177 1512 2200 eae
1536 2166 1674 2200 refere-

186 2208 289 2244 bant.
349 2209 442 2246 inter
464 2212 657 2258 praecipua
683 2211 743 2246 ina
771 2215 807 2245 et
829 2210 1008 2256 ingenium
1032 2210 1238 2255 superantia
1261 2222 1370 2256 opera
1393 2212 1514 2247 stabat
1537 2217 1571 2246 et
1595 2212 1674 2247 Ho-

187 2266 317 2301 merus,
341 2257 457 2302 qualis
476 2259 605 2305 fuerat,
629 2257 896 2303 cogitabundus,
920 2256 1078 2291 manibus
1099 2256 1271 2292 consertis
1292 2257 1386 2291 infra
1406 2263 1543 2303 pectus,
1562 2259 1675 2294 barba

188 2301 267 2337 sine
288 2302 385 2338 cultu
408 2304 580 2340 demissa:
612 2305 731 2351 capilli
763 2303 890 2349 capitis
922 2303 1107 2348 aequales,
1143 2303 1217 2337 rari
1248 2304 1291 2338 ab
1324 2311 1473 2350 utraque
1496 2304 1674 2352 sincipitis

186 2355 304 2394 parte,
327 2350 438 2385 facies
462 2363 548 2396 prae
570 2351 670 2386 senio
696 2351 832 2385 hirsuta
857 2361 899 2383 ac
920 2349 1014 2383 curis
1036 2349 1080 2384 de
1104 2349 1295 2393 universo,
1320 2362 1427 2385 nasus
1450 2351 1495 2386 ad
1518 2351 1673 2397 reliquas

187 2400 308 2440 partes
331 2398 563 2442 proportione
588 2398 747 2443 aequali,
786 2395 877 2430 oculi
905 2395 1084 2442 palpebris
1109 2395 1233 2442 affixi,
1269 2396 1321 2430 ita
1345 2403 1382 2431 ut
1406 2397 1508 2442 caeci,
1526 2398 1674 2434 sormam

186 2451 275 2487 prae
300 2454 341 2477 se
364 2443 520 2489 ferrent,
557 2444 696 2490 qualem
728 2455 806 2478 eum
832 2443 943 2476 fuisse
974 2442 1068 2477 fama
1089 2442 1190 2493 fert„
1224 2454 1332 2488 supra
1355 2443 1508 2478 tunicam
1532 2443 1674 2490 palliolo

188 2492 267 2522 erat
285 2488 446 2535 amictus,
486 2497 523 2526 et
545 2492 591 2525 ad
614 2490 717 2525 basin
741 2490 837 2524 infra
861 2489 970 2535 pedes
996 2488 1072 2523 eius
1097 2489 1208 2523 lorum
1229 2489 1403 2534 quoddam
1428 2502 1575 2526 aeneum
1599 2495 1678 2526 erat

188 2534 397 2587 subiectum.
447 2541 548 2572 erant
571 2549 677 2582 porro
702 2548 835 2571 aeneae
862 2534 1043 2570 columnae
1067 2535 1217 2570 omnium
1240 2535 1430 2582 sapientia,
1457 2537 1570 2583 poesi,
1596 2543 1675 2572 arte

187 2579 348 2626 dicendi,
383 2594 425 2617 ac
453 2583 664 2619 fortitudine
698 2582 870 2617 clarorum
895 2581 1064 2617 virorum.
1113 2593 1190 2615 cum
1214 2581 1268 2615 his
1291 2582 1401 2627 periit
1425 2584 1527 2618 etiam
1551 2584 1675 2622 domus

187 2636 278 2679 §luae
300 2627 518 2664 luminarium
537 2636 792 2673 ,nocturnorum
818 2628 968 2671 dicitur,
990 2631 1117 2674 'utpote
1142 2628 1320 2676 fastigium
1343 2629 1477 2664 habens
1499 2629 1677 2680 iigneum3

186 2681 225 2705 ln
249 2684 316 2718 quo
342 2686 428 2719 opes
452 2682 555 2710 erant
578 2688 697 2711 eorum
721 2676 782 2721 qui
807 2675 999 2709 sericorum
1023 2673 1329 2720 pretiosorumque
1351 2680 1386 2710 et
1409 2687 1494 2711 auro
1516 2675 1673 2712 intexto-

187 2728 262 2752 rum
289 2721 576 2757 vestimentorum
601 2723 815 2770 exercebant
841 2726 1084 2756 mercaturam.
1119 2720 1271 2766 denique
1295 2721 1406 2756 omnis
1432 2722 1528 2757 urbis
1553 2724 1674 2767 decor,

188 2763 250 2817 qui
280 2767 455 2811 superiori
486 2767 650 2803 incendio
675 2768 921 2824 superfuerat,
957 2771 1041 2807 tune
1065 2766 1214 2802 interiit.
1264 2768 1387 2802 eodem
1409 2781 1500 2803 anno
1525 2780 1673 2815 magnus

187 2810 258 2845 fmt
282 2811 457 2847 stellarum
484 2815 684 2860 discursus,
720 2819 772 2849 ita
801 2819 841 2848 ut
871 2824 990 2848 omnes
1015 2816 1297 2858 perterrerentur
1319 2825 1361 2849 ac
1383 2815 1543 2858 dicerent
1562 2813 1674 2851 “ecce

187 2855 312 2892 stellae
335 2859 484 2895 cadunt:
516 2861 690 2898 nescimus
715 2861 802 2908 quid
825 2859 874 2895 sit
896 2855 1092 2895 futurum.’'
1409 2866 1414 2870 ‘
