1742 3184
186 160 286 210 604
670 166 909 211 GEORGII
935 167 1181 214 CEDRENI

179 277 270 330 “rt'g
289 281 369 335 εἶμι
389 276 489 336 ἐγώ,
520 280 591 324 ἵνα
610 286 731 325 τοῦτο
758 281 919 338 γένηται
940 286 998 335 εἲς
1019 283 1148 339 ἕμέ;”
1192 285 1230 327 οἱ
1254 285 1298 328 δὲ
1316 286 1359 328 ἐκ
1379 287 1570 344 δευτέρου
1593 289 1662 332 τὸν

186 349 310 392 αὐτὸν
329 347 448 406 λόγον
466 349 590 394 εἶπον.
658 352 759 407 λέγει
780 350 801 394 ὃ
824 352 1069 409 Μαρκιανός
1092 351 1194 396 “ἔὰν
1215 358 1334 397 τοῦτο
1355 355 1399 397 ἐκ
1420 361 1525 399 θεοῦ
1544 358 1662 414 γένη-

184 436 276 471 ται,
312 420 489 474 πατέρας
517 418 626 474 ὖμιῖς
655 420 943 478 ἀνακηρύξω.”
1014 421 1104 466 τότε
1133 422 1317 466 διδόασιν
1344 424 1458 482 αὐτῷ
1485 424 1523 468 σ’
1543 429 1662 480 νομί-

183 505 345 542 σματα,
381 489 562 545 λέγοντες
590 487 794 546 ι”7ιορεύου
820 492 862 534 ἐν
883 495 935 549 τῇ
955 489 1092 545 πόλει,
1127 494 1195 535 καὶ
1215 493 1397 549 μέμνησο
1418 493 1534 550 ἡμῶν
1554 495 1618 539 ὅτε
1639 495 1660 539 ὅ

181 558 283 608 θεὸς
295 556 454 612 ὑψώσει
476 559 557 601 σε.”
607 557 761 617 χρόνου
782 561 827 604 δὲ
847 560 1084 613 διελθόντος
1104 562 1239 618 ὀλίγου
1261 565 1329 604 καὶ
1348 563 1573 607 Θεοδοσίου
1595 583 1660 608 τε-
1673 572 1695 608 5

183 625 449 682 λευτήσαντος
467 628 661 681 βασιλεὺς
682 630 914 686 ἀνεδείχθη,
951 629 1007 682 ὡς
1028 631 1276 688 προέφημεν,
1302 634 1368 674 καὶ
1383 631 1664 689 ὑπομνησθεὶς

127 706 161 742 D
185 701 258 751 τῆς
278 697 320 738 ἓν
337 698 482 756 Λυκίᾳ
504 697 755 754 εὐεργεσίας,
793 700 1000 743 Τατιανὸν
1019 703 1087 743 καὶ
1107 700 1275 744 Ἰούλιον
1293 702 1666 757 μεταπεμψάμενος

179 766 357 822 πατέρας
377 766 526 817 αὐτοὺς
546 766 778 824 ἀνεκήρυξε,
809 771 877 812 καὶ
898 769 970 813 τὸν
989 771 1064 825 μὲν
1081 771 1286 813 Τατιανὸν
1305 771 1482 828 ἔπαρχον
1504 775 1664 827 ἐποίησε

181 838 256 890 τῆς
277 833 454 887 πόλεως,
499 840 558 893 τῷ
583 838 626 879 δὲ
655 838 810 896 Ἰουλίῳ
839 839 915 895 τὴν
943 844 1024 882 τῶν
1045 841 1219 882 Λυκίων
1252 841 1486 898 ἐνεχείρισεν
1518 841 1664 898 ἀρχήν.

180 902 260 946 ὑπὸ
278 905 319 944 Γ
317 905 486 961 ιζερίχου
508 906 551 948 δὲ
571 904 692 949 πάλιν
711 909 767 958 εἷς
783 909 981 967 Ἀφρικὴν
999 910 1233 966 κρατηθείς,
1256 908 1313 952 ἔτι
1328 909 1559 968 στρατιώτῃ
1579 911 1662 953 ὄντι
1678 919 1723 953 10

182 977 302 1016 τοῦτο
329 973 441 1031 αὐτῷ
461 975 679 1030 ἐξεγένετο·
730 976 829 1020 ὅθεν
857 977 878 1020 ὃ
901 980 942 1019 Γ
940 979 1110 1035 ιζέριχος
1132 978 1240 1035 ὅρκῳ
1263 978 1387 1021 αὐτὸν
1406 979 1665 1037 ἠσφαλίσατο

184 1040 247 1084 ὅτι
266 1045 301 1085 εἴ
316 1042 571 1097 βασιλεύσει,
605 1044 664 1100 μὴ
691 1049 924 1102 πολεμῆσαί
950 1065 1045 1090 ποτε
1079 1046 1355 1102 Οὐανδήλοις,
1399 1051 1467 1090 καὶ
1500 1048 1668 1093 ἀπολύει

187 1110 325 1154 αὐτόν.
394 1114 528 1155 τοίνυν
561 1116 631 1156 καὶ
657 1113 683 1170 ἦ
712 1118 897 1174 μακαρία
923 1119 1160 1174 Πουλχερία
1193 1117 1298 1172 μεθ’
1334 1116 1481 1175 ἕτὲρων
1507 1123 1669 1162 πολλῶν

186 1182 409 1237 ἐκκλησιῶν
438 1184 650 1240 ἐξαιρέτως
681 1184 751 1227 τὸν
783 1186 826 1227 ἓν
844 1187 1098 1243 Βλαχέρναις
1128 1186 1228 1228 ναὸν
1257 1187 1495 1244 ᾠκοδόμησε
1526 1191 1595 1231 καὶ
1617 1193 1668 1246 τῇ

185 1250 371 1308 θεοτόκῳ
393 1253 651 1295 ἀνατέθεικεν
672 1255 713 1295 ἓν
733 1253 839 1312 ἀρχῇ
861 1260 934 1310 τῆς
948 1257 1159 1310 βασιλείας
1178 1259 1445 1314 Μαρκιανοῦ.
1680 1261 1724 1297 15

40 1329 69 1377 Ρ
94 1330 164 1367 345
211 1365 219 1371 ,
327 1325 401 1378 Τῷ
426 1319 468 1375 β’
497 1322 623 1365 αὐτοῦ
653 1322 730 1366 ἔτει
761 1322 786 1378 ἡ
825 1326 866 1366 ἐν
897 1324 1138 1380 λἀλκηδόνι
1176 1324 1271 1382 ἁγία
1297 1324 1468 1383 τετάρτη
1498 1323 1669 1376 σύνοδος

182 1388 341 1446 γέγονεν
372 1389 452 1433 ὑπὸ
475 1392 662 1449 πατέρων
681 1391 764 1446 χλ’,
800 1394 841 1435 ἓν
867 1397 927 1451 τῷ
947 1395 1160 1451 μαρτυρίῳ
1189 1399 1263 1449 τῆς
1291 1393 1560 1452 πανευφήμου
1584 1396 1669 1437 Εὖ-

184 1461 364 1516 φημιάς,
400 1461 506 1503 κατὰ
524 1461 736 1516 Εὐτυχοῦς
764 1463 832 1504 καὶ
859 1461 1094 1521 Διοσκόρου
1126 1465 1193 1505 καὶ
1213 1465 1441 1520 Νεστοριόυ
1474 1468 1555 1506 τῶν
1585 1482 1669 1517 μα·-

185 1530 324 1582 ταίων,
356 1528 553 1585 λεγόντων
573 1529 676 1585 μήτε
698 1530 771 1585 τὴν
792 1529 926 1588 σάρκα
943 1537 1015 1574 τοῦ
1035 1534 1176 1589 κυρίου
1199 1530 1419 1587 ὃμοούσιον
1437 1531 1533 1587 ἡμῖν
1556 1531 1669 1585 εἶναι,

185 1599 281 1640 ἀλλ’
318 1600 361 1641 ἐκ
396 1598 469 1641 δύο
506 1600 581 1654 μὲν
613 1598 776 1657 φύσεων
808 1602 883 1656 τὴν
917 1602 1058 1644 ἕνωσιν
1092 1603 1310 1658 λέγεσθαι,
1357 1604 1458 1657 μίαν
1481 1603 1524 1644 δὲ
1546 1602 1728 1659 φύσιν20

185 1667 511 1723 ἀποτελεσθῆναι
531 1670 636 1723 μετὰ
654 1670 728 1724 τὴν
751 1669 915 1722 ἕνωσιν,
955 1672 1023 1713 καὶ
1052 1669 1108 1722 ὥς
1138 1673 1180 1714 ἐν
1210 1674 1416 1731 φαντασία
1438 1672 1512 1726 τὴν
1538 1670 1674 1728 σάρκα

185 1738 359 1793 φορέσαι
389 1738 460 1780 τὸν
482 1737 622 1795 κύριον
640 1739 988 1796 μυθολογούντων
1010 1741 1078 1782 καὶ
1099 1745 1149 1796 τῇ
1172 1739 1338 1794 θεότητι
1360 1739 1500 1790 πάθος
1525 1740 1674 1783 ἀπονε-

184 1805 360 1860 μόντων.
429 1804 599 1863 ἡγοῦντο
624 1809 668 1850 δὲ
690 1812 763 1863 τῆς
786 1808 960 1852 συνόδου
980 1810 1168 1860 Λέοντος
1188 1807 1307 1851 πάπα
1320 1807 1480 1865 Ῥώμης
1499 1827 1676 1865 τοποτηή

189 1949 232 1972 eo
257 1941 465 1983 exspectare
491 1938 588 1984 ipsos
619 1939 781 1985 iuberet,
815 1940 847 1975 si
880 1941 1021 1986 quando
1055 1940 1205 1987 imperio
1236 1940 1426 1986 potiretur.
1472 1940 1676 1976 Marcianus

188 1997 229 2020 se
258 1996 327 2018 non
353 1997 431 2019 eum
457 1997 535 2019 esse
561 1985 617 2019 cui
641 1986 713 2020 tale
738 1987 870 2032 aliquid
894 1988 1102 2032 contingere
1127 1994 1248 2033 posset
1270 1988 1404 2023 dicere.
1453 1999 1527 2023 cum
1554 1989 1676 2022 eadem

189 2033 302 2066 verba
324 2037 540 2077 repeterent,
561 2028 647 2066 “si''
673 2034 788 2079 inquit
811 2030 1009 2069 “divinitus
1033 2035 1098 2068 hoc
1122 2034 1207 2068 mihi
1232 2035 1392 2079 eveniat,
1417 2034 1587 2080 patricios
1614 2047 1676 2070 vos

189 2088 287 2112 meos
310 2074 475 2113 saciam.''
521 2085 606 2113 tunc
640 2079 692 2113 illi
725 2092 802 2114 eum
831 2082 903 2115 200
935 2080 1047 2115 numis
1077 2080 1231 2125 donant,
1267 2080 1461 2126 iubentque
1485 2082 1530 2115 ad
1555 2083 1677 2116 urbem

189 2124 338 2168 reverti,
362 2125 487 2170 suique
510 2137 696 2160 memorem
720 2139 817 2170 esse,
845 2127 907 2161 ubi
928 2128 1015 2162 deus
1039 2139 1117 2162 eum
1143 2127 1317 2162 evexerit.
1365 2139 1450 2172 ergo
1474 2127 1678 2162 Marcianus

190 2183 262 2205 non
294 2170 346 2206 ita
379 2172 486 2206 multo
520 2178 601 2218 post
625 2172 830 2208 Theodosio
862 2174 1029 2208 defuncto
1063 2174 1258 2220 imperator
1281 2179 1443 2219 creatus,
1478 2175 1615 2220 accepti
1640 2174 1678 2209 in

189 2217 305 2260 Lycia
329 2218 497 2252 beneficii
521 2231 670 2264 memor,
704 2220 897 2255 Tatianum
933 2226 970 2255 et
992 2220 1118 2255 Iulium
1152 2225 1318 2255 evocatos
1353 2221 1399 2254 ad
1431 2232 1470 2255 se
1505 2221 1676 2266 patricios

189 2264 331 2308 salut-at,
359 2265 621 2311 Tatianumque
645 2267 754 2311 urbis,
779 2267 904 2301 Iulium
927 2267 1065 2312 Lyciae
1086 2268 1304 2312 praefectum
1330 2266 1525 2301 constituit.
1563 2267 1678 2302 simile

189 2310 327 2355 aquilae
353 2318 526 2346 ostentum
552 2313 733 2347 Marciano
757 2313 944 2348 etiamnum
969 2313 1072 2348 militi
1100 2313 1240 2358 evenit,
1276 2324 1352 2346 cum
1378 2313 1415 2346 in
1439 2314 1561 2348 Africa
1584 2314 1677 2359 apud

190 2357 417 2392 Gizerichum
438 2358 600 2403 captivus
620 2365 815 2394 teneretur.
862 2360 983 2404 itaque
1008 2360 1220 2395 Gizerichus
1244 2371 1321 2393 eum
1345 2358 1489 2403 dimisit,
1513 2360 1676 2406 iuratum,

189 2404 220 2438 si
255 2403 449 2449 imperator
476 2407 601 2449 fieret,
637 2406 763 2441 bellum
795 2406 965 2441 Vandalis
999 2419 1069 2441 non
1099 2406 1290 2441 illaturum.
1339 2418 1446 2452 porro
1475 2407 1678 2451 Pulcheria,

187 2456 334 2495 praeter
355 2451 461 2486 multa
485 2451 553 2486 alia
576 2453 728 2497 templa,
765 2453 957 2499 praecipue
989 2455 1112 2488 aedem
1144 2453 1181 2487 in
1206 2452 1413 2487 Blachernis
1446 2453 1605 2488 condidit
1636 2466 1678 2488 ac

187 2497 247 2532 dei
271 2497 435 2542 genitrici
460 2499 693 2544 consecravit,
720 2511 796 2534 cum
818 2511 931 2544 nuper
956 2500 1157 2534 Marcianus
1182 2498 1365 2545 imperium
1390 2498 1568 2534 inivisset.

283 2546 419 2579 Annum
455 2558 497 2580 eo
531 2547 721 2581 secundum
756 2546 953 2592 imperante
974 2546 1202 2581 Chalcedone
1225 2551 1352 2591 quarta
1375 2552 1498 2580 sancta
1521 2546 1679 2592 synodus

192 2595 273 2624 acta
308 2597 381 2636 est,
416 2591 452 2626 in
487 2593 574 2626 aede
607 2593 848 2627 nobilissimae
872 2594 1038 2638 martyris
1063 2593 1301 2639 Euphemiam,
1337 2592 1493 2627 collectis
1518 2593 1678 2639 patribus

193 2637 273 2680 630,
298 2645 421 2672 contra
444 2638 634 2683 Eutychen
656 2640 864 2674 Dioscorum
891 2645 928 2674 et
948 2640 1166 2684 Nestorium,
1190 2650 1300 2673 vanos
1325 2638 1495 2683 homines,
1522 2639 1581 2684 qui
1600 2651 1679 2674 car—

193 2694 272 2716 nem
297 2684 432 2719 Christi
456 2687 633 2730 negabant
658 2687 814 2721 eiusdem
835 2697 911 2720 cum
931 2692 1053 2721 nostra
1076 2697 1156 2721 esse
1179 2691 1347 2730 naturae,
1384 2685 1679 2730 affirmabantque

194 2729 311 2764 unitas
338 2731 477 2774 quidem
500 2734 586 2767 duas
609 2732 645 2766 in
671 2733 813 2768 Christo
839 2738 997 2777 naturas,
1021 2732 1179 2767 unitione
1203 2737 1320 2766 autem
1344 2732 1506 2776 perfecta
1530 2733 1575 2766 ad
1598 2732 1678 2766 uni-

196 2786 271 2809 cam
305 2777 431 2812 deinde
465 2785 625 2813 naturam
657 2780 768 2814 fuisse
799 2780 984 2824 redactas,
1019 2778 1265 2823 dominumque
1295 2790 1434 2812 carnem
1459 2790 1530 2813 non
1551 2790 1680 2814 revera

195 2822 260 2856 sed
283 2826 518 2859 tantummodo
543 2826 663 2872 specie
687 2827 837 2871 quadam
863 2831 1057 2872 apparente
1080 2824 1347 2860 circumtulisse.
1380 2824 1488 2859 iidem
1512 2825 1679 2860 deitatem

195 2879 337 2914 passam
368 2869 546 2907 dicebant.
601 2874 834 2919 praefuerunt
873 2872 1022 2909 concilio
1054 2871 1185 2908 Leonis
1220 2882 1335 2919 papae
1368 2871 1520 2907 Romani
1555 2871 1681 2906 vicarii
