1742 3184
182 178 299 227 '700
517 215 523 221 .
665 181 925 226 =GEORGII
951 181 1199 227 GEDRENI

181 297 361 354 γίνεται.
431 295 452 339 ὅ
474 297 518 340 δὲ
532 295 715 354 χαγάνος
734 298 1016 357 συναθροίσας
1033 297 1109 353 τὴν
1131 297 1279 342 ἑαυτοῦ
1301 296 1475 355 δύναμιν
1498 297 1617 360 ἄφνω
1635 306 1686 360 τῇ

195 367 348 427 Μυσία
369 366 598 425 ἐφίσταται.
647 372 720 422 τῆς
736 368 780 410 δὲ
799 365 946 426 ἑορτῆς
960 373 1035 412 τοῦ
1055 367 1195 425 πάσχα
1211 369 1527 427 καταλαβούσης
1546 371 1687 430 ἀμφό-

193 453 309 493 τεροι,
331 436 424 491 μετ’
459 435 619 494 εῗρήνης
648 435 886 493 ἡσύχασαν·
923 440 990 481 καὶ
1016 442 1089 494 τῆς
1112 437 1255 498 ἑορτῆς
1279 442 1567 497 πληρωθείσης
1592 444 1686 484 δια-

191 508 435 564 χωρίζονται
458 506 536 549 ἀπὸ
559 511 642 549 τῶν
656 504 869 562 Ῥωμαίων
889 507 927 550 οἳ
944 506 1178 566 βάρβαροι,
1212 511 1280 551 καὶ
1300 511 1483 553 ποικίλου
1503 513 1687 568 διωγμοῦ

193 577 238 627 ἐξ
262 574 450 631 ἀλλήλων
473 581 554 618 τῶν
574 580 712 633 μερῶν
733 577 948 633 γενομένου
971 582 1136 634 πλῆθος
1153 577 1365 634 Ῥωμαίων
1388 580 1436 623 τὸ
1459 581 1534 635 μὲν
1556 587 1720 624 κατα-5

142 650 175 685 D
201 644 426 703 σφάττεται
447 645 492 687 τὸ
518 646 562 687 δὲ
584 648 935 702 αῗχμαλωτίζεται.
1003 645 1094 691 τίτε
1117 649 1168 704 δὴ
1188 647 1209 691 ὃ
1225 647 1409 706 χαγάνος
1429 650 1534 693 κατὰ
1554 653 1688 694 Μαυ-

196 716 329 772 ρικιόυ
350 713 406 765 ὥς
423 715 554 757 αἰτίου
576 718 650 770 τῆς
670 721 834 774 σφαγῆς
850 722 923 761 τοῦ
943 721 1047 760 λαοῦ
1063 723 1282 773 καταβοῶν
1306 716 1388 762 εἶπε
1414 719 1572 762 διδόναι
1591 720 1688 772 τοὺς

194 782 484 839 αἰχμαλώτους
519 784 598 827 ἀνὰ
634 788 909 842 νομίσματος,
959 789 1027 830 καὶ
1057 787 1179 830 πάλιν
1211 787 1285 831 δύο
1317 793 1392 832 τοῦ
1423 791 1687 845 νομίσματος,

193 856 262 897 καὶ
293 852 415 896 πάλιν
445 854 524 897 ἀνὰ
554 852 728 912 κεράτια,
756 855 809 900 δ’.
880 855 901 900 ὃ
927 858 972 900 δὲ
989 859 1230 916 Μαυρίκιος
1251 858 1346 901 οὐδὲ
1366 858 1497 910 οὕτως
1518 858 1689 910 τούτους

193 923 399 979 ἠθέλησεν
425 923 641 982 ἀγοράσαι.
711 924 813 969 ὅθεν
837 930 1057 982 θυμωθεὶς
1079 925 1100 970 ὅ
1121 926 1304 985 χαγάνος
1324 926 1480 980 πάντας
1501 930 1682 973 ἀπέκτει-
1701 932 1742 968 10

136 1006 139 1009 ’
196 1010 277 1036 νεν.
346 988 453 1048 ἦσαν
476 995 520 1036 δὲ
539 993 725 1049 χιλιάδες
746 995 828 1051 ιβ’,
853 996 1113 1052 ἀνεβιβάζετο
1131 996 1218 1053 δὲῆ
1238 998 1336 1053 τιμὴ
1359 998 1495 1042 αὐτῶν
1519 999 1596 1042 ἀνὰ
1618 1018 1690 1054 μι-

196 1064 412 1120 λιαρισίων
440 1062 514 1106 δύο
541 1064 692 1122 Ιβθλγᾌ
763 1068 830 1108 καὶ
855 1066 986 1118 οὕτως
1010 1066 1186 1123 ποιήσας
1210 1066 1232 1110 ὃ
1255 1066 1439 1124 χαγάνος
1462 1071 1518 1119 εἷς
1534 1069 1587 1112 τὰ
1603 1069 1691 1112 ἴδια

195 1130 448 1189 ὑπέστρεψε,
488 1131 524 1175 ν’
552 1134 746 1189 χιλιάδας
774 1143 864 1187 ταῖς
886 1134 1101 1192 Ῥωμαίων
1131 1139 1329 1188 σπονδαῖς
1357 1139 1525 1189 ἐπιθείς.
1597 1136 1619 1181 ὃ
1647 1139 1692 1181 δὲ

194 1202 373 1260 στρατὸς
407 1202 565 1259 ἔπεμψε
598 1205 706 1248 κατὰ
737 1205 1018 1261 Κομεντιόλου
1052 1205 1109 1258 ὡς
1132 1209 1357 1265 προδοσίαν
1380 1208 1423 1250 ἕν
1445 1212 1506 1266 τῷ
1526 1208 1692 1266 πολέμῳ

193 1270 461 1328 ποιήσαντος,
498 1274 540 1315 ἓν
573 1272 635 1326 οἷς
668 1270 719 1330 ἦν
749 1277 818 1318 καὶ
855 1279 1030 1329 Φωκᾶς,
1055 1276 1113 1328 ’ὃς
1142 1276 1426 1334 διαλεγόμενος
1447 1283 1507 1337 τῷ
1529 1282 1697 1334 βασιλεῖ’
1703 1287 1742 1323 15

192 1346 380 1401 βριαρῶς
398 1341 531 1402 τούτῳ
551 1343 757 1402 ἀντέλεγεν
778 1348 820 1388 ἐν
839 1351 898 1405 τῷ
916 1348 1128 1405 Σελεντίῳ.
1198 1349 1272 1391 καί
1290 1365 1352 1398 τις
1369 1352 1451 1391 τῶν
1471 1350 1694 1406 πατρικίων

52 1418 81 1452 Ρ
103 1418 173 1455 400
195 1417 343 1455 τοῦτον
373 1411 568 1470 ἓρράπισε
592 1417 662 1458 καὶ
683 1415 755 1458 τὸν
778 1414 955 1472 πώγωνα
978 1417 1169 1469 ἕξὲτιλεν,
1205 1415 1228 1460 ὃ
1256 1418 1300 1460 δὲ
1325 1417 1523 1471 βασιλεὺς
1547 1422 1694 1462 τοῦτον

194 1481 407 1540 ἄπρακτον
451 1483 664 1529 ἀπέλυσεν.
735 1487 780 1529 ἐκ
815 1484 963 1529 τούτου
997 1489 1064 1529 καὶ
1097 1484 1124 1542 ἦ
1157 1491 1232 1530 τοῦ
1261 1488 1465 1542 βασιλέως
1495 1487 1691 1543 ἐπιβουλὴ

195 1552 327 1610 ἀρχὴν
359 1550 580 1608 ἐλάμβανε.
650 1555 758 1598 κατὰ
774 1560 920 1599 τοῦτον
941 1556 1013 1599 τὸν
1029 1555 1182 1614 χρόνον
1203 1558 1245 1599 ἓν
1267 1561 1320 1614 τῇ
1337 1555 1538 1616 Αἰγύπτῳ
1560 1560 1694 1613 Μηνᾶ

135 1627 137 1631 ’
193 1627 268 1665 τοῦ
301 1621 484 1680 ἐπάρχου
516 1624 558 1666 ἓν
588 1629 649 1683 τῷ
676 1627 814 1684 Νείλῳ
847 1630 1023 1685 ποταμῷ
1050 1627 1156 1682 μετὰ
1179 1631 1254 1670 τοῦ
1277 1631 1381 1671 λαοῦ
1401 1628 1742 1686 πορευομένουβ(

195 1691 238 1733 ἓν
257 1691 370 1750 τόπῳ
391 1697 450 1751 τῷ
473 1693 742 1754 ἐπιλεγομένῳ
763 1696 928 1748 Δέλτα,
954 1694 1071 1752 ἡλίου
1105 1697 1341 1752 ἀνίσχοντος
1364 1698 1447 1755 ζῷα
1471 1695 1697 1755 ἀνθρωπό-

191 1779 341 1820 μορφα
370 1763 412 1804 ἐν
438 1766 498 1820 τῷ
527 1768 702 1822 ποταμῷ
731 1764 967 1823 ἐφάνησαν,
1006 1764 1108 1822 ἀνήρ
1140 1783 1181 1809 τε
1211 1768 1281 1809 καὶ
1308 1765 1433 1823 γυνή·
1468 1769 1537 1809 καὶ
1568 1765 1589 1810 ὅ
1620 1767 1696 1821 μὲν

194 1830 301 1888 ἀνὴρ
323 1829 535 1884 εἶέστολος,
571 1832 805 1891 εύστερνος,
841 1835 1167 1890 καταπληκτικὸς
1181 1836 1261 1890 ,τὴν
1282 1834 1406 1891 ὄψιν,
1445 1837 1604 1887 ξανθὸς
1621 1836 1695 1892 τὴν

194 1897 352 1956 κόμην,
387 1900 648 1955 μιξοπόλιος,
684 1905 753 1946 καὶ
784 1903 906 1963 μέχρι
938 1907 1015 1961 τῆς
1043 1903 1201 1963 ὀσφύος
1235 1902 1411 1963 ἐγύμνου
1443 1907 1520 1962 τὴν
1554 1905 1694 1965 φύσιν,

194 2009 357 2044 exercitu
393 2009 542 2047 collecto
572 2016 721 2058 repente
746 2013 783 2048 in
806 2014 960 2060 Mysiam
983 2014 1104 2050 irruit.
1153 2015 1348 2051 solennitas
1373 2014 1560 2052 Paschatis
1581 2015 1695 2050 inter-

194 2057 345 2091 veniens
373 2058 496 2094 effecit
516 2064 558 2094 ut
581 2061 748 2106 utrinque
771 2062 891 2108 pacati
914 2061 1155 2107 quiescerent.
1204 2075 1247 2097 ea
1279 2063 1382 2099 finita
1411 2063 1574 2098 indutiae
1605 2074 1695 2109 quo-

193 2114 267 2148 que
298 2103 542 2140 dissiluerunt.
590 2119 739 2153 cumque
773 2108 892 2142 multis
915 2120 996 2143 sese
1019 2115 1140 2143 mutuo
1172 2109 1331 2145 cladibus
1355 2110 1581 2153 affecissent,
1614 2115 1695 2144 tan-

195 2151 275 2185 dem
302 2151 481 2186 exercitus
505 2153 684 2188 Romanus
710 2155 838 2201 partim
862 2167 1008 2200 caesus,
1040 2155 1171 2201 reliqui
1193 2156 1290 2203 capti
1313 2162 1409 2192 sunt.
1456 2162 1528 2192 tum
1554 2156 1697 2202 chaga-

195 2207 263 2231 nus
286 2196 325 2230 in
348 2197 560 2234 mauricium
584 2201 704 2236 caedis
726 2201 849 2247 populi
871 2202 1009 2248 culpam
1031 2203 1242 2247 conferens,
1266 2209 1426 2250 paratum
1448 2216 1489 2239 se
1509 2203 1561 2238 ait
1579 2204 1695 2250 capti—

196 2255 262 2278 vos
289 2250 437 2289 accepto
461 2245 499 2280 in
522 2247 661 2293 singula
684 2249 803 2294 capita
827 2259 985 2293 nummo,
1007 2261 1201 2295 rursusque
1223 2250 1327 2285 binos
1350 2262 1420 2286 uno
1444 2262 1603 2295 nummo,
1632 2250 1696 2285 de-

194 2290 305 2335 nique
331 2291 490 2336 singulos
514 2300 684 2339 quattuor
707 2295 852 2330 ceratiis
885 2295 1041 2342 acceptis
1065 2296 1259 2332 dimittere.
1306 2309 1384 2332 cum
1409 2309 1453 2332 ne
1477 2297 1529 2331 sic
1553 2297 1696 2342 quidem

194 2349 258 2372 eos
291 2337 468 2373 redimere
500 2341 611 2375 vellet
644 2341 860 2386 Mauricius,
896 2342 1009 2377 iratus
1040 2343 1231 2388 Chaganus
1255 2355 1375 2379 omnes
1401 2343 1544 2379 occidit.
1593 2344 1698 2379 fuere

194 2388 313 2418 autem
348 2385 534 2421 duodecim
565 2387 675 2423 milia.
733 2389 1034 2434 aestimabantur,
1068 2390 1270 2436 supputatis
1301 2391 1339 2425 in
1370 2391 1528 2436 singulos
1558 2390 1696 2426 duobus

193 2430 400 2472 miliarisiis,
423 2433 530 2468 2933.
579 2435 771 2480 Chaganus
796 2436 1011 2480 interfectis,
1038 2440 1078 2471 ut
1100 2437 1187 2481 dixi,
1213 2437 1367 2484 captivis
1386 2438 1698 2482 Romanorumque

193 2477 329 2512 tributo
353 2478 503 2514 adiectis
530 2480 676 2527 insuper
699 2482 959 2528 quinquaginta
983 2482 1146 2528 milibus,
1179 2484 1316 2518 domum
1342 2484 1464 2519 rediit.
1515 2485 1698 2520 exercitus

195 2535 305 2570 porro
331 2525 428 2559 misit
453 2526 516 2572 qui
538 2528 797 2563 Comentiolum
823 2529 1036 2574 proditionis
1056 2534 1275 2565 accusarent.
1325 2543 1366 2565 ac
1388 2531 1459 2566 fuit
1478 2531 1575 2566 inter
1597 2531 1696 2576 lega·

195 2576 253 2604 tos
279 2572 384 2606 etiam
409 2572 571 2617 Phocas‚
594 2575 657 2620 qui
680 2575 718 2609 in
742 2576 895 2610 Silentio
920 2576 1041 2610 verbis
1064 2576 1271 2622 imperatori
1294 2577 1431 2612 duriter
1449 2590 1490 2612 se
1513 2578 1695 2623 opposuit.

194 2617 337 2662 quidam
362 2631 450 2654 vero
474 2621 704 2664 patriciorum
727 2622 944 2668 depalmavit
965 2622 1141 2667 phocam,
1174 2628 1210 2658 et
1232 2625 1377 2659 barbam
1400 2624 1434 2659 ei
1457 2624 1600 2667 eveilit3
1639 2630 1696 2659 at-

195 2675 268 2708 que
292 2676 370 2699 eum
393 2665 587 2713 imperator
609 2681 650 2704 re
673 2669 809 2704 infecta
832 2669 980 2704 dimisit.
1028 2669 1097 2704 hoc
1124 2670 1263 2705 initium
1295 2671 1367 2706 fuit
1398 2671 1605 2705 insidiarum
1631 2671 1695 2705 ad·-

196 2721 323 2745 versus
353 2711 615 2757 imperatorem.
674 2716 798 2751 eodem
827 2720 1010 2762 tempore,
1046 2728 1124 2750 cum
1148 2717 1186 2751 in
1208 2718 1374 2763 Aegypto
1397 2718 1524 2752 Menas
1549 2718 1694 2763 praefe-

197 2760 276 2790 ctus
309 2757 346 2791 in
378 2759 463 2794 Nilo
498 2773 600 2796 amne
631 2762 703 2797 iter
734 2763 871 2797 faceret
898 2774 975 2797 cum
1003 2763 1134 2809 populo
1166 2764 1204 2798 in
1237 2763 1315 2798 loco
1340 2764 1402 2810 qui
1424 2764 1529 2799 Delta
1552 2764 1695 2809 dicitur,

197 2802 274 2836 sole
299 2804 437 2839 oriente
459 2806 496 2840 in
520 2809 666 2843 flumine
688 2809 768 2845 visa
790 2814 874 2844 sunt
892 2809 1058 2844 animalia
1076 2810 1198 2856 specie
1216 2810 1381 2856 hominis,
1406 2822 1480 2846 mas
1497 2816 1534 2846 et
1549 2812 1696 2845 femina.

198 2860 273 2903 inas
298 2853 490 2905 orat-bene
514 2856 741 2902 compositus,
766 2862 913 2902 pectore
936 2856 1064 2902 amplo,
1091 2857 1245 2891 terribili
1266 2858 1453 2904 adspectu,
1476 2857 1576 2892 fulvo
1599 2857 1696 2892 crine

198 2900 413 2933 intermunus
436 2900 554 2947 canIs,
581 2914 695 2949 usque
720 2903 767 2939 ad
792 2902 927 2939 lumbos
952 2902 1065 2938 nudus
1076 2925 1090 2949 ,-
1110 2908 1252 2940 ceteras
1276 2909 1399 2951 partes
1423 2915 1517 2949 aqua
1537 2909 1694 2949 tegente.
