<?xml version="1.0" encoding="UTF-8"?>
<!DOCTYPE html PUBLIC "-//W3C//DTD XHTML 1.0 Transitional//EN"
    "http://www.w3.org/TR/xhtml1/DTD/xhtml1-transitional.dtd">
<html xmlns="http://www.w3.org/1999/xhtml" xml:lang="en" lang="en">
 <head>
  <title>
</title>
<meta http-equiv="Content-Type" content="text/html;charset=utf-8" />
  <meta name='ocr-system' content='tesseract 3.04.00' />
  <meta name='ocr-capabilities' content='ocr_page ocr_carea ocr_par ocr_line ocrx_word'/>
</head>
<body>
  <div class='ocr_page' id='page_1' title='image "./corpusscriptorum13niebuoft_0774.png"; bbox 0 0 1742 3184; ppageno 0'>
   <div class='ocr_carea' id='block_1_1' title="bbox 227 157 1235 207">
    <p class='ocr_par' dir='ltr' id='par_1_1' title="bbox 227 157 1235 207">
     <span class='ocr_line' id='line_1_1' title="bbox 227 157 1235 207; baseline -0.001 0"><span class='ocrx_word' id='word_1_1' title='bbox 227 158 328 207; x_wconf 79' lang='lat'><strong>¹750</strong></span> <span class='ocrx_word' id='word_1_2' title='bbox 714 158 958 207; x_wconf 90' lang='lat' dir='ltr'>GEORGII</span> <span class='ocrx_word' id='word_1_3' title='bbox 988 157 1235 206; x_wconf 81' lang='lat' dir='ltr'><strong>CEDRENI</strong></span> 
     </span>
    </p>
   </div>
   <div class='ocr_carea' id='block_1_2' title="bbox 71 272 1742 1872">
    <p class='ocr_par' dir='ltr' id='par_1_2' title="bbox 71 272 1742 1872">
     <span class='ocr_line' id='line_1_2' title="bbox 225 272 1709 335; baseline 0.002 -16"><span class='ocrx_word' id='word_1_4' title='bbox 225 275 312 319; x_wconf 79' lang='grc' dir='ltr'><em>ἓκεΐ</em></span> <span class='ocrx_word' id='word_1_5' title='bbox 335 272 579 332; x_wconf 63' lang='grc' dir='ltr'><em>ἐγύμναζον,</em></span> <span class='ocrx_word' id='word_1_6' title='bbox 627 277 696 319; x_wconf 79' lang='grc' dir='ltr'><strong>καὶ</strong></span> <span class='ocrx_word' id='word_1_7' title='bbox 729 277 894 332; x_wconf 79' lang='grc' dir='ltr'><em>δωρεῶν</em></span> <span class='ocrx_word' id='word_1_8' title='bbox 926 275 997 318; x_wconf 81' lang='grc' dir='ltr'><strong>καὶ</strong></span> <span class='ocrx_word' id='word_1_9' title='bbox 1028 273 1240 332; x_wconf 73' lang='grc' dir='ltr'><em>δυνάμεων</em></span> <span class='ocrx_word' id='word_1_10' title='bbox 1268 277 1336 321; x_wconf 77' lang='grc' dir='ltr'><strong>καὶ</strong></span> <span class='ocrx_word' id='word_1_11' title='bbox 1368 280 1451 323; x_wconf 86' lang='grc' dir='ltr'><strong>τῶν</strong></span> <span class='ocrx_word' id='word_1_12' title='bbox 1477 274 1709 335; x_wconf 80' lang='grc' dir='ltr'><em>μελλόντων</em></span> 
     </span>
     <span class='ocr_line' id='line_1_3' title="bbox 223 344 1708 405; baseline 0.002 -16"><span class='ocrx_word' id='word_1_13' title='bbox 223 346 399 403; x_wconf 77' lang='grc' dir='ltr'><em>ἀγαθῶν</em></span> <span class='ocrx_word' id='word_1_14' title='bbox 417 346 491 397; x_wconf 78' lang='grc' dir='ltr'><strong>τὰς</strong></span> <span class='ocrx_word' id='word_1_15' title='bbox 509 346 759 402; x_wconf 70' lang='grc' dir='ltr'><em>ἐπαγγελίας,</em></span> <span class='ocrx_word' id='word_1_16' title='bbox 783 345 886 403; x_wconf 78' lang='grc' dir='ltr'><em>ἅπερ</em></span> <span class='ocrx_word' id='word_1_17' title='bbox 910 344 1071 389; x_wconf 75' lang='grc' dir='ltr'><em>ἅπαντα</em></span> <span class='ocrx_word' id='word_1_18' title='bbox 1092 345 1348 405; x_wconf 81' lang='grc' dir='ltr'><em>ὥραιότητας</em></span> <span class='ocrx_word' id='word_1_19' title='bbox 1361 352 1436 392; x_wconf 79' lang='grc' dir='ltr'><strong>τοῦ</strong></span> <span class='ocrx_word' id='word_1_20' title='bbox 1454 352 1560 392; x_wconf 78' lang='grc' dir='ltr'><em>θεοῦ</em></span> <span class='ocrx_word' id='word_1_21' title='bbox 1580 348 1708 405; x_wconf 72' lang='grc' dir='ltr'><em>λέγει·</em></span> 
     </span>
     <span class='ocr_line' id='line_1_4' title="bbox 222 412 1708 476; baseline 0.001 -18"><span class='ocrx_word' id='word_1_22' title='bbox 222 413 352 472; x_wconf 83' lang='grc' dir='ltr'><em>κάλλη</em></span> <span class='ocrx_word' id='word_1_23' title='bbox 376 415 455 473; x_wconf 78' lang='grc' dir='ltr'><strong>γὰρ</strong></span> <span class='ocrx_word' id='word_1_24' title='bbox 483 419 586 458; x_wconf 85' lang='grc' dir='ltr'><em>θεοῦ</em></span> <span class='ocrx_word' id='word_1_25' title='bbox 605 417 671 457; x_wconf 84' lang='grc' dir='ltr'><strong>καὶ</strong></span> <span class='ocrx_word' id='word_1_26' title='bbox 694 413 899 473; x_wconf 82' lang='grc' dir='ltr'><em>ῶραιότης</em></span> <span class='ocrx_word' id='word_1_27' title='bbox 923 412 951 472; x_wconf 81' lang='grc' dir='ltr'><em>ἦ</em></span> <span class='ocrx_word' id='word_1_28' title='bbox 980 414 1195 473; x_wconf 77' lang='grc' dir='ltr'><em>ἄγαθότης</em></span> <span class='ocrx_word' id='word_1_29' title='bbox 1224 419 1293 460; x_wconf 77' lang='grc' dir='ltr'><strong>καὶ</strong></span> <span class='ocrx_word' id='word_1_30' title='bbox 1319 419 1614 476; x_wconf 73' lang='grc' dir='ltr'><em>φιλανθρωπία</em></span> <span class='ocrx_word' id='word_1_31' title='bbox 1639 420 1708 461; x_wconf 79' lang='grc' dir='ltr'><strong>καὶ</strong></span> 
     </span>
     <span class='ocr_line' id='line_1_5' title="bbox 221 483 1708 543; baseline 0.001 -15"><span class='ocrx_word' id='word_1_32' title='bbox 221 483 249 542; x_wconf 77' lang='grc' dir='ltr'><strong><em>ἦ</em></strong></span> <span class='ocrx_word' id='word_1_33' title='bbox 270 487 326 536; x_wconf 84' lang='grc' dir='ltr'><em>εἲς</em></span> <span class='ocrx_word' id='word_1_34' title='bbox 343 484 501 536; x_wconf 84' lang='grc' dir='ltr'><em>πάντας</em></span> <span class='ocrx_word' id='word_1_35' title='bbox 521 485 742 542; x_wconf 73' lang='grc' dir='ltr'><em>εὐεργεσία.</em></span> <span class='ocrx_word' id='word_1_36' title='bbox 811 485 899 528; x_wconf 70' lang='grc' dir='ltr'><em>ἐκεῖ</em></span> <span class='ocrx_word' id='word_1_37' title='bbox 921 485 1057 529; x_wconf 85' lang='grc' dir='ltr'><em>τοίνυν</em></span> <span class='ocrx_word' id='word_1_38' title='bbox 1086 489 1154 530; x_wconf 84' lang='grc' dir='ltr'><strong>καὶ</strong></span> <span class='ocrx_word' id='word_1_39' title='bbox 1181 487 1229 532; x_wconf 85' lang='grc' dir='ltr'><strong>τὸ</strong></span> <span class='ocrx_word' id='word_1_40' title='bbox 1257 491 1408 543; x_wconf 80' lang='grc' dir='ltr'><em>πτῶμα</em></span> <span class='ocrx_word' id='word_1_41' title='bbox 1433 489 1501 531; x_wconf 80' lang='grc' dir='ltr'><strong>καὶ</strong></span> <span class='ocrx_word' id='word_1_42' title='bbox 1522 494 1708 543; x_wconf 77' lang='grc' dir='ltr'><em>πταῖσμα</em></span> 
     </span>
     <span class='ocr_line' id='line_1_6' title="bbox 219 552 1740 616; baseline 0.001 -17"><span class='ocrx_word' id='word_1_43' title='bbox 219 560 294 599; x_wconf 80' lang='grc' dir='ltr'><strong>τοῦ</strong></span> <span class='ocrx_word' id='word_1_44' title='bbox 310 555 446 610; x_wconf 82' lang='grc' dir='ltr'><em>Ἀδὰμ</em></span> <span class='ocrx_word' id='word_1_45' title='bbox 468 552 755 611; x_wconf 74' lang='grc' dir='ltr'><em>θεραπεύσας,</em></span> <span class='ocrx_word' id='word_1_46' title='bbox 791 556 858 598; x_wconf 82' lang='grc' dir='ltr'><strong>καὶ</strong></span> <span class='ocrx_word' id='word_1_47' title='bbox 877 554 953 611; x_wconf 79' lang='grc' dir='ltr'><strong>τὴν</strong></span> <span class='ocrx_word' id='word_1_48' title='bbox 973 555 1181 612; x_wconf 83' lang='grc' dir='ltr'><em>ταχίστην,</em></span> <span class='ocrx_word' id='word_1_49' title='bbox 1216 555 1353 615; x_wconf 80' lang='grc' dir='ltr'><em>ὥσπερ</em></span> <span class='ocrx_word' id='word_1_50' title='bbox 1373 559 1442 600; x_wconf 86' lang='grc' dir='ltr'><strong>καὶ</strong></span> <span class='ocrx_word' id='word_1_51' title='bbox 1464 556 1740 616; x_wconf 80' lang='grc' dir='ltr'><em>ὖπόπτερον,5</em></span> 
     </span>
     <span class='ocr_line' id='line_1_7' title="bbox 219 622 1706 687; baseline 0.002 -19"><span class='ocrx_word' id='word_1_52' title='bbox 219 629 303 668; x_wconf 88' lang='grc' dir='ltr'><strong>τῶν</strong></span> <span class='ocrx_word' id='word_1_53' title='bbox 323 622 449 682; x_wconf 75' lang='grc' dir='ltr'><em>ἁγίων</em></span> <span class='ocrx_word' id='word_1_54' title='bbox 469 623 700 680; x_wconf 75' lang='grc' dir='ltr'><em>συνέλευσιν</em></span> <span class='ocrx_word' id='word_1_55' title='bbox 728 625 798 667; x_wconf 81' lang='grc' dir='ltr'><strong>καὶ</strong></span> <span class='ocrx_word' id='word_1_56' title='bbox 819 622 1046 681; x_wconf 67' lang='grc' dir='ltr'><em>ὑπάντησιν</em></span> <span class='ocrx_word' id='word_1_57' title='bbox 1071 627 1114 669; x_wconf 73' lang='grc' dir='ltr'><strong>ἐν</strong></span> <span class='ocrx_word' id='word_1_58' title='bbox 1135 631 1187 685; x_wconf 84' lang='grc' dir='ltr'><strong>τῇ</strong></span> <span class='ocrx_word' id='word_1_59' title='bbox 1209 627 1379 687; x_wconf 71' lang='grc' dir='ltr'><em>δευτέρᾳ</em></span> <span class='ocrx_word' id='word_1_60' title='bbox 1400 629 1527 671; x_wconf 78' lang='grc' dir='ltr'><em>αὐτοῦ</em></span> <span class='ocrx_word' id='word_1_61' title='bbox 1546 645 1706 686; x_wconf 85' lang='grc' dir='ltr'><em>παρου-</em></span> 
     </span>
     <span class='ocr_line' id='line_1_8' title="bbox 163 691 1707 756; baseline 0.003 -19"><span class='ocrx_word' id='word_1_62' title='bbox 163 699 196 737; x_wconf 91' lang='lat' dir='ltr'>D</span> <span class='ocrx_word' id='word_1_63' title='bbox 221 696 292 756; x_wconf 73' lang='grc' dir='ltr'><strong>σία</strong></span> <span class='ocrx_word' id='word_1_64' title='bbox 309 695 671 753; x_wconf 81' lang='grc' dir='ltr'><em>προϋπεμφαίνων,</em></span> <span class='ocrx_word' id='word_1_65' title='bbox 706 691 838 751; x_wconf 66' lang='grc' dir='ltr'><em>ἔλεγεν</em></span> <span class='ocrx_word' id='word_1_66' title='bbox 862 692 984 738; x_wconf 78' lang='grc' dir='ltr'><strong>ιὅπου</strong></span> <span class='ocrx_word' id='word_1_67' title='bbox 1004 693 1051 738; x_wconf 89' lang='grc' dir='ltr'><strong><em>τό</em></strong></span> <span class='ocrx_word' id='word_1_68' title='bbox 1071 701 1242 751; x_wconf 88' lang='grc' dir='ltr'><em>πτῶμα,</em></span> <span class='ocrx_word' id='word_1_69' title='bbox 1277 697 1363 740; x_wconf 64' lang='grc' dir='ltr'><em>ἐκεῖ</em></span> <span class='ocrx_word' id='word_1_70' title='bbox 1375 695 1707 754; x_wconf 71' lang='grc' dir='ltr'><em>συναχθήσονται</em></span> 
     </span>
     <span class='ocr_line' id='line_1_9' title="bbox 219 761 1707 821; baseline 0 -11"><span class='ocrx_word' id='word_1_71' title='bbox 219 765 259 810; x_wconf 80' lang='grc' dir='ltr'><strong>οἳ</strong></span> <span class='ocrx_word' id='word_1_72' title='bbox 280 762 457 807; x_wconf 62' lang='lat' dir='ltr'><strong>‹istos-&#39;²&#39;</strong></span> <span class='ocrx_word' id='word_1_73' title='bbox 531 761 729 814; x_wconf 76' lang='grc' dir='ltr'><em>ὡσαύτως</em></span> <span class='ocrx_word' id='word_1_74' title='bbox 758 765 804 807; x_wconf 76' lang='grc' dir='ltr'><strong>δὲ</strong></span> <span class='ocrx_word' id='word_1_75' title='bbox 834 765 901 807; x_wconf 83' lang='grc' dir='ltr'><strong>καὶ</strong></span> <span class='ocrx_word' id='word_1_76' title='bbox 929 763 951 807; x_wconf 85' lang='grc' dir='ltr'><em>ὃ</em></span> <span class='ocrx_word' id='word_1_77' title='bbox 984 764 1111 821; x_wconf 69' lang='grc' dir='ltr'><em>μέγας</em></span> <span class='ocrx_word' id='word_1_78' title='bbox 1137 764 1389 818; x_wconf 86' lang='grc' dir='ltr'><em>Ἀθανάσιος</em></span> <span class='ocrx_word' id='word_1_79' title='bbox 1415 768 1472 819; x_wconf 78' lang='grc' dir='ltr'><em>εἷς</em></span> <span class='ocrx_word' id='word_1_80' title='bbox 1492 766 1540 811; x_wconf 81' lang='grc' dir='ltr'><strong>τὸ</strong></span> <span class='ocrx_word' id='word_1_81' title='bbox 1567 765 1707 818; x_wconf 86' lang='grc' dir='ltr'><em>πάθος</em></span> 
     </span>
     <span class='ocr_line' id='line_1_10' title="bbox 221 831 1706 895; baseline 0.001 -17"><span class='ocrx_word' id='word_1_82' title='bbox 221 839 297 879; x_wconf 79' lang='grc' dir='ltr'><strong>τοῦ</strong></span> <span class='ocrx_word' id='word_1_83' title='bbox 322 836 511 891; x_wconf 77' lang='grc' dir='ltr'><em>Χριστοῦ</em></span> <span class='ocrx_word' id='word_1_84' title='bbox 541 833 645 890; x_wconf 75' lang='grc' dir='ltr'><em>λέγει</em></span> <span class='ocrx_word' id='word_1_85' title='bbox 678 831 852 892; x_wconf 48' lang='grc' dir='ltr'><strong>ι(διόπερ</strong></span> <span class='ocrx_word' id='word_1_86' title='bbox 883 833 961 889; x_wconf 79' lang='grc' dir='ltr'><strong>οὔχ</strong></span> <span class='ocrx_word' id='word_1_87' title='bbox 989 833 1194 890; x_wconf 79' lang='grc' dir='ltr'><em>ἀλλαχόσε</em></span> <span class='ocrx_word' id='word_1_88' title='bbox 1222 834 1370 891; x_wconf 79' lang='grc' dir='ltr'><em>πάσχει</em></span> <span class='ocrx_word' id='word_1_89' title='bbox 1394 836 1581 895; x_wconf 80' lang='grc' dir='ltr'><em>Χριστὸς</em></span> <span class='ocrx_word' id='word_1_90' title='bbox 1613 836 1706 881; x_wconf 73' lang='grc' dir='ltr'><em>οὔτε</em></span> 
     </span>
     <span class='ocr_line' id='line_1_11' title="bbox 220 901 1742 966; baseline 0.003 -20"><span class='ocrx_word' id='word_1_91' title='bbox 220 905 304 960; x_wconf 80' lang='grc' dir='ltr'><strong>μὴν</strong></span> <span class='ocrx_word' id='word_1_92' title='bbox 324 901 382 955; x_wconf 76' lang='grc' dir='ltr'><em>εἷς</em></span> <span class='ocrx_word' id='word_1_93' title='bbox 400 903 526 946; x_wconf 77' lang='grc' dir='ltr'><em>ἄλλον</em></span> <span class='ocrx_word' id='word_1_94' title='bbox 550 908 802 962; x_wconf 78' lang='grc' dir='ltr'><em>σταυροῦται</em></span> <span class='ocrx_word' id='word_1_95' title='bbox 822 901 948 947; x_wconf 83' lang='grc' dir='ltr'><em>τόπον</em></span> <span class='ocrx_word' id='word_1_96' title='bbox 966 902 995 960; x_wconf 79' lang='grc' dir='ltr'><strong><em>ἢ</em></strong></span> <span class='ocrx_word' id='word_1_97' title='bbox 1017 907 1074 957; x_wconf 80' lang='grc' dir='ltr'><em>εἷς</em></span> <span class='ocrx_word' id='word_1_98' title='bbox 1091 909 1167 950; x_wconf 84' lang='grc' dir='ltr'><strong>τοῦ</strong></span> <span class='ocrx_word' id='word_1_99' title='bbox 1184 907 1351 964; x_wconf 85' lang='grc' dir='ltr'><em>κρανίου</em></span> <span class='ocrx_word' id='word_1_100' title='bbox 1367 905 1506 960; x_wconf 85' lang='grc' dir='ltr'><em>τόπον,</em></span> <span class='ocrx_word' id='word_1_101' title='bbox 1542 909 1584 950; x_wconf 76' lang='grc' dir='ltr'><strong>ἔν</strong></span> <span class='ocrx_word' id='word_1_102' title='bbox 1600 901 1635 966; x_wconf 77' lang='grc' dir='ltr'><em>ᾧ</em></span> <span class='ocrx_word' id='word_1_103' title='bbox 1652 906 1704 963; x_wconf 83' lang='grc' dir='ltr'><strong>δὴ</strong></span> <span class='ocrx_word' id='word_1_104' title='bbox 1719 916 1742 950; x_wconf 90' lang='grc' dir='ltr'><strong>1Ι</strong></span> 
     </span>
     <span class='ocr_line' id='line_1_12' title="bbox 219 964 1706 1035; baseline 0.001 -17"><span class='ocrx_word' id='word_1_105' title='bbox 219 964 302 1018; x_wconf 83' lang='grc' dir='ltr'><strong>τῶν</strong></span> <span class='ocrx_word' id='word_1_106' title='bbox 330 971 535 1031; x_wconf 82' lang='grc' dir='ltr'><em>Ἑβραίων</em></span> <span class='ocrx_word' id='word_1_107' title='bbox 566 973 606 1016; x_wconf 81' lang='grc' dir='ltr'><strong>οἱ</strong></span> <span class='ocrx_word' id='word_1_108' title='bbox 636 971 883 1017; x_wconf 82' lang='grc' dir='ltr'><em>διδάσκαλοί</em></span> <span class='ocrx_word' id='word_1_109' title='bbox 911 990 1017 1032; x_wconf 91' lang='grc' dir='ltr'><em>φασι</em></span> <span class='ocrx_word' id='word_1_110' title='bbox 1048 978 1124 1018; x_wconf 80' lang='grc' dir='ltr'><strong>τοῦ</strong></span> <span class='ocrx_word' id='word_1_111' title='bbox 1149 975 1285 1031; x_wconf 83' lang='grc' dir='ltr'><em>Ἀδὰμ</em></span> <span class='ocrx_word' id='word_1_112' title='bbox 1317 974 1418 1020; x_wconf 76' lang='grc' dir='ltr'><em>εἶναι</em></span> <span class='ocrx_word' id='word_1_113' title='bbox 1448 977 1519 1020; x_wconf 85' lang='grc' dir='ltr'><strong>τὸν</strong></span> <span class='ocrx_word' id='word_1_114' title='bbox 1549 975 1706 1035; x_wconf 81' lang='grc' dir='ltr'><em>τάφον·</em></span> 
     </span>
     <span class='ocr_line' id='line_1_13' title="bbox 219 1041 1705 1104; baseline 0.001 -17"><span class='ocrx_word' id='word_1_115' title='bbox 219 1044 308 1087; x_wconf 62' lang='grc' dir='ltr'><em>ἐκεῖ</em></span> <span class='ocrx_word' id='word_1_116' title='bbox 321 1043 401 1101; x_wconf 82' lang='grc' dir='ltr'><strong>γὰρ</strong></span> <span class='ocrx_word' id='word_1_117' title='bbox 425 1043 550 1086; x_wconf 72' lang='grc' dir='ltr'><em>αὐτὸν</em></span> <span class='ocrx_word' id='word_1_118' title='bbox 570 1043 675 1099; x_wconf 82' lang='grc' dir='ltr'><em>μετὰ</em></span> <span class='ocrx_word' id='word_1_119' title='bbox 694 1043 768 1099; x_wconf 85' lang='grc' dir='ltr'><strong>τὴν</strong></span> <span class='ocrx_word' id='word_1_120' title='bbox 787 1041 971 1101; x_wconf 83' lang='grc' dir='ltr'><em>κατάραν</em></span> <span class='ocrx_word' id='word_1_121' title='bbox 990 1043 1211 1104; x_wconf 79' lang='grc' dir='ltr'><em>τεθάφθαι</em></span> <span class='ocrx_word' id='word_1_122' title='bbox 1234 1047 1580 1101; x_wconf 72' lang='grc' dir='ltr'><em>διαβεβαιοῧνται.</em></span> <span class='ocrx_word' id='word_1_123' title='bbox 1635 1047 1705 1089; x_wconf 82' lang='grc' dir='ltr'><em>διὰ</em></span> 
     </span>
     <span class='ocr_line' id='line_1_14' title="bbox 217 1111 1704 1174; baseline 0.001 -16"><span class='ocrx_word' id='word_1_124' title='bbox 217 1118 340 1159; x_wconf 81' lang='grc' dir='ltr'><em>τοῦτο</em></span> <span class='ocrx_word' id='word_1_125' title='bbox 369 1111 575 1169; x_wconf 83' lang='grc' dir='ltr'><em>θαυμάζω</em></span> <span class='ocrx_word' id='word_1_126' title='bbox 601 1117 677 1156; x_wconf 79' lang='grc' dir='ltr'><strong>τοῦ</strong></span> <span class='ocrx_word' id='word_1_127' title='bbox 703 1111 832 1157; x_wconf 90' lang='grc' dir='ltr'><em>τόπου</em></span> <span class='ocrx_word' id='word_1_128' title='bbox 858 1113 933 1170; x_wconf 80' lang='grc' dir='ltr'><strong>τὴν</strong></span> <span class='ocrx_word' id='word_1_129' title='bbox 959 1113 1201 1172; x_wconf 84' lang='grc' dir='ltr'><em>οῗκειότητα.</em></span> <span class='ocrx_word' id='word_1_130' title='bbox 1270 1115 1352 1159; x_wconf 68' lang='grc' dir='ltr'><em>ἔδει</em></span> <span class='ocrx_word' id='word_1_131' title='bbox 1372 1117 1452 1174; x_wconf 70' lang='grc' dir='ltr'><strong>γὰρ</strong></span> <span class='ocrx_word' id='word_1_132' title='bbox 1474 1116 1545 1161; x_wconf 84' lang='grc' dir='ltr'><strong>τὸν</strong></span> <span class='ocrx_word' id='word_1_133' title='bbox 1564 1114 1704 1174; x_wconf 85' lang='grc' dir='ltr'><em>κύριον</em></span> 
     </span>
     <span class='ocr_line' id='line_1_15' title="bbox 217 1183 1705 1246; baseline 0.001 -19"><span class='ocrx_word' id='word_1_134' title='bbox 217 1183 448 1227; x_wconf 78' lang='grc' dir='ltr'><em>ἄνανεῶσαι</em></span> <span class='ocrx_word' id='word_1_135' title='bbox 474 1183 654 1226; x_wconf 75' lang='grc' dir='ltr'><em>θέλοντα</em></span> <span class='ocrx_word' id='word_1_136' title='bbox 683 1183 758 1227; x_wconf 81' lang='grc' dir='ltr'><strong>τὸν</strong></span> <span class='ocrx_word' id='word_1_137' title='bbox 785 1188 949 1242; x_wconf 87' lang='grc' dir='ltr'><em>πρῶτον</em></span> <span class='ocrx_word' id='word_1_138' title='bbox 977 1183 1217 1243; x_wconf 76' lang='grc' dir='ltr'><em>ἄνθρωπον,</em></span> <span class='ocrx_word' id='word_1_139' title='bbox 1261 1186 1303 1229; x_wconf 76' lang='grc' dir='ltr'><strong>ἓν</strong></span> <span class='ocrx_word' id='word_1_140' title='bbox 1324 1187 1459 1245; x_wconf 69' lang='grc' dir='ltr'><em>ἐκείνῳ</em></span> <span class='ocrx_word' id='word_1_141' title='bbox 1477 1191 1628 1230; x_wconf 80' lang='grc' dir='ltr'><em>παθεῖν</em></span> <span class='ocrx_word' id='word_1_142' title='bbox 1645 1190 1705 1246; x_wconf 72' lang='grc' dir='ltr'><strong>τῷ</strong></span> 
     </span>
     <span class='ocr_line' id='line_1_16' title="bbox 215 1252 1742 1315; baseline 0.001 -18"><span class='ocrx_word' id='word_1_143' title='bbox 215 1252 347 1313; x_wconf 79' lang='grc' dir='ltr'><em>τόπῳ.</em></span> <span class='ocrx_word' id='word_1_144' title='bbox 414 1254 483 1296; x_wconf 82' lang='grc' dir='ltr'><strong>καὶ</strong></span> <span class='ocrx_word' id='word_1_145' title='bbox 503 1253 641 1309; x_wconf 74' lang='grc' dir='ltr'><em>ἐπειδὴ</em></span> <span class='ocrx_word' id='word_1_146' title='bbox 661 1252 835 1309; x_wconf 75' lang='grc' dir='ltr'><em>ἤκουσεν</em></span> <span class='ocrx_word' id='word_1_147' title='bbox 859 1252 994 1310; x_wconf 82' lang='grc' dir='ltr'><em>Ἀδάμ</em></span> <span class='ocrx_word' id='word_1_148' title='bbox 1021 1254 1091 1312; x_wconf 68' lang='grc' dir='ltr'><strong>“γῆ</strong></span> <span class='ocrx_word' id='word_1_149' title='bbox 1116 1254 1238 1299; x_wconf 80' lang='grc' dir='ltr'><em>εἶκαὶ</em></span> <span class='ocrx_word' id='word_1_150' title='bbox 1268 1258 1325 1307; x_wconf 78' lang='grc' dir='ltr'><em>εἷς</em></span> <span class='ocrx_word' id='word_1_151' title='bbox 1351 1260 1426 1313; x_wconf 85' lang='grc' dir='ltr'><strong>γῆν</strong></span> <span class='ocrx_word' id='word_1_152' title='bbox 1454 1254 1699 1315; x_wconf 79' lang='grc' dir='ltr'><em>ἃπελεύσῃ,’</em></span> <span class='ocrx_word' id='word_1_153' title='bbox 1717 1265 1742 1300; x_wconf 78' lang='grc' dir='ltr'><strong>1ε</strong></span> 
     </span>
     <span class='ocr_line' id='line_1_17' title="bbox 71 1319 1703 1387; baseline 0.002 -20"><span class='ocrx_word' id='word_1_154' title='bbox 71 1332 100 1367; x_wconf 83' lang='grc' dir='ltr'>Ρ</span> <span class='ocrx_word' id='word_1_155' title='bbox 123 1331 193 1374; x_wconf 74' lang='grc'><strong>429</strong></span> <span class='ocrx_word' id='word_1_156' title='bbox 216 1322 346 1381; x_wconf 86' lang='grc' dir='ltr'><em>ταύτῃ</em></span> <span class='ocrx_word' id='word_1_157' title='bbox 375 1321 500 1366; x_wconf 87' lang='grc' dir='ltr'><em>πάλιν</em></span> <span class='ocrx_word' id='word_1_158' title='bbox 530 1324 616 1366; x_wconf 77' lang='grc' dir='ltr'><strong>ἕκεῖ</strong></span> <span class='ocrx_word' id='word_1_159' title='bbox 637 1323 819 1367; x_wconf 75' lang='grc' dir='ltr'><em>τέθειται</em></span> <span class='ocrx_word' id='word_1_160' title='bbox 828 1354 842 1376; x_wconf 91' lang='grc'><em>,</em></span> <span class='ocrx_word' id='word_1_161' title='bbox 872 1324 945 1367; x_wconf 71' lang='grc' dir='ltr'><strong>ἵνα</strong></span> <span class='ocrx_word' id='word_1_162' title='bbox 973 1324 1015 1368; x_wconf 76' lang='grc' dir='ltr'><strong>ἓν</strong></span> <span class='ocrx_word' id='word_1_163' title='bbox 1045 1319 1080 1386; x_wconf 73' lang='grc' dir='ltr'><em>ᾧ</em></span> <span class='ocrx_word' id='word_1_164' title='bbox 1108 1324 1221 1387; x_wconf 75' lang='grc' dir='ltr'><em>τόπῳ</em></span> <span class='ocrx_word' id='word_1_165' title='bbox 1245 1325 1319 1382; x_wconf 84' lang='grc' dir='ltr'><strong>τὴν</strong></span> <span class='ocrx_word' id='word_1_166' title='bbox 1339 1323 1524 1386; x_wconf 81' lang='grc' dir='ltr'><em>κατάραν</em></span> <span class='ocrx_word' id='word_1_167' title='bbox 1544 1325 1703 1382; x_wconf 63' lang='grc' dir='ltr'><em>ἔλαβεν,</em></span> 
     </span>
     <span class='ocr_line' id='line_1_18' title="bbox 212 1391 1022 1450; baseline 0 -13"><span class='ocrx_word' id='word_1_168' title='bbox 212 1395 299 1437; x_wconf 73' lang='grc' dir='ltr'><em>ἐκεῖ</em></span> <span class='ocrx_word' id='word_1_169' title='bbox 314 1394 382 1436; x_wconf 86' lang='grc' dir='ltr'><strong>καὶ</strong></span> <span class='ocrx_word' id='word_1_170' title='bbox 404 1392 480 1448; x_wconf 85' lang='grc' dir='ltr'><strong>τὴν</strong></span> <span class='ocrx_word' id='word_1_171' title='bbox 498 1391 615 1436; x_wconf 80' lang='grc' dir='ltr'><em>λύσιν</em></span> <span class='ocrx_word' id='word_1_172' title='bbox 633 1391 787 1449; x_wconf 80' lang='grc' dir='ltr'><em>ταύτης</em></span> <span class='ocrx_word' id='word_1_173' title='bbox 810 1394 1022 1450; x_wconf 62' lang='grc' dir='ltr'><em>δε”ξηται.”</em></span> 
     </span>
     <span class='ocr_line' id='line_1_19' title="bbox 345 1461 1698 1525; baseline 0.001 -19"><span class='ocrx_word' id='word_1_174' title='bbox 345 1462 459 1506; x_wconf 84' lang='grc' dir='ltr'><em>Ὄντι</em></span> <span class='ocrx_word' id='word_1_175' title='bbox 481 1463 528 1505; x_wconf 81' lang='grc' dir='ltr'><strong>δὲ</strong></span> <span class='ocrx_word' id='word_1_176' title='bbox 549 1467 608 1522; x_wconf 75' lang='grc' dir='ltr'><strong>τῷ</strong></span> <span class='ocrx_word' id='word_1_177' title='bbox 625 1467 795 1518; x_wconf 81' lang='grc' dir='ltr'><em>βασιλεῖ</em></span> <span class='ocrx_word' id='word_1_178' title='bbox 805 1461 1040 1525; x_wconf 44' lang='grc' dir='ltr'><strong>ιΗρακλειίιο</strong></span> <span class='ocrx_word' id='word_1_179' title='bbox 1067 1463 1112 1507; x_wconf 77' lang='grc' dir='ltr'><strong>ἓν</strong></span> <span class='ocrx_word' id='word_1_180' title='bbox 1131 1468 1183 1522; x_wconf 82' lang='grc' dir='ltr'><strong>τῇ</strong></span> <span class='ocrx_word' id='word_1_181' title='bbox 1206 1463 1387 1524; x_wconf 78' lang='grc' dir='ltr'><em>ἀνατολῇ</em></span> <span class='ocrx_word' id='word_1_182' title='bbox 1405 1462 1602 1522; x_wconf 71' lang='grc' dir='ltr'><em>ἐγεννήθη</em></span> <span class='ocrx_word' id='word_1_183' title='bbox 1624 1464 1698 1508; x_wconf 81' lang='grc' dir='ltr'><strong>αὖ-</strong></span> 
     </span>
     <span class='ocr_line' id='line_1_20' title="bbox 211 1530 1702 1595; baseline 0 -18"><span class='ocrx_word' id='word_1_184' title='bbox 211 1537 272 1592; x_wconf 74' lang='grc' dir='ltr'><strong>’τῷ</strong></span> <span class='ocrx_word' id='word_1_185' title='bbox 291 1533 382 1584; x_wconf 79' lang='grc' dir='ltr'><em>υἱὸς</em></span> <span class='ocrx_word' id='word_1_186' title='bbox 405 1530 427 1576; x_wconf 82' lang='grc' dir='ltr'><strong>ὅ</strong></span> <span class='ocrx_word' id='word_1_187' title='bbox 451 1533 608 1588; x_wconf 81' lang='grc' dir='ltr'><em>Δαβίδ.</em></span> <span class='ocrx_word' id='word_1_188' title='bbox 678 1538 729 1592; x_wconf 87' lang='grc' dir='ltr'><strong>τῇ</strong></span> <span class='ocrx_word' id='word_1_189' title='bbox 754 1532 858 1592; x_wconf 75' lang='grc' dir='ltr'><em>αὐτῇ</em></span> <span class='ocrx_word' id='word_1_190' title='bbox 878 1531 1015 1595; x_wconf 67' lang='grc' dir='ltr'><em>ἡμέρᾳ</em></span> <span class='ocrx_word' id='word_1_191' title='bbox 1045 1534 1195 1591; x_wconf 73' lang='grc' dir='ltr'><em>ἐτέχθη</em></span> <span class='ocrx_word' id='word_1_192' title='bbox 1225 1537 1294 1578; x_wconf 78' lang='grc' dir='ltr'><strong>καὶ</strong></span> <span class='ocrx_word' id='word_1_193' title='bbox 1318 1537 1615 1595; x_wconf 79' lang='grc' dir='ltr'><em>Κωνσταντίνῳ</em></span> <span class='ocrx_word' id='word_1_194' title='bbox 1642 1539 1702 1595; x_wconf 73' lang='grc' dir='ltr'><strong>τῷ</strong></span> 
     </span>
     <span class='ocr_line' id='line_1_21' title="bbox 211 1600 1742 1663; baseline 0.002 -17"><span class='ocrx_word' id='word_1_195' title='bbox 211 1604 290 1662; x_wconf 76' lang='grc' dir='ltr'><em>υἱῷ</em></span> <span class='ocrx_word' id='word_1_196' title='bbox 313 1601 560 1661; x_wconf 70' lang='grc' dir='ltr'><strong>εΗρακλείου</strong></span> <span class='ocrx_word' id='word_1_197' title='bbox 580 1600 850 1661; x_wconf 87' lang='grc' dir='ltr'><em>Ἡράκλειος,</em></span> <span class='ocrx_word' id='word_1_198' title='bbox 897 1602 942 1655; x_wconf 78' lang='grc' dir='ltr'><strong>ὃς</strong></span> <span class='ocrx_word' id='word_1_199' title='bbox 971 1605 1206 1660; x_wconf 76' lang='grc' dir='ltr'><em>ἐβαπτίσθη</em></span> <span class='ocrx_word' id='word_1_200' title='bbox 1230 1603 1309 1649; x_wconf 71' lang='grc' dir='ltr'><em>ὑπὸ</em></span> <span class='ocrx_word' id='word_1_201' title='bbox 1329 1607 1502 1663; x_wconf 79' lang='grc' dir='ltr'><em>Σεργίου</em></span> <span class='ocrx_word' id='word_1_202' title='bbox 1523 1610 1598 1649; x_wconf 81' lang='grc' dir='ltr'><strong>τοῦ</strong></span> <span class='ocrx_word' id='word_1_203' title='bbox 1619 1623 1701 1648; x_wconf 90' lang='grc' dir='ltr'><strong>πα-</strong></span> <span class='ocrx_word' id='word_1_204' title='bbox 1711 1616 1742 1652; x_wconf 72' lang='grc'><strong>21</strong></span> 
     </span>
     <span class='ocr_line' id='line_1_22' title="bbox 210 1671 1701 1734; baseline 0.001 -17"><span class='ocrx_word' id='word_1_205' title='bbox 210 1671 424 1731; x_wconf 84' lang='grc' dir='ltr'><em>τριάρχου.</em></span> <span class='ocrx_word' id='word_1_206' title='bbox 493 1677 552 1731; x_wconf 77' lang='grc' dir='ltr'><strong>τῷ</strong></span> <span class='ocrx_word' id='word_1_207' title='bbox 586 1672 630 1715; x_wconf 72' lang='grc' dir='ltr'><strong>δ’</strong></span> <span class='ocrx_word' id='word_1_208' title='bbox 665 1673 780 1732; x_wconf 76' lang='grc' dir='ltr'><em>αὐτῷ</em></span> <span class='ocrx_word' id='word_1_209' title='bbox 809 1673 888 1717; x_wconf 69' lang='grc' dir='ltr'><em>ἔτει</em></span> <span class='ocrx_word' id='word_1_210' title='bbox 912 1674 1191 1730; x_wconf 75' lang='grc' dir='ltr'><em>ἐπανέστησαν</em></span> <span class='ocrx_word' id='word_1_211' title='bbox 1209 1675 1249 1717; x_wconf 78' lang='grc' dir='ltr'><strong>οἳ</strong></span> <span class='ocrx_word' id='word_1_212' title='bbox 1265 1676 1429 1734; x_wconf 73' lang='grc' dir='ltr'><em>Πέρσαι</em></span> <span class='ocrx_word' id='word_1_213' title='bbox 1451 1675 1549 1718; x_wconf 74' lang='grc' dir='ltr'><em>κατ’</em></span> <span class='ocrx_word' id='word_1_214' title='bbox 1572 1673 1701 1731; x_wconf 75' lang='grc' dir='ltr'><em>ἀλλή-</em></span> 
     </span>
     <span class='ocr_line' id='line_1_23' title="bbox 209 1741 1702 1801; baseline 0.002 -17"><span class='ocrx_word' id='word_1_215' title='bbox 209 1746 308 1795; x_wconf 81' lang='grc' dir='ltr'><em>λων,</em></span> <span class='ocrx_word' id='word_1_216' title='bbox 327 1743 412 1785; x_wconf 83' lang='grc' dir='ltr'><strong>καὶ</strong></span> <span class='ocrx_word' id='word_1_217' title='bbox 432 1743 577 1785; x_wconf 81' lang='grc' dir='ltr'><em>πολλοὶ</em></span> <span class='ocrx_word' id='word_1_218' title='bbox 596 1742 903 1801; x_wconf 76' lang='grc' dir='ltr'><em>διεφθάρησαν.</em></span> <span class='ocrx_word' id='word_1_219' title='bbox 969 1742 1060 1787; x_wconf 80' lang='grc' dir='ltr'><em>τότε</em></span> <span class='ocrx_word' id='word_1_220' title='bbox 1076 1741 1100 1786; x_wconf 77' lang='grc' dir='ltr'><strong>ὅ</strong></span> <span class='ocrx_word' id='word_1_221' title='bbox 1118 1744 1314 1798; x_wconf 77' lang='grc' dir='ltr'><em>βασιλεὺς</em></span> <span class='ocrx_word' id='word_1_222' title='bbox 1335 1749 1417 1788; x_wconf 88' lang='grc' dir='ltr'><strong>τῶν</strong></span> <span class='ocrx_word' id='word_1_223' title='bbox 1433 1744 1573 1788; x_wconf 75' lang='grc' dir='ltr'><em>Ἰνδῶν</em></span> <span class='ocrx_word' id='word_1_224' title='bbox 1596 1746 1702 1800; x_wconf 72' lang='grc' dir='ltr'><em>πέμ-</em></span> 
     </span>
     <span class='ocr_line' id='line_1_24' title="bbox 209 1809 1702 1872; baseline 0.002 -17"><span class='ocrx_word' id='word_1_225' title='bbox 209 1830 275 1855; x_wconf 88' lang='grc' dir='ltr'><strong>πει</strong></span> <span class='ocrx_word' id='word_1_226' title='bbox 294 1809 496 1869; x_wconf 89' lang='grc' dir='ltr'><em>συγχάρια</em></span> <span class='ocrx_word' id='word_1_227' title='bbox 514 1816 574 1872; x_wconf 71' lang='grc' dir='ltr'><strong>τῷ</strong></span> <span class='ocrx_word' id='word_1_228' title='bbox 594 1816 771 1867; x_wconf 81' lang='grc' dir='ltr'><em>βασιλεῖ,</em></span> <span class='ocrx_word' id='word_1_229' title='bbox 803 1814 1064 1871; x_wconf 86' lang='grc' dir='ltr'><em>μαργαρίτας</em></span> <span class='ocrx_word' id='word_1_230' title='bbox 1082 1818 1151 1856; x_wconf 80' lang='grc' dir='ltr'><strong>καὶ</strong></span> <span class='ocrx_word' id='word_1_231' title='bbox 1169 1815 1315 1866; x_wconf 85' lang='grc' dir='ltr'><em>λίθους</em></span> <span class='ocrx_word' id='word_1_232' title='bbox 1333 1815 1492 1871; x_wconf 86' lang='grc' dir='ltr'><em>τιμίους</em></span> <span class='ocrx_word' id='word_1_233' title='bbox 1512 1813 1702 1866; x_wconf 86' lang='grc' dir='ltr'><em>πολλούς.</em></span> 
     </span>
    </p>
   </div>
   <div class='ocr_carea' id='block_1_3' title="bbox 202 1942 1703 2928">
    <p class='ocr_par' dir='ltr' id='par_1_3' title="bbox 202 1942 1703 2928">
     <span class='ocr_line' id='line_1_25' title="bbox 208 1942 1702 1994; baseline 0.003 -16"><span class='ocrx_word' id='word_1_234' title='bbox 208 1942 431 1990; x_wconf 79' lang='lat' dir='ltr'><strong>incorporeis</strong></span> <span class='ocrx_word' id='word_1_235' title='bbox 455 1944 562 1979; x_wconf 88' lang='lat' dir='ltr'><strong>rebus</strong></span> <span class='ocrx_word' id='word_1_236' title='bbox 586 1948 821 1979; x_wconf 85' lang='lat' dir='ltr'><strong>exercuerunt</strong></span> <span class='ocrx_word' id='word_1_237' title='bbox 845 1943 1118 1992; x_wconf 85' lang='lat' dir='ltr'><strong>disputationem</strong></span> <span class='ocrx_word' id='word_1_238' title='bbox 1133 1972 1144 1991; x_wconf 97' lang='lat'>,</span> <span class='ocrx_word' id='word_1_239' title='bbox 1176 1958 1219 1982; x_wconf 83' lang='lat' dir='ltr'><strong>ac</strong></span> <span class='ocrx_word' id='word_1_240' title='bbox 1245 1946 1499 1994; x_wconf 72' lang='lat' dir='ltr'><strong>promissiones</strong></span> <span class='ocrx_word' id='word_1_241' title='bbox 1529 1947 1575 1982; x_wconf 87' lang='lat' dir='ltr'><strong>de</strong></span> <span class='ocrx_word' id='word_1_242' title='bbox 1598 1947 1702 1983; x_wconf 85' lang='lat' dir='ltr'><strong>donis</strong></span> 
     </span>
     <span class='ocr_line' id='line_1_26' title="bbox 208 1990 1701 2041; baseline 0.004 -17"><span class='ocrx_word' id='word_1_243' title='bbox 208 1990 440 2025; x_wconf 83' lang='lat' dir='ltr'><strong>facultatibus</strong></span> <span class='ocrx_word' id='word_1_244' title='bbox 479 1995 517 2024; x_wconf 90' lang='lat' dir='ltr'><strong>et</strong></span> <span class='ocrx_word' id='word_1_245' title='bbox 554 1990 684 2026; x_wconf 87' lang='lat' dir='ltr'><strong>futuris</strong></span> <span class='ocrx_word' id='word_1_246' title='bbox 721 1991 848 2034; x_wconf 82' lang='lat' dir='ltr'><strong>bonis3</strong></span> <span class='ocrx_word' id='word_1_247' title='bbox 902 2003 995 2037; x_wconf 86' lang='lat' dir='ltr'><strong>quae</strong></span> <span class='ocrx_word' id='word_1_248' title='bbox 1034 1993 1151 2029; x_wconf 84' lang='lat' dir='ltr'><strong>omnia</strong></span> <span class='ocrx_word' id='word_1_249' title='bbox 1188 1999 1394 2030; x_wconf 78' lang='lat' dir='ltr'><strong>venustates</strong></span> <span class='ocrx_word' id='word_1_250' title='bbox 1433 1993 1492 2029; x_wconf 86' lang='lat' dir='ltr'><strong>dei</strong></span> <span class='ocrx_word' id='word_1_251' title='bbox 1531 1994 1701 2041; x_wconf 84' lang='lat' dir='ltr'><strong>appellat.</strong></span> 
     </span>
     <span class='ocr_line' id='line_1_27' title="bbox 208 2036 1703 2087; baseline 0.004 -16"><span class='ocrx_word' id='word_1_252' title='bbox 208 2037 434 2084; x_wconf 83' lang='lat' dir='ltr'><strong>pulchritudo</strong></span> <span class='ocrx_word' id='word_1_253' title='bbox 467 2036 559 2071; x_wconf 89' lang='lat' dir='ltr'><strong>enim</strong></span> <span class='ocrx_word' id='word_1_254' title='bbox 592 2038 652 2072; x_wconf 88' lang='lat' dir='ltr'><strong>dei</strong></span> <span class='ocrx_word' id='word_1_255' title='bbox 675 2042 712 2073; x_wconf 90' lang='lat' dir='ltr'><strong>et</strong></span> <span class='ocrx_word' id='word_1_256' title='bbox 734 2042 905 2073; x_wconf 81' lang='lat' dir='ltr'><strong>venustas</strong></span> <span class='ocrx_word' id='word_1_257' title='bbox 929 2038 1071 2074; x_wconf 81' lang='lat' dir='ltr'><strong>bonitas</strong></span> <span class='ocrx_word' id='word_1_258' title='bbox 1097 2039 1174 2075; x_wconf 82' lang='lat' dir='ltr'><strong>eius</strong></span> <span class='ocrx_word' id='word_1_259' title='bbox 1197 2045 1253 2075; x_wconf 89' lang='lat' dir='ltr'><strong>est</strong></span> <span class='ocrx_word' id='word_1_260' title='bbox 1276 2046 1313 2076; x_wconf 86' lang='lat' dir='ltr'><strong>et</strong></span> <span class='ocrx_word' id='word_1_261' title='bbox 1336 2041 1535 2076; x_wconf 85' lang='lat' dir='ltr'><strong>humanitas</strong></span> <span class='ocrx_word' id='word_1_262' title='bbox 1560 2047 1596 2076; x_wconf 92' lang='lat' dir='ltr'><strong>et</strong></span> <span class='ocrx_word' id='word_1_263' title='bbox 1616 2052 1703 2087; x_wconf 84' lang='lat' dir='ltr'><strong>erga</strong></span> 
     </span>
     <span class='ocr_line' id='line_1_28' title="bbox 208 2084 1699 2132; baseline 0.003 -14"><span class='ocrx_word' id='word_1_264' title='bbox 208 2084 397 2119; x_wconf 87' lang='lat' dir='ltr'><strong>universos</strong></span> <span class='ocrx_word' id='word_1_265' title='bbox 425 2084 675 2119; x_wconf 85' lang='lat' dir='ltr'><strong>beneficentia.</strong></span> <span class='ocrx_word' id='word_1_266' title='bbox 723 2084 776 2119; x_wconf 90' lang='lat' dir='ltr'><strong>ibi</strong></span> <span class='ocrx_word' id='word_1_267' title='bbox 800 2085 911 2129; x_wconf 82' lang='lat' dir='ltr'><strong>igitur</strong></span> <span class='ocrx_word' id='word_1_268' title='bbox 934 2090 971 2120; x_wconf 88' lang='lat' dir='ltr'><strong>et</strong></span> <span class='ocrx_word' id='word_1_269' title='bbox 993 2085 1119 2121; x_wconf 79' lang='lat' dir='ltr'><strong>Adami</strong></span> <span class='ocrx_word' id='word_1_270' title='bbox 1142 2098 1260 2122; x_wconf 84' lang='lat' dir='ltr'><strong>casum</strong></span> <span class='ocrx_word' id='word_1_271' title='bbox 1284 2087 1461 2132; x_wconf 86' lang='lat' dir='ltr'><strong>correxit,</strong></span> <span class='ocrx_word' id='word_1_272' title='bbox 1493 2092 1530 2123; x_wconf 86' lang='lat' dir='ltr'><strong>et</strong></span> <span class='ocrx_word' id='word_1_273' title='bbox 1552 2087 1699 2123; x_wconf 86' lang='lat' dir='ltr'><strong>celerri—</strong></span> 
     </span>
     <span class='ocr_line' id='line_1_29' title="bbox 208 2130 1701 2185; baseline 0.003 -19"><span class='ocrx_word' id='word_1_274' title='bbox 208 2141 300 2166; x_wconf 89' lang='lat' dir='ltr'><strong>mum</strong></span> <span class='ocrx_word' id='word_1_275' title='bbox 324 2142 366 2165; x_wconf 85' lang='lat' dir='ltr'><strong>ac</strong></span> <span class='ocrx_word' id='word_1_276' title='bbox 390 2130 493 2185; x_wconf 74' lang='lat' dir='ltr'><strong>quasi</strong></span> <span class='ocrx_word' id='word_1_277' title='bbox 518 2142 595 2165; x_wconf 91' lang='lat' dir='ltr'><strong>cum</strong></span> <span class='ocrx_word' id='word_1_278' title='bbox 617 2131 739 2167; x_wconf 85' lang='lat' dir='ltr'><strong>volatu</strong></span> <span class='ocrx_word' id='word_1_279' title='bbox 763 2133 919 2166; x_wconf 84' lang='lat' dir='ltr'><strong>futurum</strong></span> <span class='ocrx_word' id='word_1_280' title='bbox 944 2139 1155 2168; x_wconf 86' lang='lat' dir='ltr'><strong>conventum</strong></span> <span class='ocrx_word' id='word_1_281' title='bbox 1179 2138 1393 2179; x_wconf 85' lang='lat' dir='ltr'><strong>sanctorum,</strong></span> <span class='ocrx_word' id='word_1_282' title='bbox 1417 2133 1487 2175; x_wconf 83' lang='lat' dir='ltr'><strong>sibi</strong></span> <span class='ocrx_word' id='word_1_283' title='bbox 1509 2135 1701 2170; x_wconf 81' lang='lat' dir='ltr'><strong>secundum</strong></span> 
     </span>
     <span class='ocr_line' id='line_1_30' title="bbox 206 2176 1700 2227; baseline 0.004 -16"><span class='ocrx_word' id='word_1_284' title='bbox 206 2177 415 2212; x_wconf 76' lang='lat' dir='ltr'><strong>advenienti</strong></span> <span class='ocrx_word' id='word_1_285' title='bbox 439 2188 719 2224; x_wconf 74' lang='lat' dir='ltr'><strong>occul-surorum,</strong></span> <span class='ocrx_word' id='word_1_286' title='bbox 749 2184 1037 2225; x_wconf 81' lang='lat' dir='ltr'><strong>praemonstrans</strong></span> <span class='ocrx_word' id='word_1_287' title='bbox 1059 2176 1167 2215; x_wconf 77' lang='lat' dir='ltr'><strong>“ubi’&#39;</strong></span> <span class='ocrx_word' id='word_1_288' title='bbox 1190 2180 1306 2227; x_wconf 87' lang='lat' dir='ltr'><strong>inquit</strong></span> <span class='ocrx_word' id='word_1_289' title='bbox 1325 2178 1515 2227; x_wconf 79' lang='lat' dir='ltr'><strong>“cadaver,</strong></span> <span class='ocrx_word' id='word_1_290' title='bbox 1538 2182 1590 2217; x_wconf 88' lang='lat' dir='ltr'><strong>ibi</strong></span> <span class='ocrx_word' id='word_1_291' title='bbox 1613 2194 1700 2217; x_wconf 86' lang='lat' dir='ltr'><strong>con-</strong></span> 
     </span>
     <span class='ocr_line' id='line_1_31' title="bbox 206 2221 1700 2274; baseline 0.005 -17"><span class='ocrx_word' id='word_1_292' title='bbox 206 2225 448 2270; x_wconf 82' lang='lat' dir='ltr'><strong>gregabuntur</strong></span> <span class='ocrx_word' id='word_1_293' title='bbox 482 2221 660 2269; x_wconf 80' lang='lat' dir='ltr'><strong>aquilae.”</strong></span> <span class='ocrx_word' id='word_1_294' title='bbox 715 2225 752 2259; x_wconf 92' lang='lat' dir='ltr'><strong>in</strong></span> <span class='ocrx_word' id='word_1_295' title='bbox 785 2225 878 2259; x_wconf 89' lang='lat' dir='ltr'><strong>hunc</strong></span> <span class='ocrx_word' id='word_1_296' title='bbox 912 2226 1052 2262; x_wconf 88' lang='lat' dir='ltr'><strong>modum</strong></span> <span class='ocrx_word' id='word_1_297' title='bbox 1086 2226 1192 2262; x_wconf 84' lang='lat' dir='ltr'><strong>etiam</strong></span> <span class='ocrx_word' id='word_1_298' title='bbox 1226 2239 1371 2274; x_wconf 85' lang='lat' dir='ltr'><strong>magnus</strong></span> <span class='ocrx_word' id='word_1_299' title='bbox 1404 2228 1620 2264; x_wconf 79' lang='lat' dir='ltr'><strong>Athanasius</strong></span> <span class='ocrx_word' id='word_1_300' title='bbox 1653 2229 1700 2264; x_wconf 87' lang='lat' dir='ltr'><strong>de</strong></span> 
     </span>
     <span class='ocr_line' id='line_1_32' title="bbox 207 2269 1699 2322; baseline 0.005 -18"><span class='ocrx_word' id='word_1_301' title='bbox 207 2269 384 2317; x_wconf 86' lang='lat' dir='ltr'><strong>supplicio</strong></span> <span class='ocrx_word' id='word_1_302' title='bbox 410 2270 548 2305; x_wconf 83' lang='lat' dir='ltr'><strong>Christi</strong></span> <span class='ocrx_word' id='word_1_303' title='bbox 570 2271 750 2316; x_wconf 81' lang='lat' dir='ltr'><strong>loquitur:</strong></span> <span class='ocrx_word' id='word_1_304' title='bbox 771 2269 928 2307; x_wconf 76' lang='lat' dir='ltr'><strong>“iccirco</strong></span> <span class='ocrx_word' id='word_1_305' title='bbox 941 2299 952 2318; x_wconf 91' lang='lat'><strong>,</strong></span> <span class='ocrx_word' id='word_1_306' title='bbox 978 2273 1050 2318; x_wconf 87' lang='lat' dir='ltr'><strong>ait,</strong></span> <span class='ocrx_word' id='word_1_307' title='bbox 1075 2285 1145 2308; x_wconf 90' lang='lat' dir='ltr'><strong>non</strong></span> <span class='ocrx_word' id='word_1_308' title='bbox 1164 2274 1252 2310; x_wconf 83' lang='lat' dir='ltr'><strong>alibi</strong></span> <span class='ocrx_word' id='word_1_309' title='bbox 1275 2274 1450 2322; x_wconf 88' lang='lat' dir='ltr'><strong>supplicio</strong></span> <span class='ocrx_word' id='word_1_310' title='bbox 1473 2275 1569 2310; x_wconf 85' lang='lat' dir='ltr'><strong>subit</strong></span> <span class='ocrx_word' id='word_1_311' title='bbox 1591 2275 1699 2311; x_wconf 89' lang='lat' dir='ltr'><strong>Chri-</strong></span> 
     </span>
     <span class='ocr_line' id='line_1_33' title="bbox 205 2317 1698 2368; baseline 0.003 -16"><span class='ocrx_word' id='word_1_312' title='bbox 205 2323 295 2362; x_wconf 82' lang='lat' dir='ltr'><strong>stus,</strong></span> <span class='ocrx_word' id='word_1_313' title='bbox 321 2328 436 2363; x_wconf 89' lang='lat' dir='ltr'><strong>neque</strong></span> <span class='ocrx_word' id='word_1_314' title='bbox 459 2317 529 2352; x_wconf 87' lang='lat' dir='ltr'><strong>alio</strong></span> <span class='ocrx_word' id='word_1_315' title='bbox 552 2317 591 2352; x_wconf 92' lang='lat' dir='ltr'><strong>in</strong></span> <span class='ocrx_word' id='word_1_316' title='bbox 613 2318 692 2352; x_wconf 91' lang='lat' dir='ltr'><strong>loco</strong></span> <span class='ocrx_word' id='word_1_317' title='bbox 716 2319 754 2353; x_wconf 91' lang='lat' dir='ltr'><strong>in</strong></span> <span class='ocrx_word' id='word_1_318' title='bbox 778 2330 917 2357; x_wconf 87' lang='lat' dir='ltr'><strong>crucem</strong></span> <span class='ocrx_word' id='word_1_319' title='bbox 941 2319 1071 2366; x_wconf 80' lang='lat' dir='ltr'><strong>agitur,</strong></span> <span class='ocrx_word' id='word_1_320' title='bbox 1102 2332 1206 2367; x_wconf 81' lang='lat' dir='ltr'><strong>quam</strong></span> <span class='ocrx_word' id='word_1_321' title='bbox 1233 2321 1271 2356; x_wconf 91' lang='lat' dir='ltr'><strong>in</strong></span> <span class='ocrx_word' id='word_1_322' title='bbox 1293 2321 1372 2356; x_wconf 90' lang='lat' dir='ltr'><strong>loco</strong></span> <span class='ocrx_word' id='word_1_323' title='bbox 1396 2321 1520 2368; x_wconf 86' lang='lat' dir='ltr'><strong>cranii,</strong></span> <span class='ocrx_word' id='word_1_324' title='bbox 1545 2322 1608 2357; x_wconf 89' lang='lat' dir='ltr'><strong>ubi</strong></span> <span class='ocrx_word' id='word_1_325' title='bbox 1631 2324 1698 2358; x_wconf 93' lang='lat' dir='ltr'><strong>do-</strong></span> 
     </span>
     <span class='ocr_line' id='line_1_34' title="bbox 204 2364 1697 2415; baseline 0.005 -17"><span class='ocrx_word' id='word_1_326' title='bbox 204 2369 323 2398; x_wconf 83' lang='lat' dir='ltr'><strong>ctores</strong></span> <span class='ocrx_word' id='word_1_327' title='bbox 346 2364 568 2399; x_wconf 80' lang='lat' dir='ltr'><strong>Ebraeorum</strong></span> <span class='ocrx_word' id='word_1_328' title='bbox 590 2364 717 2399; x_wconf 85' lang='lat' dir='ltr'><strong>Adami</strong></span> <span class='ocrx_word' id='word_1_329' title='bbox 739 2365 963 2412; x_wconf 82' lang='lat' dir='ltr'><strong>sepulchrum</strong></span> <span class='ocrx_word' id='word_1_330' title='bbox 999 2378 1079 2402; x_wconf 88' lang='lat' dir='ltr'><strong>esse</strong></span> <span class='ocrx_word' id='word_1_331' title='bbox 1110 2367 1253 2414; x_wconf 88' lang='lat' dir='ltr'><strong>dicunt,</strong></span> <span class='ocrx_word' id='word_1_332' title='bbox 1287 2369 1506 2404; x_wconf 81' lang='lat' dir='ltr'><strong>affirmantes</strong></span> <span class='ocrx_word' id='word_1_333' title='bbox 1530 2368 1582 2404; x_wconf 89' lang='lat' dir='ltr'><strong>ibi</strong></span> <span class='ocrx_word' id='word_1_334' title='bbox 1607 2381 1697 2415; x_wconf 91' lang='lat' dir='ltr'><strong>eum,</strong></span> 
     </span>
     <span class='ocr_line' id='line_1_35' title="bbox 203 2412 1698 2472; baseline 0.005 -28"><span class='ocrx_word' id='word_1_335' title='bbox 203 2415 392 2457; x_wconf 80' lang='lat' dir='ltr'><strong>postquam</strong></span> <span class='ocrx_word' id='word_1_336' title='bbox 418 2423 496 2446; x_wconf 89' lang='lat' dir='ltr'><strong>eum</strong></span> <span class='ocrx_word' id='word_1_337' title='bbox 518 2417 723 2447; x_wconf 85' lang='lat' dir='ltr'><strong>exsecratus</strong></span> <span class='ocrx_word' id='word_1_338' title='bbox 747 2418 804 2447; x_wconf 89' lang='lat' dir='ltr'><strong>est</strong></span> <span class='ocrx_word' id='word_1_339' title='bbox 825 2412 925 2456; x_wconf 88' lang='lat' dir='ltr'><strong>deus,</strong></span> <span class='ocrx_word' id='word_1_340' title='bbox 951 2412 1129 2450; x_wconf 86' lang='lat' dir='ltr'><strong>humatum</strong></span> <span class='ocrx_word' id='word_1_341' title='bbox 1151 2415 1277 2451; x_wconf 80' lang='lat' dir='ltr'><strong>fuisse.</strong></span> <span class='ocrx_word' id='word_1_342' title='bbox 1303 2421 1502 2472; x_wconf 68' lang='lat' dir='ltr'><strong>propterea</strong></span> <span class='ocrx_word' id='word_1_343' title='bbox 1523 2414 1593 2451; x_wconf 90' lang='lat' dir='ltr'><strong>loci</strong></span> <span class='ocrx_word' id='word_1_344' title='bbox 1612 2428 1698 2462; x_wconf 89' lang='lat' dir='ltr'><strong>pro—</strong></span> 
     </span>
     <span class='ocr_line' id='line_1_36' title="bbox 231 2456 1698 2509; baseline 0.005 -18"><span class='ocrx_word' id='word_1_345' title='bbox 231 2456 395 2492; x_wconf 80' lang='lat' dir='ltr'><strong>rietatem</strong></span> <span class='ocrx_word' id='word_1_346' title='bbox 418 2457 541 2493; x_wconf 80' lang='lat' dir='ltr'><strong>miror.</strong></span> <span class='ocrx_word' id='word_1_347' title='bbox 590 2459 779 2505; x_wconf 83' lang='lat' dir='ltr'><strong>oportebat</strong></span> <span class='ocrx_word' id='word_1_348' title='bbox 801 2458 962 2495; x_wconf 88' lang='lat' dir='ltr'><strong>nimirum</strong></span> <span class='ocrx_word' id='word_1_349' title='bbox 985 2461 1172 2506; x_wconf 87' lang='lat' dir='ltr'><strong>dominum,</strong></span> <span class='ocrx_word' id='word_1_350' title='bbox 1200 2473 1277 2497; x_wconf 88' lang='lat' dir='ltr'><strong>cum</strong></span> <span class='ocrx_word' id='word_1_351' title='bbox 1301 2473 1332 2497; x_wconf 77' lang='lat' dir='ltr'><strong>is</strong></span> <span class='ocrx_word' id='word_1_352' title='bbox 1355 2473 1531 2498; x_wconf 87' lang='lat' dir='ltr'><strong>renovare</strong></span> <span class='ocrx_word' id='word_1_353' title='bbox 1548 2462 1698 2509; x_wconf 86' lang='lat' dir='ltr'><strong>primum</strong></span> 
     </span>
     <span class='ocr_line' id='line_1_37' title="bbox 231 2504 1695 2555; baseline 0.005 -17"><span class='ocrx_word' id='word_1_354' title='bbox 231 2504 381 2539; x_wconf 88' lang='lat' dir='ltr'><strong>ominem</strong></span> <span class='ocrx_word' id='word_1_355' title='bbox 405 2504 526 2550; x_wconf 80' lang='lat' dir='ltr'><strong>vellet,</strong></span> <span class='ocrx_word' id='word_1_356' title='bbox 549 2504 601 2540; x_wconf 87' lang='lat' dir='ltr'><strong>ibi</strong></span> <span class='ocrx_word' id='word_1_357' title='bbox 625 2510 772 2540; x_wconf 89' lang='lat' dir='ltr'><strong>mortem</strong></span> <span class='ocrx_word' id='word_1_358' title='bbox 795 2505 911 2541; x_wconf 85' lang='lat' dir='ltr'><strong>obire.</strong></span> <span class='ocrx_word' id='word_1_359' title='bbox 945 2510 982 2542; x_wconf 87' lang='lat' dir='ltr'><strong>et</strong></span> <span class='ocrx_word' id='word_1_360' title='bbox 1004 2508 1169 2553; x_wconf 83' lang='lat' dir='ltr'><strong>quoniam</strong></span> <span class='ocrx_word' id='word_1_361' title='bbox 1192 2509 1323 2544; x_wconf 89' lang='lat' dir='ltr'><strong>dictum</strong></span> <span class='ocrx_word' id='word_1_362' title='bbox 1348 2514 1403 2544; x_wconf 87' lang='lat' dir='ltr'><strong>est</strong></span> <span class='ocrx_word' id='word_1_363' title='bbox 1424 2509 1556 2544; x_wconf 84' lang='lat' dir='ltr'><strong>Adamo</strong></span> <span class='ocrx_word' id='word_1_364' title='bbox 1581 2510 1695 2555; x_wconf 86' lang='lat' dir='ltr'><strong>(Gen.</strong></span> 
     </span>
     <span class='ocr_line' id='line_1_38' title="bbox 204 2546 1696 2603; baseline 0.004 -18"><span class='ocrx_word' id='word_1_365' title='bbox 204 2550 247 2595; x_wconf 79' lang='lat'><strong>8)</strong></span> <span class='ocrx_word' id='word_1_366' title='bbox 271 2546 394 2586; x_wconf 81' lang='lat' dir='ltr'><strong>“terra</strong></span> <span class='ocrx_word' id='word_1_367' title='bbox 417 2563 476 2596; x_wconf 90' lang='lat' dir='ltr'><strong>es,</strong></span> <span class='ocrx_word' id='word_1_368' title='bbox 513 2556 550 2587; x_wconf 90' lang='lat' dir='ltr'><strong>et</strong></span> <span class='ocrx_word' id='word_1_369' title='bbox 571 2551 609 2586; x_wconf 89' lang='lat' dir='ltr'><strong>in</strong></span> <span class='ocrx_word' id='word_1_370' title='bbox 632 2557 764 2587; x_wconf 88' lang='lat' dir='ltr'><strong>terram</strong></span> <span class='ocrx_word' id='word_1_371' title='bbox 786 2550 963 2598; x_wconf 84' lang='lat' dir='ltr'><strong>redibis,”</strong></span> <span class='ocrx_word' id='word_1_372' title='bbox 990 2554 1044 2589; x_wconf 87' lang='lat' dir='ltr'><strong>ibi</strong></span> <span class='ocrx_word' id='word_1_373' title='bbox 1076 2556 1108 2590; x_wconf 89' lang='lat' dir='ltr'><strong>is</strong></span> <span class='ocrx_word' id='word_1_374' title='bbox 1135 2555 1340 2591; x_wconf 86' lang='lat' dir='ltr'><strong>reconditus</strong></span> <span class='ocrx_word' id='word_1_375' title='bbox 1369 2555 1461 2602; x_wconf 83' lang='lat' dir='ltr'><strong>fuit,</strong></span> <span class='ocrx_word' id='word_1_376' title='bbox 1496 2562 1537 2592; x_wconf 89' lang='lat' dir='ltr'><strong>ut</strong></span> <span class='ocrx_word' id='word_1_377' title='bbox 1562 2568 1631 2603; x_wconf 92' lang='lat' dir='ltr'><strong>quo</strong></span> <span class='ocrx_word' id='word_1_378' title='bbox 1658 2556 1696 2591; x_wconf 91' lang='lat' dir='ltr'><strong>in</strong></span> 
     </span>
     <span class='ocr_line' id='line_1_39' title="bbox 203 2595 1696 2654; baseline 0.006 -24"><span class='ocrx_word' id='word_1_379' title='bbox 203 2595 551 2654; x_wconf 54' lang='lat' dir='ltr'><strong>locoudamnationis</strong></span> <span class='ocrx_word' id='word_1_380' title='bbox 582 2599 793 2635; x_wconf 84' lang='lat' dir='ltr'><strong>sententiam</strong></span> <span class='ocrx_word' id='word_1_381' title='bbox 824 2599 1008 2648; x_wconf 80' lang='lat' dir='ltr'><strong>percepit,</strong></span> <span class='ocrx_word' id='word_1_382' title='bbox 1044 2613 1087 2637; x_wconf 93' lang='lat' dir='ltr'><strong>eo</strong></span> <span class='ocrx_word' id='word_1_383' title='bbox 1120 2606 1157 2638; x_wconf 90' lang='lat' dir='ltr'><strong>et</strong></span> <span class='ocrx_word' id='word_1_384' title='bbox 1187 2601 1443 2638; x_wconf 80' lang='lat' dir='ltr'><strong>absolutionem</strong></span> <span class='ocrx_word' id='word_1_385' title='bbox 1475 2603 1696 2651; x_wconf 70' lang='lat' dir='ltr'><strong>adipiscere-</strong></span> 
     </span>
     <span class='ocr_line' id='line_1_40' title="bbox 202 2646 1113 2678; baseline 0.005 -1"><span class='ocrx_word' id='word_1_386' title='bbox 202 2646 276 2678; x_wconf 85' lang='lat' dir='ltr'><strong>tur.</strong></span> <span class='ocrx_word' id='word_1_387' title='bbox 1111 2661 1113 2664; x_wconf 59' lang='lat'><strong>⁴</strong></span> 
     </span>
     <span class='ocr_line' id='line_1_41' title="bbox 297 2690 1694 2743; baseline 0.006 -19"><span class='ocrx_word' id='word_1_388' title='bbox 297 2690 465 2725; x_wconf 83' lang='lat' dir='ltr'><strong>Heraclio</strong></span> <span class='ocrx_word' id='word_1_389' title='bbox 490 2691 528 2726; x_wconf 88' lang='lat' dir='ltr'><strong>in</strong></span> <span class='ocrx_word' id='word_1_390' title='bbox 551 2690 702 2727; x_wconf 89' lang='lat' dir='ltr'><strong>Oriente</strong></span> <span class='ocrx_word' id='word_1_391' title='bbox 728 2692 874 2738; x_wconf 86' lang='lat' dir='ltr'><strong>degenti</strong></span> <span class='ocrx_word' id='word_1_392' title='bbox 896 2692 991 2728; x_wconf 85' lang='lat' dir='ltr'><strong>filius</strong></span> <span class='ocrx_word' id='word_1_393' title='bbox 1016 2693 1176 2730; x_wconf 79' lang='lat' dir='ltr'><strong>nascitur</strong></span> <span class='ocrx_word' id='word_1_394' title='bbox 1197 2695 1371 2731; x_wconf 82' lang='lat' dir='ltr'><strong>Davidns.</strong></span> <span class='ocrx_word' id='word_1_395' title='bbox 1420 2696 1612 2743; x_wconf 81' lang='lat' dir='ltr'><strong>eademque</strong></span> <span class='ocrx_word' id='word_1_396' title='bbox 1634 2695 1694 2732; x_wconf 88' lang='lat' dir='ltr'><strong>die</strong></span> 
     </span>
     <span class='ocr_line' id='line_1_42' title="bbox 205 2733 1695 2790; baseline 0.007 -22"><span class='ocrx_word' id='word_1_397' title='bbox 205 2733 440 2771; x_wconf 83' lang='lat' dir='ltr'><strong>Constantino</strong></span> <span class='ocrx_word' id='word_1_398' title='bbox 466 2737 629 2773; x_wconf 88' lang='lat' dir='ltr'><strong>Heraclii</strong></span> <span class='ocrx_word' id='word_1_399' title='bbox 663 2740 738 2775; x_wconf 86' lang='lat' dir='ltr'><strong>filio</strong></span> <span class='ocrx_word' id='word_1_400' title='bbox 763 2739 921 2775; x_wconf 81' lang='lat' dir='ltr'><strong>nascitur</strong></span> <span class='ocrx_word' id='word_1_401' title='bbox 942 2740 1151 2786; x_wconf 79' lang='lat' dir='ltr'><strong>Heraclius,</strong></span> <span class='ocrx_word' id='word_1_402' title='bbox 1186 2753 1290 2788; x_wconf 86' lang='lat' dir='ltr'><strong>quem</strong></span> <span class='ocrx_word' id='word_1_403' title='bbox 1314 2742 1463 2787; x_wconf 85' lang='lat' dir='ltr'><strong>Sergius</strong></span> <span class='ocrx_word' id='word_1_404' title='bbox 1490 2744 1695 2790; x_wconf 81' lang='lat' dir='ltr'><strong>patriarcha</strong></span> 
     </span>
     <span class='ocr_line' id='line_1_43' title="bbox 204 2780 1692 2835; baseline 0.007 -20"><span class='ocrx_word' id='word_1_405' title='bbox 204 2780 416 2827; x_wconf 81' lang='lat' dir='ltr'><strong>baptizavit.</strong></span> <span class='ocrx_word' id='word_1_406' title='bbox 466 2785 587 2819; x_wconf 86' lang='lat' dir='ltr'><strong>eodem</strong></span> <span class='ocrx_word' id='word_1_407' title='bbox 612 2798 703 2821; x_wconf 86' lang='lat' dir='ltr'><strong>anno</strong></span> <span class='ocrx_word' id='word_1_408' title='bbox 726 2786 858 2822; x_wconf 82' lang='lat' dir='ltr'><strong>Persae</strong></span> <span class='ocrx_word' id='word_1_409' title='bbox 889 2787 984 2822; x_wconf 88' lang='lat' dir='ltr'><strong>inter</strong></span> <span class='ocrx_word' id='word_1_410' title='bbox 1017 2799 1099 2822; x_wconf 88' lang='lat' dir='ltr'><strong>sese</strong></span> <span class='ocrx_word' id='word_1_411' title='bbox 1122 2794 1218 2824; x_wconf 83' lang='lat' dir='ltr'><strong>mota</strong></span> <span class='ocrx_word' id='word_1_412' title='bbox 1239 2789 1416 2824; x_wconf 87' lang='lat' dir='ltr'><strong>seditione</strong></span> <span class='ocrx_word' id='word_1_413' title='bbox 1439 2801 1598 2835; x_wconf 82' lang='lat' dir='ltr'><strong>magnam</strong></span> <span class='ocrx_word' id='word_1_414' title='bbox 1623 2790 1692 2825; x_wconf 87' lang='lat' dir='ltr'><strong>sibi</strong></span> 
     </span>
     <span class='ocr_line' id='line_1_44' title="bbox 203 2827 1691 2882; baseline 0.007 -22"><span class='ocrx_word' id='word_1_415' title='bbox 203 2827 295 2872; x_wconf 87' lang='lat' dir='ltr'><strong>ipsis</strong></span> <span class='ocrx_word' id='word_1_416' title='bbox 327 2828 459 2864; x_wconf 87' lang='lat' dir='ltr'><strong>cladem</strong></span> <span class='ocrx_word' id='word_1_417' title='bbox 482 2830 688 2868; x_wconf 84' lang='lat' dir='ltr'><strong>intulerunt.</strong></span> <span class='ocrx_word' id='word_1_418' title='bbox 736 2838 811 2868; x_wconf 90' lang='lat' dir='ltr'><strong>tum</strong></span> <span class='ocrx_word' id='word_1_419' title='bbox 833 2833 1003 2879; x_wconf 86' lang='lat' dir='ltr'><strong>temporis</strong></span> <span class='ocrx_word' id='word_1_420' title='bbox 1030 2835 1197 2870; x_wconf 90' lang='lat' dir='ltr'><strong>Indorum</strong></span> <span class='ocrx_word' id='word_1_421' title='bbox 1222 2847 1287 2870; x_wconf 90' lang='lat' dir='ltr'><strong>rex</strong></span> <span class='ocrx_word' id='word_1_422' title='bbox 1310 2847 1456 2872; x_wconf 85' lang='lat' dir='ltr'><strong>munera</strong></span> <span class='ocrx_word' id='word_1_423' title='bbox 1480 2837 1691 2882; x_wconf 83' lang='lat' dir='ltr'><strong>gratulatio-</strong></span> 
     </span>
     <span class='ocr_line' id='line_1_45' title="bbox 205 2873 1690 2928; baseline 0.006 -20"><span class='ocrx_word' id='word_1_424' title='bbox 205 2873 262 2909; x_wconf 87' lang='lat' dir='ltr'><strong>nis</strong></span> <span class='ocrx_word' id='word_1_425' title='bbox 285 2885 370 2922; x_wconf 85' lang='lat' dir='ltr'><strong>ergo</strong></span> <span class='ocrx_word' id='word_1_426' title='bbox 394 2875 601 2923; x_wconf 82' lang='lat' dir='ltr'><strong>imperatori</strong></span> <span class='ocrx_word' id='word_1_427' title='bbox 624 2879 738 2926; x_wconf 84' lang='lat' dir='ltr'><strong>misit,</strong></span> <span class='ocrx_word' id='word_1_428' title='bbox 777 2880 927 2917; x_wconf 86' lang='lat' dir='ltr'><strong>uniones</strong></span> <span class='ocrx_word' id='word_1_429' title='bbox 955 2886 993 2918; x_wconf 87' lang='lat' dir='ltr'><strong>et</strong></span> <span class='ocrx_word' id='word_1_430' title='bbox 1022 2893 1178 2928; x_wconf 82' lang='lat' dir='ltr'><strong>gemmas</strong></span> <span class='ocrx_word' id='word_1_431' title='bbox 1208 2882 1349 2919; x_wconf 84' lang='lat' dir='ltr'><strong>multas.</strong></span> <span class='ocrx_word' id='word_1_432' title='bbox 1396 2884 1600 2919; x_wconf 85' lang='lat' dir='ltr'><strong>decesserat</strong></span> <span class='ocrx_word' id='word_1_433' title='bbox 1621 2883 1690 2918; x_wconf 81' lang='lat' dir='ltr'><strong>iam</strong></span> 
     </span>
    </p>
   </div>
  </div>
 </body>
</html>
