1742 3184
181 170 285 220 690
669 169 915 218 GEORGII
949 168 1199 215 CEDRENI

181 287 325 345 μηκέτι
346 285 523 344 βασιλέα
543 289 722 347 Περσῶν
748 290 805 338 εἷς
825 282 1005 341 πόλεμον
1024 285 1279 344 ἓξέρχεσθαι.
1349 284 1371 331 ὅ
1394 286 1440 330 δὲ
1455 284 1683 342 Ῥωμαΐκὸς

183 358 360 417 στρατὸς
386 359 597 402 ἐπετίθετο
620 364 711 409 ταῖς
734 359 964 414 Περσικαῖς
985 362 1246 414 συμφοραῖς,
1277 357 1343 399 καὶ
1366 356 1471 415 πρὸς
1490 357 1543 400 τὰ
1565 355 1683 399 ἐνδό-

183 447 291 473 τατα
310 433 384 484 τῆς
402 430 610 487 Περσίδος
628 425 833 484 ἐχώρησε,
868 427 938 469 καὶ
957 426 1112 482 πολλὴν
1133 427 1418 481 αἰχμαλωσίαν
1438 429 1507 469 καὶ
1527 425 1682 470 ἅλωσιν

184 499 226 542 ἓν
245 500 424 556 Περσίδι
444 499 648 553 πεποίηκε,
673 495 848 555 φθάσας
866 497 935 539 καὶ
952 495 1078 551 μέσον
1094 494 1430 554 τῆςὙρκανικῆς
1448 495 1683 552 θαλάσσης.

179 572 382 624 χειμῶνος
400 567 445 610 δὲ
461 566 678 624 γενομένου
695 567 738 609 ἐν
752 567 931 624 Περσίδι
946 567 1234 623 παρεχείμασε.
1691 572 1714 608 5

327 641 403 696 Τῷ
426 635 462 679 δ’
487 637 615 680 αὐτοῦ
638 635 716 680 ἔτει
740 638 861 689 κτίζει
882 636 1077 693 Τιβέριος
1097 635 1145 679 τὸ
1170 631 1371 692 δημόσιον
1391 637 1474 678 τῶν
1493 637 1685 692 Βλαχερ-

186 711 268 751 νῶν
298 704 471 764 λουτρόν
480 738 510 759 ,.
531 706 700 750 ἅνανεοΐ
728 707 774 749 δὲ
805 707 876 749 καὶ
905 706 1123 761 ἐκκλησίας
1153 705 1311 756 πολλὰς
1331 706 1399 747 καὶ
1422 707 1595 755 ξενῶνας
1617 706 1685 747 καὶ

186 782 469 835 γηρωκομεῒα,
505 782 760 831 κατακοσμεῖ
778 777 823 818 δὲ
842 777 910 819 καὶ
928 775 1000 819 τὸν
1017 776 1355 834 χρυσοτρίκλινον
1375 779 1449 818 τοῦ
1471 776 1687 817 παλατιόυ.

43 857 73 891 P
94 853 165 892 394
189 846 279 891 τότε
301 843 452 889 κελεύει
473 843 716 904 γράφεσθαι
735 846 863 889 αὐτὸν
887 846 929 888 ἓν
955 852 1041 897 τοῖς
1060 845 1330 901 συμβολαίοις
1350 845 1544 902 Τιβέριον
1564 846 1688 887 Κων-

188 923 413 962 σταντῖνον.
448 923 453 927 “
482 920 540 976 τῷ
565 915 608 959 δ’
635 915 712 959 ἔτει
733 919 902 976 τελευτᾷ
918 914 1120 971 Εὗτύχιος
1141 913 1162 958 ὅ
1183 912 1462 973 πατριάρχης,
1498 916 1565 956 καὶ
1582 914 1687 968 μετὰ
1703 921 1742 957 1ss

185 985 236 1038 ἓξ
256 984 415 1044 ἣμέρας
426 993 718 1044 χειροτονεῖται
740 983 941 1042 Ἰωάννης
970 984 1159 1036 διάκονος
1179 989 1254 1041 τῆς
1274 982 1457 1040 μεγάλης
1475 984 1691 1040 ἐκκλησίας
1724 1044 1731 1048 ἢ

189 1055 212 1099 ὃ
235 1053 472 1112 νηστευτής.
524 1053 547 1099 ὅ
570 1057 616 1099 δὲ
632 1055 828 1111 βασιλεὺς
849 1054 1059 1113 ἀγοράσας
1077 1054 1253 1111 σώματα
1274 1055 1451 1097 ἐθνικῶν
1469 1053 1691 1109 κατέστησε

190 1124 430 1184 στράτευμα
463 1127 521 1177 εἷς
552 1125 684 1182 ὄνομα
714 1126 820 1169 ἴδιον
831 1158 844 1179 ,
886 1125 1104 1183 ἅμφιάσας
1139 1127 1208 1168 καὶ
1245 1126 1506 1176 καθοπλίσας
1539 1124 1693 1174 αὐτοὺς

189 1194 383 1251 χιλιάδας
402 1192 461 1248 ιε’,
485 1196 676 1247 δεδωκώς
694 1196 834 1247 αὐτοῖς
849 1197 917 1238 καὶ
936 1195 1165 1254 στρατηγὸν
1182 1195 1422 1252 Μαυρίκιον
1441 1193 1511 1239 τὸν
1531 1193 1693 1249 κόμητα

190 1269 274 1309 τῶν
297 1264 556 1323 φοιδεράτων
574 1268 642 1309 καὶ
658 1263 969 1324 ὑποστράτηγον
991 1266 1120 1310 αὐτοῦ
1137 1269 1312 1320 Ναρσῆν
1322 1297 1335 1317 ,
1370 1265 1438 1307 καὶ
1462 1264 1693 1307 ἀπέστειλεν
1708 1271 1742 1307 1ξ

192 1334 346 1386 αὐτοὺς
366 1334 473 1379 κατὰ
496 1338 689 1394 Περσῶν.
757 1336 939 1392 πολέμου
971 1337 1016 1378 δὲ
1048 1335 1324 1394 κροτηθέντος
1345 1339 1487 1378 νικῶσι
1499 1332 1696 1388 Ῥωμαῖοι

193 1405 301 1449 κατὰ
330 1403 503 1463 κράτος,
539 1407 609 1448 καὶ
639 1406 857 1464 ἀφείλοντο
879 1407 923 1448 ἐκ
946 1410 1029 1449 τῶν
1049 1408 1229 1463 Περσῶν
1249 1403 1386 1457 πόλεις
1404 1422 1446 1448 τε
1467 1406 1534 1447 καὶ
1552 1402 1697 1461 χώρας

140 1481 173 1519 Β
198 1474 248 1526 ἃς
279 1475 344 1517 ἐπὶ
370 1475 673 1519 Ἰουστινιανοῦ
705 1478 773 1519 καὶ
798 1476 1032 1519 Ἰουστίνου
1063 1476 1314 1533 παρέλαβον.
1383 1473 1622 1517 ἐπανελθὼν
1652 1473 1698 1515 δὲ

193 1545 435 1604 Μαυρίκιος
455 1545 498 1587 ἓν
516 1544 950 1590 Κωνσταντινουπόλει
973 1546 1125 1601 ἐδέχθη
1144 1543 1224 1587 ὕπὸ
1247 1549 1323 1588 τοῦ
1341 1545 1545 1599 βασιλέως
1566 1542 1698 1600 μεγά-

192 1619 298 1667 λως,
334 1617 404 1658 καὶ
427 1613 708 1672 ἐθριάμβευσε
733 1617 926 1675 Τιβέριος
946 1616 1022 1667 τὰς
1041 1617 1157 1666 νίκας
1177 1616 1420 1671 Μαυρικιόυ
1431 1647 1446 1667 ,
1475 1615 1543 1657 καὶ
1566 1622 1742 1672 προσ-2(

193 1683 364 1740 ελάβετο
396 1685 523 1728 αὐτὸν
553 1687 745 1744 γαμβρὸν
776 1688 834 1736 εἷς
857 1688 1175 1729 Κωνσταντῖναν
1197 1685 1272 1740 τὴν
1293 1683 1441 1727 ἑαυτοῦ
1463 1684 1698 1741 θυγατέρα·

194 1751 348 1809 ὁμοίως
380 1755 426 1798 δὲ
459 1756 530 1798 καὶ
562 1757 604 1797 Γ
602 1761 765 1816 ερμανῷ
799 1760 1019 1817 στρατηγῷ
1050 1754 1182 1808 ἔζευξε
1214 1754 1290 1811 τὴν
1323 1754 1538 1812 θυγατέρα
1572 1753 1702 1796 αὐτοῦ

290 1874 338 1911 10
361 1870 401 1910 δ’
427 1870 532 1922 αὐτῷ
557 1871 662 1909 gret?

198 1977 315 2022 tiens,
339 1976 453 2023 legem
476 1978 551 2012 fert
571 1989 617 2012 ne
638 1989 704 2013 rex
725 1978 916 2015 Persarum
941 1979 1031 2015 ullus
1057 1979 1209 2027 posthac
1232 1977 1271 2014 in
1292 1979 1424 2015 bellum
1442 1980 1703 2027 proficiscatur.

198 2025 380 2060 Romanus
415 2035 501 2059 vero
533 2025 715 2061 exercitus
750 2028 858 2061 rebus
889 2027 1080 2062 Persarum
1110 2026 1258 2062 afflictis
1290 2026 1463 2062 insultans
1486 2028 1525 2062 in
1546 2027 1705 2062 intimam

198 2082 314 2117 usque
337 2070 522 2106 Persidem
542 2072 722 2118 pervenit,
748 2073 946 2119 multosque
971 2073 1023 2109 ibi
1049 2073 1227 2118 mortales,
1251 2073 1359 2108 muita
1383 2074 1516 2130 oppida
1539 2074 1705 2129 ini-pote-

200 2123 330 2153 statem
354 2129 452 2152 suam
476 2118 638 2163 redegit,
673 2124 709 2154 et
733 2121 846 2165 usque
869 2122 915 2156 ad
942 2122 1094 2157 medium
1118 2120 1224 2156 maris
1249 2120 1413 2166 Hyrcam
1444 2128 1627 2168 perrex1t3
1662 2132 1705 2156 ac

200 2164 318 2200 hieme
342 2164 440 2200 facta
463 2164 501 2199 in
524 2164 674 2200 Perside
699 2166 847 2202 hiberna
871 2167 1008 2204 habuit.

297 2234 438 2276 Quarto
472 2245 564 2269 anno
599 2235 771 2271 Tiberius
806 2236 984 2282 publicum
1015 2237 1055 2272 in
1086 2235 1296 2272 Blachernis
1328 2235 1493 2273 balneum
1523 2237 1704 2283 aedificat,

201 2282 450 2326 instauratque
473 2280 581 2316 multa
604 2282 756 2329 templa,
784 2283 906 2318 domos
928 2283 1124 2330 hospitales
1149 2289 1187 2319 et
1213 2283 1360 2319 senibus
1384 2284 1550 2320 fovendis
1575 2285 1703 2320 factas.

202 2333 355 2363 exornat
387 2328 492 2363 etiam
519 2339 663 2363 aureum
692 2329 818 2375 palatii
840 2330 1047 2366 triclinium.
1094 2336 1180 2366 tunc
1205 2329 1311 2365 etiam
1336 2342 1376 2366 se
1399 2331 1438 2366 in
1461 2336 1705 2367 contractuum

202 2374 365 2409 formulis
390 2375 501 2410 scribi
525 2374 631 2411 iussit
653 2376 837 2412 Tiberium
863 2377 1146 2413 Constantinum.
1195 2377 1318 2412 eodem
1343 2389 1435 2412 anno
1459 2379 1608 2413 moritur
1625 2379 1704 2413 Eu-

202 2421 349 2466 tychius
373 2421 597 2467 patriarcha,
624 2435 666 2457 ac
690 2428 773 2471 post
796 2436 861 2458 sex
884 2424 961 2459 dies
985 2424 1023 2460 in
1047 2424 1160 2459 locum
1185 2423 1262 2459 eius
1285 2425 1457 2460 suffectus
1479 2430 1534 2460 est
1551 2426 1705 2460 Ioannes

204 2473 439 2513 cognomento
480 2468 680 2516 ieiunatur,
725 2470 843 2516 magni
875 2471 998 2517 templi
1030 2471 1214 2506 diaconus.
1273 2482 1382 2516 porro
1415 2471 1587 2507 Tiberius
1621 2471 1708 2507 emit

204 2514 396 2550 barbarica
419 2515 595 2561 mancipia
618 2517 663 2551 ad
683 2516 780 2552 milia
798 2517 1019 2564 quindecim,
1045 2530 1161 2563 exque
1185 2517 1231 2552 iis
1253 2516 1396 2552 vestitis
1420 2529 1441 2552 a
1464 2531 1504 2554 se
1528 2523 1564 2554 et
1588 2530 1707 2554 arma-

206 2560 255 2596 tis
280 2561 476 2596 exercitum
499 2562 716 2609 composuit,
741 2564 787 2598 de
809 2576 874 2599 suo
902 2565 1045 2599 nomine
1068 2564 1302 2600 Tiberianam
1325 2564 1528 2611 appellans3
1561 2566 1705 2600 ducem-

207 2618 280 2652 que
303 2607 349 2642 iis
374 2608 475 2643 dedit
496 2608 709 2644 Mauricium
734 2611 897 2646 comitem
929 2612 1212 2657 foederatorum,
1249 2610 1355 2656 eique
1383 2611 1536 2657 legatum
1569 2612 1707 2647 addidit

207 2652 417 2701 Narsetem,
440 2666 484 2690 ac
507 2661 631 2691 contra
653 2657 783 2692 Persas
807 2658 937 2693 emisit.
986 2658 1172 2693 commissa
1191 2669 1309 2704 pugna
1332 2657 1466 2693 Persae
1485 2659 1574 2694 victi
1594 2658 1706 2705 pulsi-

208 2710 280 2744 que
302 2705 406 2746 sunt,
440 2707 478 2737 et
500 2714 671 2749 recepere
700 2704 853 2739 Romani
875 2706 983 2740 urbes
1009 2711 1047 2741 et
1068 2705 1201 2752 oppida
1223 2706 1268 2739 ab
1292 2703 1337 2738 iis
1360 2705 1558 2740 Iustiniano
1582 2710 1620 2740 et
1642 2705 1705 2740 Iu-

210 2745 306 2781 stino
339 2746 598 2793 imperantibus
625 2757 812 2797 occupata.
858 2763 1026 2787 reversus
1049 2751 1179 2797 Cpolin
1201 2750 1397 2786 Mauricius
1420 2753 1465 2787 ab
1489 2752 1706 2798 imperatore

211 2796 270 2826 est
301 2792 497 2829 honorifice
528 2802 712 2843 acceptus.
758 2798 993 2845 triumphavit
1026 2798 1132 2834 etiam
1156 2798 1200 2833 de
1223 2797 1346 2832 Persis
1378 2798 1592 2844 imperator,
1629 2797 1706 2832 suis

211 2838 384 2885 auspiciis
406 2852 429 2875 a
453 2841 629 2878 Mauricio
651 2843 782 2887 victis3
801 2856 1040 2891 generumque
1065 2846 1158 2880 hunc
1179 2844 1250 2879 sibi
1274 2844 1449 2889 adscivit,
1474 2846 1606 2880 tradita
1629 2844 1705 2879 filia

212 2894 278 2921 sua
301 2884 549 2924 Constantina.
597 2891 778 2928 Germano
801 2892 883 2928 duci
906 2892 1074 2939 alteram,
1109 2891 1251 2928 nomine
1273 2891 1522 2939 Charitonem‚
1549 2891 1702 2928 colloca-
