1742 3184
188 186 316 234 ‘508
556 175 563 185 “
701 187 944 233 GEORGn
972 186 1220 231 CEDRENI

218 322 290 364 ρον
324 301 422 347 ὄντα
457 307 598 357 καλεῖ,
646 306 719 359 τῆς
745 302 945 358 ἀληθείας
972 301 1032 357 μὴ
1064 298 1378 360 ἕφικνοῦμενοςς
1413 300 1526 358 ὅμως
1546 301 1700 347 ἔννοιαν

216 374 307 430 ἴσχε
330 375 397 417 καὶ
418 373 556 431 ἑτέρου
579 372 814 430 προσώπου.
885 373 957 416 οὐκ
978 373 1163 415 ἐνταῦθα
1186 371 1236 428 δὴ
1262 371 1388 427 μόνον
1408 372 1538 415 ἔπαθε
1563 377 1698 426 τοῦτο,

217 442 323 487 ἀλλὰ
342 446 411 486 καὶ
431 444 477 486 τὸ
501 444 602 493 θεὸς
623 444 691 485 καὶ
712 441 758 485 τὸ
783 440 925 498 κύριος
949 440 1194 499 ἑρμηνεῦσαι
1215 440 1461 500 πειρώμενος
1479 446 1552 498 τῆς
1572 447 1698 496 βασι-

164 523 194 559 Β
218 512 442 569 λικωτάτης
461 512 629 570 τριάδος
649 511 804 554 ἔννοιαν
826 511 930 568 ἴσχε.
962 511 1133 570 φάσκων
1153 511 1232 569 γὰρ
1254 510 1316 554 ὅτι
1340 510 1395 562 εἷς
1417 513 1523 556 ἐστὶν
1542 510 1563 554 ὃ
1584 511 1698 563 θεός,

219 584 265 627 οὗ
293 584 397 640 πρὸς
422 583 493 625 τὸν
514 580 697 638 ἀριθμὸν
718 581 947 638 κατέδραμε
968 585 1042 636 τῆς
1062 579 1263 635 μονάδος,
1300 581 1406 623 ἀλλὰ
1428 581 1532 638 πρὸς
1549 582 1594 623 τὸ
1615 585 1732 636 μυ-5

218 652 384 710 στήριον
413 656 486 706 τῆς
516 649 633 706 ἁγίας
657 649 824 708 τριάδος
853 650 900 693 τὸ
923 655 1005 694 τῶν
1026 651 1101 705 μὲν
1125 649 1256 707 πάντῃ
1279 652 1492 708 διαιρετῶν
1515 649 1701 694 ἑνικώτε-

218 740 314 780 ρον,
362 725 444 764 τῶν
478 721 521 763 δὲ
552 719 679 771 ὄντως
714 722 948 775 μοναδικῶν
980 718 1286 778 ἀφθονώτερον.
1356 723 1423 763 καὶ
1454 719 1560 763 οὕτω
1594 721 1700 770 κατὰ
1729 727 1731 730 ’

217 790 367 850 κράτος
391 788 492 833 εἷλεν
512 790 638 832 αὐτοῦ
661 789 735 845 τὴν
752 789 894 845 ψυχὴν
915 787 971 841 ὥς
994 790 1307 847 ἀναγκασθῆναι
1330 789 1558 848 διαρρήδην
1579 794 1700 833 τοῦτο

220 861 347 946 φάναι
369 861 437 902 καὶ
455 862 497 902 ἐν
519 858 734 916 γράμμασι
757 863 1019 915 καταλεῖψαι.
1090 859 1163 902 δύο
1197 860 1271 914 μὲν
1292 859 1380 917 γὰρ
1414 877 1496 902 ειπε
1525 859 1600 910 τὰς
1628 863 1702 902 τοῦ

216 930 332 981 όντος
353 928 567 983 δυνάμεις,
616 931 674 972 ὡν
691 927 717 984 ἡ
736 930 810 984 μὲν
831 929 1017 985 ποιητικὴ
1041 930 1108 971 καὶ
1131 930 1356 987 εὐεργετικὴ
1378 927 1499 987 φύσει
1519 934 1596 972 καλ
1600 936 1699 971 εἷται
1714 935 1742 969 11

216 998 340 1052 θεός,
375 997 401 1055 ἦ
432 1000 475 1041 δὲ
500 998 693 1055 βασιλικὴ
717 1001 785 1042 καὶ
811 999 1062 1055 τιμωρητικὴ
1083 1015 1235 1056 κυριος.
1309 999 1357 1041 οὒ
1381 997 1522 1057 πόρρω
1548 1000 1703 1052 βαίνων

215 1075 291 1113 τοῦ
313 1069 544 1128 φήσαντος,
579 1068 764 1125 Χριστὸς
790 1072 895 1110 θεοῦ
924 1067 1096 1123 δύναμις
1125 1070 1194 1111 καὶ
1213 1072 1319 1112 θεοῦ
1340 1069 1494 1126 σοφία,
1533 1067 1704 1122 δύναμις

217 1140 292 1182 οὐκ
315 1136 598 1188 ἀνυπόστατος
621 1138 714 1180 ἀλλ’
741 1136 1035 1190 ἒνυπόστατος,
1064 1140 1133 1180 καὶ
1154 1136 1488 1192 παντοδύναμος,
1513 1140 1580 1180 καὶ
1599 1135 1705 1180 ὓπο-

162 1218 193 1253 C
217 1207 400 1259 στάσεως
423 1206 684 1264 δημιουργός,
711 1210 780 1250 καὶ
799 1208 1021 1262 ι’σοσθενὴς
1039 1208 1189 1250 ἐκείνου
1210 1201 1258 1250 οὗ
1277 1207 1450 1261 δύναμις
1470 1208 1566 1250 ἔστί.
1636 1209 1703 1249 καὶ

215 1277 339 1321 πάλιν
370 1276 391 1320 ὅ
421 1278 545 1327 αὐτὸς
568 1278 708 1318 Φίλων
735 1278 827 1334 περὶ
860 1281 967 1319 θεοῦ
990 1275 1227 1331 θεάματος,
1275 1271 1324 1319 οὗ
1350 1275 1427 1319 εἶδε
1452 1279 1644 1332 Μωῦσῆς
1663 1279 1704 1319 ἓν
1718 1282 1742 1317 1³

215 1353 266 1406 τῇ
298 1346 437 1406 βάτῳ,
484 1345 699 1404 ἕκφράζων
729 1345 835 1404 ἔφη·
884 1346 1027 1401 θέαμα
1061 1345 1448 1401 ἐκπληκτικώτατον.
1519 1345 1604 1389 εἶτα
1628 1345 1706 1406 δρᾷ

214 1418 311 1473 μετ’
335 1418 469 1474 ὀλίγον
486 1416 592 1459 κατὰ
612 1417 738 1471 μέσον
760 1420 835 1471 τῆς
854 1417 1008 1474 φλογὸς
1023 1414 1192 1474 μορφήν
1215 1434 1306 1459 τινα
1323 1414 1705 1474 περικαλλεστάτην,

219 1489 378 1545 ἐμφερῆ
399 1486 530 1529 οὐδενὶ
553 1490 635 1529 τῶν
659 1483 819 1543 ὁρατῶν
828 1518 840 1537 ,
875 1486 1185 1529 θεοειδέστατον
1211 1485 1401 1541 ἄγαλμα,
1439 1490 1529 1543 φῶς
1546 1486 1706 1542 αὐγοει-

218 1558 406 1613 δὲστερον
427 1560 502 1599 τοῦ
525 1555 655 1613 πυρὸς
675 1554 1071 1613 ἀπαστράπτουσαν·
1108 1554 1159 1611 ’ἣν
1187 1553 1258 1597 ἐάν
1288 1572 1350 1614 τις
1375 1553 1626 1610 ὑπετόπησεν
1649 1557 1706 1597 εἷ-

218 1625 319 1672 κόνα
338 1630 411 1668 τοῦ
429 1625 544 1675 ὄντος
565 1623 664 1667 εἶναι
675 1657 688 1676 ,
725 1629 861 1675 καλῶς
879 1623 1112 1682 ὑπείληφεν.
1184 1627 1218 1668 εἲ
1243 1625 1292 1668 δέ
1311 1642 1372 1676 τις
1392 1627 1482 1683 περὶ
1504 1630 1578 1680 τῆς
1598 1623 1704 1667 εἲκό-
1717 1629 1742 1663 2

218 1713 288 1747 νος
319 1695 500 1751 ἀκριβῶς
532 1699 686 1747 μαθεῖν
714 1694 933 1748 βούλεται,
980 1695 1160 1737 ἀκουέτω
1187 1694 1373 1738 Παύλου
1396 1696 1582 1751 λέγοντος
1617 1696 1708 1751 περὶ

389 1762 475 1779 mcc(

221 1769 296 1809 τοῦ
315 1781 407 1808 υιου
461 1762 507 1815 ὅς
526 1765 634 1806 ἐστιν
656 1765 772 1806 εἰκὼν
790 1768 862 1807 τοῦ
883 1768 988 1806 θεοῦ
1008 1768 1082 1807 τοῦ
1102 1762 1328 1822 ἀοράτου.
1403 1765 1550 1808 οὐκοῦν
1571 1764 1708 1807 κάκεῖ-

223 1966 347 2003 saltem
379 1966 416 2001 in
449 1965 594 2001 alterius
626 1977 802 2011 personae
834 1964 994 2001 notitiam
1021 1966 1200 2012 pervenit.
1248 1978 1365 2013 neque
1387 1965 1506 2002 illud'
1494 1979 1610 2014 lpsum
1631 1971 1713 2003 tan-

221 2014 400 2049 tummodo
423 2013 554 2056 movit,
592 2013 654 2046 sed
687 2018 723 2047 et
751 2013 923 2047 vocabula
946 2014 1032 2047 deus
1058 2026 1100 2048 ac
1125 2014 1285 2048 dominus
1308 2014 1539 2060 interpret-ari
1567 2021 1712 2050 conatus

222 2061 460 2114 regiissimam
485 2039 680 2093 trinitatem
717 2060 877 2104 agnovit.
927 2071 1003 2093 cum
1038 2060 1129 2094 enirn
1160 2060 1310 2095 dixisset
1345 2072 1450 2095 unum
1488 2073 1567 2096 esse
1598 2062 1713 2107 deum,

222 2119 295 2142 nou
326 2107 370 2142 ad
403 2106 548 2140 unitatis
578 2117 757 2140 numerum
789 2106 854 2140 sed
882 2107 928 2141 ad
959 2108 1074 2141 sancti
1106 2107 1279 2141 ternionis
1303 2108 1464 2153 confugit
1486 2109 1714 2153 mysterium3

221 2154 284 2200 qui
316 2154 361 2188 ad
397 2153 543 2188 unitatis
576 2159 736 2187 naturam
771 2153 917 2198 propius
948 2153 1086 2188 accedit
1118 2166 1221 2199 quam
1253 2166 1296 2188 ea
1321 2165 1412 2199 quae
1436 2156 1576 2189 omnino
1602 2155 1715 2189 dividi

219 2205 391 2248 possunt,
427 2205 463 2234 et
489 2199 633 2234 uberior
655 2204 774 2233 tamen
796 2206 852 2233 est
875 2211 978 2244 quam
1002 2212 1092 2244 quae
1116 2211 1261 2255 prorsus
1285 2206 1367 2235 sunt
1390 2200 1561 2236 solitaria.
1615 2207 1716 2236 tanta

221 2254 338 2282 autem
364 2246 401 2280 vi
425 2246 576 2280 animum
601 2246 676 2280 eius
700 2246 770 2280 ista
793 2247 971 2280 sententia
996 2247 1203 2292 occupavit,
1244 2253 1281 2281 ut
1314 2259 1389 2281 eam
1415 2248 1529 2293 palam
1552 2248 1715 2294 profiteri

222 2306 265 2330 ac
289 2293 457 2339 scriptam
482 2304 623 2338 quoque
649 2293 850 2338 relinquere
875 2299 1016 2327 coactus
1045 2294 1169 2329 fuerit.
1219 2294 1306 2328 duas
1337 2294 1427 2328 enim
1452 2295 1504 2329 ait
1528 2307 1607 2329 esse
1637 2295 1714 2329 eius

222 2342 317 2386 quod
343 2346 398 2375 est
421 2340 621 2383 facultates,
649 2350 793 2384 quarum
820 2339 932 2374 altera
955 2341 1118 2375 effectrix
1143 2338 1190 2375 et‘
1202 2341 1363 2375 benefica
1385 2345 1512 2375 natura
1537 2342 1625 2376 deus
1649 2354 1715 2387 ap-

219 2387 391 2434 pelletur,
428 2386 540 2421 altera
574 2386 676 2431 regia
707 2390 744 2420 et
775 2385 882 2420 ultrix
906 2387 1079 2422 dominus.
1126 2387 1221 2441 quod
1245 2387 1321 2422 eius
1342 2387 1473 2422 dictum
1497 2400 1567 2422 nou
1591 2388 1715 2433 procul

221 2435 324 2469 abest
366 2436 411 2468 ab
455 2445 496 2467 eo
532 2433 627 2478 quod
658 2433 696 2467 iu
728 2434 916 2478 Scriptura
954 2433 1118 2468 Christus
1154 2433 1214 2468 dei
1251 2433 1413 2480 potentia
1460 2439 1497 2468 et
1537 2434 1716 2480 sapientia

222 2481 281 2515 dei
324 2481 493 2525 dicitur,-
533 2479 698 2533 potentia
735 2479 875 2514 scilicet
918 2491 983 2514 seu
1031 2480 1183 2515 facultas
1229 2492 1298 2514 non
1343 2491 1467 2515 carens
1515 2481 1715 2515 substantia

221 2527 286 2561 sed
309 2525 571 2570 substantialis,
607 2525 851 2580 omnipotenS,
884 2537 926 2560 ac
957 2527 1233 2561 substantiarum
1266 2527 1450 2571 effectrix,
1487 2528 1718 2581 eiusdemque

222 2585 299 2607 cum
323 2586 365 2608 eo
391 2573 573 2627 potentiae
598 2572 697 2607 cuius
724 2578 779 2607 est
802 2552 965 2608 facultas
999 2585 1122 2608 rursus
1146 2574 1239 2608 idem
1262 2573 1366 2607 Philo
1388 2574 1625 2620 spectaculum
1650 2572 1718 2608 ex-'

223 2620 358 2665 plicans
383 2620 478 2665 quod
503 2619 541 2653 in
563 2621 652 2654 rubo
676 2619 798 2654 Moses
823 2619 926 2663 vidit,
947 2619 1000 2654 ita
1021 2619 1188 2666 loquitur.
1235 2621 1470 2665 spectaculum
1497 2621 1588 2655 vidit
1611 2631 1713 2665 quam

224 2667 373 2700 maxime
394 2665 569 2701 terribile.
598 2665 713 2700 cernit
737 2665 840 2710 paulo
865 2671 948 2711 post
970 2666 1007 2700 in
1032 2667 1147 2702 medio
1170 2667 1329 2702 flammae
1352 2667 1525 2711 quandam
1547 2666 1713 2722 pulcher—

226 2714 359 2747 rimam
373 2713 540 2757 formam,
569 2711 697 2746 nullius
720 2712 874 2747 visibilis
897 2712 951 2747 rei
974 2712 1140 2758 similem,
1172 2713 1393 2748 simulacrum
1414 2713 1557 2748 divinae
1580 2712 1715 2759 speciei

228 2759 412 2793 admodum
436 2761 634 2802 conforme,
666 2758 778 2793 lucem
808 2759 970 2794 nimirum
995 2771 1086 2805 quae
1109 2760 1189 2806 ipsa
1210 2759 1349 2794 flamma
1368 2752 1588 2806 splendidius
1612 2759 1714 2793 efful-

227 2805 356 2849 gebat3
393 2816 495 2849 quam
521 2805 553 2840 si
579 2805 658 2851 quis
681 2805 866 2852 imaginem
890 2807 966 2840 eius
992 2806 1054 2852 qui
1078 2813 1133 2841 est
1155 2806 1366 2851 arbitretur,
1398 2807 1430 2841 is
1453 2812 1552 2841 recte
1576 2806 1714 2840 iudica-

227 2851 334 2885 verit.
371 2862 441 2894 qua
463 2852 508 2884 de
532 2852 685 2897 imagine
708 2852 740 2886 si
765 2852 845 2896 quis
861 2858 992 2887 exacte
1016 2852 1110 2887 vult
1107 2864 1341 2897 cognoscere,
1370 2852 1400 2887 is
1426 2853 1547 2887 audiat
1568 2851 1714 2886 Paulum

228 2898 281 2932 sic
304 2897 350 2932 de
371 2896 444 2932 filio
468 2897 667 2942 loquentem
694 2898 800 2942 (Col.
828 2897 922 2944 1)
925 2896 1000 2945 ‘qui
1025 2905 1082 2935 est
1101 2899 1294 2935 invisibilis
1318 2899 1408 2934 dei·
1397 2896 1539 2945 imago?
1599 2910 1714 2943 neque
