1742 3184
219 201 316 249 180
698 198 940 245 GEORGII
974 195 1222 244 GEDRENI

216 322 363 375 θρωπε
393 319 466 359 τοῦ
497 318 623 368 θεοῦ,
662 313 684 359 ὅ
711 312 907 369 βασιλεὺς
939 315 1058 355 καλεῖ
1079 323 1146 356 σε·
1194 305 1437 365 κατάβηθι.’
1508 307 1614 365 πρὸς
1651 305 1699 351 ὃν

166 388 198 429 C
216 387 365 437 Ἠλίας
381 383 440 428 ἐἰ
458 384 681 443 ἄνθρωπος
701 388 774 427 τοῦ
792 386 897 426 θεοῦ
917 380 994 437 ἐγώ
1002 412 1016 433 ,
1051 377 1326 434 καταβήσεται
1347 381 1428 434 πῦρ
1446 376 1489 428 ἐξ
1507 376 1698 434 οὐρανοῦ,

219 457 290 501 καὶ
310 451 595 512 καταφάγεταί
613 470 656 497 σε
682 454 749 496 καὶ
772 451 868 502 τούς
889 447 1137 505 πεντήκοντά
1158 447 1266 492 σου]
1336 447 1405 490 καὶ
1435 446 1586 502 κατέβη
1615 450 1698 503 πῦρ

220 527 264 577 ἐξ
296 524 496 582 οὐρανοῦ,
538 524 606 566 καὶ
637 521 863 579 κατέφαγεν
896 517 1020 563 αὐτὸν·
1052 520 1120 561 καὶ
1152 518 1250 568 τοὺς
1278 513 1525 571 πεντήκοντα
1557 514 1699 558 αὐτοῦ.

221 593 352 644 οὕτως
381 592 532 649 ἐγένετο
564 593 632 634 καὶ
661 597 745 640 τοῖς
777 589 992 646 δευτέροις.
1063 585 1084 631 ὅ
1117 587 1162 629 δὲ
1191 586 1327 643 τρίτος
1350 582 1733 640 πεντηκοντάρχηςδ

221 660 382 714 ἐλθών,
411 660 544 706 πεσὼν
563 662 627 703 ἐπὶ
646 660 721 715 τὴν
735 662 834 715 γῆν,
865 655 1016 712 ἐδεήθη
1038 658 1106 700 καὶ
1131 653 1235 699 εἶπεν
1256 652 1471 710 εἄνθρωπε
1489 657 1565 698 τοῦ
1580 657 1701 705 θεοῦ,

221 729 489 787 ἐντιμωθήτω
510 730 560 785 δὴ
582 727 608 784 ἡ
627 726 744 784 ψυχή
764 745 846 782 μου
869 728 937 769 καὶ
956 724 983 782 ἡ
1003 724 1119 781 ψυχὴ
1140 729 1221 768 τῶν
1243 723 1418 766 παιδίων
1444 738 1520 766 σου
1546 721 1702 765 τούτων

220 801 264 844 ἓν
294 801 532 858 ὀφθαλμοῖς
561 798 670 841 (5011.²
744 798 812 839 καὶ
842 794 1035 850 ἐλάλησεν
1059 794 1227 850 ἄγγελος
1253 794 1392 849 κυρίου
1418 792 1521 849 πρὸς
1538 789 1702 842 'HJ-1015,

223 872 290 914 καὶ
316 868 466 923 κατέβη
487 867 580 922 μετ’
608 867 741 910 αὐτῶν
761 864 864 921 πρὸς
880 865 950 908 τὸν
970 864 1168 919 βασιλέα,
1206 864 1273 905 καὶ
1295 859 1376 905 εἶπε
1396 860 1503 904 κατὰ
1522 860 1569 903 τὸ
1592 859 1703 917 ῥῆμα

222 939 269 982 τὸ
294 938 528 995 ἔμπροσθεν
548 934 668 979 εἀνθ’
697 929 752 979 ὧν
776 934 1058 985 ἐξαπέστειλας
1081 934 1286 989 ἐπερωτᾶν
1310 930 1385 987 τὴν
1409 937 1560 985 μυῖαν,
1597 930 1703 971 ἀπο-
1716 937 1742 971 1«

222 1008 325 1059 στὰς
350 1006 430 1049 ἀπὸ
462 1010 535 1050 τοῦ
560 1010 687 1057 θεοῦ,
724 1004 917 1060 ἀποθανῇ
945 1003 995 1046 σὺ
1023 1003 1092 1045 καὶ
1115 1001 1163 1045 οὗ
1189 999 1325 1058 Moy-²
1397 1001 1466 1042 καὶ
1501 999 1705 1041 ἀπέθανεν

219 1077 405 1132 Ὀχοζίας
434 1075 539 1118 κατὰ
569 1076 616 1118 τὸ
648 1074 760 1133 ῥῆμα
784 1074 955 1124 Ἠλιοῦ,
990 1074 1057 1114 καὶ
1089 1071 1339 1114 κατέπαυσεν
1365 1069 1408 1112 ἓν
1435 1073 1493 1127 τῷ
1519 1069 1705 1126 σπηλαίῳ

173 1144 206 1180 D
229 1146 462 1195 Μωῦσέως.
531 1143 594 1186 ἐπὶ
619 1142 764 1187 τούτου
788 1146 862 1186 τοῦ
887 1142 1070 1196 Ὀχοζίου
1099 1138 1348 1194 λιμώξαντες
1373 1138 1412 1180 οἱ
1435 1138 1530 1181 κατ’
1555 1139 1706 1192 ἐκείνην

223 1215 299 1271 τὴν
332 1214 581 1272 περίχωρον,
612 1213 665 1256 τὰ
692 1212 782 1254 ἴδια
814 1208 1043 1269 σφάξαντες
1073 1210 1193 1253 τέκνα
1224 1208 1476 1266 κατέφαγον·
1504 1208 1547 1250 ἔν
1567 1204 1707 1265 κόπρῳ

223 1285 304 1343 γὰρ
325 1285 573 1341 περιστερῶν
595 1281 684 1326 ἀντὶ
706 1279 805 1331 ἁλὸς
823 1279 1049 1334 βάπτοντες
1070 1280 1261 1336 ἐχρῶντο.
1719 1279 1742 1316 ’1.Ἰ

358 1352 428 1394 Ἔν
452 1353 502 1394 δὲ
531 1357 588 1411 τῷ
615 1353 998 1409 τετρακισχιλιοστῷ
1021 1348 1291 1405 ἑξακοσιοστῷ
1312 1343 1488 1404 δευτέρῳ
1513 1342 1590 1388 ε’τει
1614 1344 1708 1388 ἆνε-

223 1418 370 1479 λήφθη
386 1421 546 1472 Ἠλίας.
615 1422 803 1463 ἐντεῦθεν
822 1418 1091 1476 ὑποστρέφων
1104 1416 1307 1461 Ἐλισσαιὲ
1322 1417 1379 1467 εἷς
1392 1414 1555 1472 Ἰεριχὼ
1574 1419 1708 1471 θερα-

222 1490 333 1534 πεύει
355 1490 408 1533 τὰ
430 1491 590 1547 πονηρὰ
613 1489 748 1533 ὕδατα
778 1489 851 1531 διὰ
881 1486 1003 1530 ἁλῶν.
1073 1486 1365 1540 ἀναβαίνοντος
1397 1485 1443 1528 δὲ
1475 1485 1532 1534 εἷς
1562 1484 1709 1538 Βεθὴλ

224 1560 402 1616 ἐξῆλθον
431 1558 632 1617 παιδάρια
658 1558 784 1615 μικρὰ
808 1558 855 1600 ἐκ
883 1560 956 1612 τῆς
984 1553 1139 1606 πόλεως
1168 1556 1236 1597 καὶ
1269 1555 1459 1606 ἓλίθαζον
1488 1552 1612 1596 αὐτὸν
1639 1555 1709 1595 καὶ

225 1629 464 1680 κατέπαιζον
497 1629 654 1680 αὐτοῦ,
706 1629 774 1670 καὶ
810 1625 945 1682 ἔλεγον
972 1622 1186 1679 ‘dvdssmvz
1228 1623 1434 1681 φαλακρὲ,
1478 1621 1742 1677 ἀνάβαινε.’2

226 1695 250 1742 ὅ
286 1698 331 1741 δὲ
362 1696 623 1754 κατηράσατο
655 1696 814 1739 αὐτῶν·
848 1697 917 1737 καὶ
954 1693 1044 1737 ἰδοὺ
1076 1695 1252 1749 ἐξῆλθον
1282 1690 1360 1735 δύο
1395 1690 1538 1748 ἄρκτοι
1563 1693 1607 1734 ἐκ
1634 1696 1708 1735 τοῦ

228 1767 414 1824 δρυμοῦ,
451 1769 518 1809 καὶ
549 1767 763 1824 διέρρηξαν
792 1765 835 1815 ἐξ
866 1763 1001 1807 αὐτῶν
1028 1761 1332 1819 τεσσαράκοντα
1357 1762 1425 1804 καὶ
1447 1759 1521 1803 δύο
1544 1763 1708 1812 παῖδας.

82 1840 112 1877 1’
138 1839 208 1880 103
229 1834 420 1880 κάκεῖθεν
452 1834 706 1893 ὑπέστρεψεν
738 1836 794 1885 εἷς
821 1831 1073 1890 Σαμάρειαν.
1142 1829 1295 1886 ταύτην
1324 1830 1397 1886 τὴν
1427 1828 1708 1884 Σαμάρειανὸ

227 1904 410 1961 πέμπτος
436 1905 631 1960 βασιλεὺς
656 1903 833 1963 Ἰσραὴλ
865 1903 985 1956 κτίζει
1015 1903 1074 1953 εἷς
1101 1899 1219 1945 πόλιν
1255 1898 1388 1957 (αὕτη
1409 1899 1456 1943 δέ
1472 1900 1578 1943 ἔστιν
1596 1898 1622 1956 ἦ
1639 1905 1711 1944 νῦν

229 2078 382 2116 dixisset
414 2074 497 2114 “vir
525 2077 603 2123 dei,
633 2089 699 2114 rex
729 2080 767 2113 te
795 2080 920 2124 vocat,
952 2074 1164 2123 descende,”
1192 2074 1380 2123 respondit
1407 2071 1464 2110 “si
1486 2087 1551 2121 ego
1574 2074 1633 2110 vir
1655 2074 1715 2110 dei

227 2136 328 2171 sum,
362 2126 407 2161 de
434 2125 534 2160 caelo
561 2125 656 2171 ignis
684 2125 845 2170 decidat,
880 2136 922 2160 ac
942 2129 980 2159 te
1004 2136 1080 2159 cum
1102 2124 1174 2159 tuis
1196 2123 1243 2159 50
1266 2123 1355 2158 viris
1376 2119 1564 2168 perimat.”
1607 2122 1716 2167 idque

231 2172 352 2208 statim
369 2173 501 2207 factum
522 2177 590 2207 est.
639 2172 761 2207 eadem
785 2177 981 2206 evenerunt
1005 2171 1050 2206 iis
1075 2171 1136 2217 qui
1158 2171 1312 2205 secundo
1336 2169 1414 2203 loco
1437 2169 1535 2203 missi
1556 2169 1714 2205 fuerunt.

229 2218 359 2254 tertius
381 2229 461 2253 cum
485 2218 532 2254 50
556 2218 646 2253 viris
667 2218 789 2253 eodem
813 2218 939 2252 missus
959 2218 995 2251 in
1013 2222 1143 2252 terram
1166 2215 1374 2263 procubuit,
1399 2222 1587 2261 vatemque
1612 2216 1715 2249 obte-

230 2270 343 2300 status
374 2269 431 2299 est
463 2265 517 2299 uti
546 2264 617 2300 sibi
648 2265 793 2310 suisque
827 2268 1004 2310 parceret.
1051 2263 1186 2298 monuit
1209 2267 1326 2297 autem
1349 2261 1494 2307 angelus
1515 2262 1575 2297 dei
1597 2261 1716 2296 Elium

229 2315 272 2346 ut
295 2311 549 2354 descenderet3
581 2311 684 2357 isque
709 2322 784 2346 cum
808 2310 878 2345 illis
901 2311 944 2345 ad
970 2322 1090 2356 regem
1109 2310 1313 2355 profectus,
1347 2308 1501 2355 priorem
1520 2318 1715 2343 sermonem

230 2358 400 2404 repetiit,
432 2358 526 2404 quod
549 2358 616 2392 deo
640 2359 802 2402 deserto,
837 2358 882 2392 ad
906 2357 1100 2402 principem
1119 2368 1314 2391 muscarum
1335 2355 1530 2390 consultum
1546 2355 1713 2399 misisset,

230 2402 314 2438 ideo
339 2416 409 2438 non
433 2404 628 2450 victurum,
662 2405 727 2439 sed
750 2403 969 2438 moriturum.
1016 2408 1172 2437 mortuus
1196 2408 1251 2437 est
1274 2414 1359 2447 ergo
1383 2402 1561 2436 Ochozias
1585 2412 1714 2436 secun-

231 2450 314 2484 dum
335 2451 447 2485 verba
468 2450 592 2496 Eliae‚
630 2455 668 2486 et
689 2450 867 2496 requievit
895 2450 933 2484 in
966 2449 1132 2496 spelunca
1149 2449 1276 2483 Mosis.
1325 2448 1428 2483 huius
1448 2448 1630 2483 Ochoziae
1653 2459 1716 2482 ae-

231 2499 308 2531 tate
340 2498 469 2531 circum
498 2497 569 2531 ista
598 2497 677 2532 loca
705 2497 899 2532 incolentes
929 2496 1079 2543 penuria
1105 2507 1146 2531 eo
1169 2495 1288 2530 adacti
1311 2499 1395 2530 sunt
1416 2499 1456 2529 ut
1475 2506 1559 2530 suos
1582 2494 1715 2529 liberos

231 2546 376 2577 necatos
396 2544 639 2589 comederent,
662 2544 745 2579 fimo
770 2543 1005 2578 columbarum
1024 2554 1089 2589 pro
1110 2542 1184 2578 sale
1207 2542 1378 2577 adhibito.

324 2610 426 2646 Elias
458 2611 495 2647 in
527 2612 659 2648 caelum
685 2616 809 2658 raptus
839 2615 895 2646 est
920 2623 1010 2646 anno
1038 2611 1158 2646 mundi
1175 2610 1280 2646 4602.
1328 2610 1412 2645 inde
1435 2621 1604 2645 reversus
1635 2609 1715 2645 Eli-

230 2666 336 2691 saeus
356 2657 593 2694 Ierichuntem
610 2659 683 2695 sale
702 2659 834 2694 iniecto
851 2657 1001 2694 vitiosas
1023 2670 1132 2704 aquas
1155 2656 1324 2692 correxit.
1369 2656 1460 2692 idem
1484 2669 1560 2692 cum
1581 2657 1716 2692 Bethe-

233 2701 302 2737 lam
324 2703 577 2750 adscenderet,
613 2705 753 2751 pueruli
776 2707 866 2740 urbe
897 2704 1032 2749 egressi
1056 2716 1134 2740 eum
1158 2703 1335 2749 lapidibus
1353 2703 1626 2761 impetiverunt,
1658 2708 1716 2739 at-

230 2758 304 2793 que
326 2748 511 2785 illuserunt
533 2753 762 2787 vociferando
796 2748 1016 2796 “adscende,
1050 2751 1172 2796 calve,
1205 2749 1395 2785 adscende.
1464 2762 1527 2785 eos
1549 2751 1715 2786 Elisaeus

228 2804 307 2848 oum
331 2800 426 2830 esset
451 2805 676 2844 exsecratus,
713 2798 830 2834 subito
855 2809 899 2832 ex
920 2797 1013 2834 silva
1036 2798 1105 2832 duo
1140 2796 1215 2832 ursi
1245 2796 1382 2841 egressi
1405 2807 1536 2843 pueros
1560 2797 1715 2843 quadra-

229 2844 330 2894 ginta
359 2841 447 2876 duos
478 2842 756 2890 discerpserunt.
803 2844 886 2880 inde
918 2844 1113 2879 Samariam
1146 2854 1313 2878 reversus
1349 2847 1418 2878 est.
1467 2843 1559 2879 hanc
1592 2843 1715 2878 urbem

227 2890 372 2931 quintus
395 2887 583 2926 Israelicus
604 2903 669 2927 rex
688 2891 864 2929 condidit:
886 2901 979 2927 nunc
996 2891 1150 2927 Sebaste
1167 2888 1387 2937 appellatur,
1409 2889 1449 2926 id
1468 2896 1523 2926 est
1540 2891 1715 2936 Augusta.
