1742 3184
215 165 316 218 524
563 176 582 211 .'
691 167 936 214 GEORGII
970 167 1217 213 CEDRENI

353 287 432 344 Τῷ
461 280 511 341 ιγ’
542 282 619 329 ἔτει
645 282 852 342 Σαπιόρης
875 283 1046 341 Πέρσης
1069 283 1145 340 τὴν
1172 283 1342 339 Νίσιβιν
1365 281 1484 328 πόλιν
1499 285 1697 336 ποικίλως

212 356 573 413 παρακαθεσθείς,
616 354 687 398 τόν
715 372 758 398 τε
788 354 975 408 ποταμὸν
1004 354 1111 398 κατὰ
1142 358 1215 410 τῆς
1245 353 1401 406 πόλεως
1430 352 1598 410 κινήσας
1627 356 1697 397 καὶ

211 426 406 475 παντοιάς
433 425 624 480 μηχανὰς
651 422 827 480 ποιήσας
851 421 1013 480 ἡττήθη
1025 456 1039 476 ,
1074 425 1143 467 καὶ
1172 421 1333 481 φεύγων
1363 427 1420 476 εἲς
1445 425 1520 480 τὴν
1547 425 1696 467 οἷκείαν

210 492 447 551 ’ὑπεχώρησε
459 526 473 546 ,
509 494 555 536 τὸ
578 497 764 536 πλεῖστον
784 497 859 537 τοῦ
880 496 984 536 λαοῦ
1002 494 1128 536 αὐτοῦ
1148 494 1365 544 ἀπολέσας.

247 611 251 614 ,
350 568 426 621 Τῷ
469 561 520 605 ιδ’
562 562 638 605 ἴτει
675 561 964 614 Κωνστάντιος
993 563 1065 606 τὸν
1095 563 1267 618 ἀνεψιὸν
1301 562 1465 606 Γάλλον
1500 563 1730 620 Καίσαρα5

211 632 490 691 ἀναγορεύσας
520 634 588 675 καὶ
619 630 910 677 Κωνστάντιον
937 631 1224 689 μετονομάσας
1249 633 1291 677 ἐν
1314 637 1365 691 τῇ
1393 633 1574 690 ἀνατολῇ
1599 632 1698 675 ἀπέ-

210 706 378 747 στειλεν.

350 774 425 829 Τῷ
458 767 503 814 ιε’
534 769 612 814 ἴτει
643 770 682 813 οἶ
713 770 754 813 ἓν
784 775 836 829 τῇ
868 770 1048 829 ἀνατολῇ
1086 774 1160 826 τῆς
1186 771 1469 827 Παλαιστίνης
1496 770 1699 813 Ἷουδαῖοι

160 845 192 880 C
215 839 417 898 ἄντῆραν,
452 843 520 882 καὶ
554 839 731 892 πολλοὺς
757 846 838 884 τῶν
863 839 1068 896 Ἑλλήνων
1100 842 1234 884 ἐθνῶν
1264 859 1306 885 τε
1333 843 1400 884 καὶ
1430 843 1699 896 Σαμαρειτῶν

210 911 382 954 ἀνεῖλον.
454 910 559 952 ἀλλὰ
595 913 663 953 καὶ
699 911 815 953 αὐτοὶ
847 912 1032 967 παγγενεὶ
1064 908 1143 953 ὑπὸ
1172 909 1385 965 Ῥωμαίων
1418 910 1698 967 ἀνῃρέθησαν,
1712 919 1742 954 1(

209 981 278 1023 καὶ
314 978 341 1035 ἡ
382 977 500 1030 πόλις
533 980 668 1023 αὐτῶν
701 978 1000 1036 Διοκαισάρεια
1035 980 1265 1038 ἠφανίσθη.
1332 984 1389 1038 τῷ
1424 980 1537 1036 αὐτῷ
1567 979 1643 1022 ἔτει
1677 976 1699 1020 ὃ

209 1049 338 1105 μέγας
363 1048 611 1100 Ἀθανάσιος
640 1047 721 1092 ὕπὸ
748 1050 1039 1093 Κωνσταντιόυ
1072 1049 1178 1092 κατὰ
1218 1050 1293 1105 ’τὴν
1322 1050 1574 1105 Βρεττανίαν
1608 1050 1698 1099 ἕξο-

211 1120 384 1176 ρίζεται,
425 1121 493 1161 καὶ
527 1122 659 1175 Φῆλιξ
687 1120 777 1162 ἀντ’
813 1120 941 1162 αὐτοῦ
967 1126 1271 1177 χειροτονεῖται.
1342 1119 1384 1161 ἒν
1418 1116 1700 1168 ΙΙἸεδιολάνοις

210 1189 256 1231 δὲ
289 1187 462 1240 σύνοδος
490 1192 570 1231 τῶν
600 1189 788 1247 πατέρων
818 1192 1176 1246 συναθροισθεῖσα
1206 1187 1329 1230 πάλιν
1363 1186 1573 1246 ἄπρακτος
1606 1189 1700 1229 δια-

208 1255 364 1300 λύεται.
1711 1265 1742 1300 1ὲ

350 1330 426 1385 Τῷ
456 1325 508 1382 ιη’
540 1325 617 1370 ἔτει
648 1324 811 1378 Γάλλος
840 1327 1062 1384 τυραννίδα
1081 1322 1310 1382 ,μελετήσας
1331 1327 1471 1369 κτείνει
1488 1326 1699 1380 Δομετια-

207 1395 280 1439 νὸν
308 1394 486 1453 ἔπαρχον
505 1401 579 1452 τῆς
597 1395 702 1455 ἑῴας
723 1399 790 1439 καὶ
811 1396 990 1453 Μάγνον
1010 1398 1284 1453 κοιαίστωρα,
1319 1395 1373 1438 τὰ
1392 1401 1465 1451 τῆς
1482 1398 1701 1450 ἐπιβουλῆς

207 1467 485 1524 ,Κωνσταντίῳ
515 1465 777 1522 μηνύσαντα*
815 1466 861 1509 ὃν
895 1464 1272 1521 μεταπεμψάμενος
1295 1464 1585 1516 Κωνστάντιος
1608 1466 1699 1521 περὶ

212 1535 455 1590 Θαλαμῶνα
476 1536 550 1589 τὴν
570 1541 695 1591 νῆσον
719 1537 889 1593 ἀναιρεῖ.
939 1536 1010 1578 τὸν
1034 1536 1078 1578 δὲ
1099 1535 1246 1578 τούτου
1270 1535 1451 1593 ἀδελφὸν
1468 1534 1700 1578 Ἰουλιανὸν

208 1605 250 1648 ἕν
273 1610 439 1664 φρουρᾷ
464 1606 669 1660 κατέσχεν.
738 1607 921 1658 Εὐσεβιά
946 1607 989 1648 δὲ
1011 1604 1037 1661 ἡ
1060 1606 1216 1661 γαμετὴ
1239 1609 1311 1647 τοῦ
1333 1605 1536 1659 βασιλέως
1555 1608 1699 1646 τοῦτον
1709 1614 1742 1650 2(

152 1675 186 1712 D
212 1675 571 1730 ἓξαιττ]σα,ιιένι],ἔν
587 1673 786 1730 Ἀθήναις
807 1676 966 1729 πέμπει.
1036 1675 1111 1730 τὴν
1125 1673 1308 1716 ςΕλλάδα
1329 1675 1372 1716 δὲ
1393 1671 1703 1731 περιερχόμενος

209 1744 344 1801 ἐφέσει
365 1748 438 1798 τῆς
459 1746 671 1797 βασιλείας
691 1743 856 1798 μάντεις
879 1742 1059 1798 ἐπεζήτει
1081 1745 1148 1785 καὶ
1166 1742 1504 1800 χρησμολόγους,
1543 1746 1577 1785 εἶ
1607 1741 1702 1785 τεύ-

209 1816 324 1864 ξεται
355 1817 427 1855 τοῦ
459 1814 736 1867 ποθουμένου.
808 1815 877 1855 καὶ
906 1813 956 1867 δὴ
985 1811 1262 1869 περιτυγχάνει
1281 1810 1493 1870 ἀνθρώπῳ
1513 1814 1708 1866 δυσσεβεῖ

208 1887 342 1925 ταῦτα
362 1882 571 1939 προλέγειν
593 1881 900 1940 ὑπισχνουμένῳ
910 1915 924 1934 ,
960 1880 1005 1932 ὃς
1022 1886 1167 1924 τοῦτον
1191 1882 1247 1933 εἷς
1267 1900 1358 1925 τινα
1380 1886 1461 1925 τῶν
1482 1883 1703 1925 εἷδωλικῶν

302 1989 406 2025 Anno
431 1991 475 2026 13
499 1991 658 2037 Sapores
681 1990 795 2026 Persa
816 1990 962 2026 Nisibin
985 1992 1108 2026 urbem
1134 1990 1245 2026 omnis
1268 1991 1413 2037 generis
1437 1991 1702 2046 oppugnatione

209 2037 384 2080 tentavit;
423 2049 557 2072 amnem
589 2050 734 2093 quoque
759 2038 929 2072 adversus
962 2039 1084 2072 urbem
1115 2038 1330 2083 concitavit,
1366 2045 1474 2084 atque
1506 2038 1703 2093 omnigenis

208 2083 382 2124 machinis
417 2085 653 2139 oppugnavit.
699 2084 814 2120 victus
837 2090 954 2119 tamen
977 2085 1129 2120 maxima
1153 2085 1333 2131 copiarum
1357 2092 1461 2132 parte
1485 2085 1613 2120 amissa
1636 2086 1702 2120 do-

208 2142 303 2166 mum
326 2131 491 2167 recessit.

301 2179 404 2212 Anno
432 2179 474 2213 14
497 2178 730 2212 Constantius
750 2176 890 2212 Gallum
914 2177 1163 2212 consobrinum
1195 2189 1295 2213 suum
1321 2178 1509 2213 Caesarem
1535 2177 1702 2224 designa-

207 2224 284 2270 vit,
311 2224 453 2259 nomine
476 2225 679 2259 Constantii
703 2224 838 2268 indito,
867 2230 904 2258 et
926 2224 963 2259 in
989 2225 1172 2259 Orientem
1198 2224 1306 2259 misit.

301 2270 404 2306 Anno
439 2271 482 2307 15
516 2272 640 2306 Iudaei
673 2271 711 2305 in
746 2271 948 2306 Palaestina
985 2271 1267 2316 rebellaverunt,
1310 2271 1508 2317 multosque
1542 2273 1702 2306 Graecos

207 2317 403 2352 samaritas
438 2324 474 2353 et
507 2318 724 2363 alienigenas
755 2318 1036 2352 trucidaverunt.
1085 2330 1164 2352 mox
1186 2318 1256 2363 ipsi
1280 2330 1301 2352 a
1325 2318 1493 2353 Romanis
1517 2318 1702 2353 occidione

207 2364 319 2399 occisi
355 2370 456 2410 sunt,
494 2367 650 2411 urbsque
684 2376 804 2398 eorum
837 2364 1075 2399 Diocaesarea
1108 2364 1238 2399 deleta.
1288 2365 1410 2399 eodem
1438 2377 1529 2398 anno
1555 2376 1701 2409 magnus

206 2411 423 2446 Athanasius
449 2424 470 2446 a
495 2412 705 2446 Constantio
729 2411 766 2445 in
792 2411 1008 2445 Biitanniam
1043 2412 1272 2457 deportatur,
1307 2411 1413 2456 eique
1435 2411 1541 2446 Felix
1566 2411 1700 2446 substi-

206 2458 333 2492 tuitur.
381 2458 577 2494 Mediolani
611 2469 751 2505 quoque
774 2457 959 2493 concilium
983 2463 1123 2504 patrum
1148 2463 1397 2504 congregatum
1420 2470 1460 2493 re
1482 2458 1617 2493 infecta
1640 2470 1699 2492 so-

207 2503 319 2539 lutum
345 2510 413 2540 est.

302 2553 405 2586 Anno
440 2552 482 2586 18
516 2550 640 2585 Gallus
662 2550 885 2595 tyrannidem
911 2551 1084 2586 affectans
1108 2551 1345 2586 Domitianum
1370 2550 1531 2586 Orientis
1557 2551 1701 2596 praefe-

209 2603 301 2632 ctum
327 2602 432 2632 necat
456 2602 493 2632 et
516 2598 682 2642 Magnum
707 2603 951 2643 quaestorem,
977 2598 1036 2643 qui
1061 2598 1209 2632 insidias
1234 2597 1443 2632 Constantio
1464 2598 1699 2632 indicaverat.

205 2645 441 2680 ‚Constantius
466 2644 604 2679 Gallum
630 2650 811 2678 evocatum
838 2645 930 2688 apud
956 2644 1103 2679 insulam
1131 2644 1382 2679 Thalamonem
1406 2644 1600 2688 interficit,
1638 2645 1698 2678 Iu-

208 2690 342 2724 lianum
378 2691 523 2725 fratrem
559 2691 635 2725 eius
669 2691 706 2725 in
742 2691 905 2725 custodia
934 2691 1083 2725 detinet.
1148 2703 1249 2736 quem
1283 2691 1444 2725 Eusebia
1475 2691 1701 2735 imperatoris

212 2747 303 2770 uxor
337 2739 499 2781 precibus
530 2737 715 2773 liberatum
746 2737 903 2772 Athenas
936 2737 1057 2772 mittit.
1103 2737 1260 2772 Iulianus
1292 2737 1467 2783 permissu
1498 2737 1703 2772 Constantii

214 2784 402 2818 Graeciam
427 2796 620 2829 peragrans
644 2783 774 2819 ariolos
798 2783 1005 2819 consulebat
1029 2789 1065 2819 et
1088 2784 1274 2828 fatidicos,
1299 2796 1344 2817 an
1368 2790 1619 2818 consecuturus
1643 2783 1700 2817 so-

206 2834 272 2864 ret
294 2829 332 2863 id
355 2832 449 2874 qnod
473 2832 510 2865 in
534 2832 648 2865 animo
672 2831 842 2866 habebat.
887 2830 1016 2865 incidit
1037 2836 1153 2866 autem
1176 2830 1214 2864 in
1236 2831 1410 2875 quendam
1436 2831 1609 2865 hominem
1632 2830 1698 2863 im·-

214 2875 334 2923 pium‚
361 2876 423 2922 qui
447 2889 487 2912 se
510 2877 596 2913 talia
619 2877 826 2923 praedicere
848 2878 1096 2924 profitebatur.
1144 2876 1176 2912 is
1199 2888 1277 2912 eum
1299 2877 1337 2912 in
1359 2889 1504 2924 specum
1525 2877 1700 2922 quandam
