1742 3184
211 163 313 212 718
701 163 947 210 GEORGII
978 162 1226 209 CEDRENI

210 277 315 323 ἴδιον
341 277 432 323 υἱὸν
461 277 536 322 σὺν
562 282 623 339 τῷ
650 277 886 337 πατριάρχῃ
906 279 1062 338 Σεργίῳ
1083 278 1127 323 ἓν
1144 277 1574 324 Κωνσταντινουπόλει
1597 283 1701 325 διοι-

210 356 293 393 κεῖν
323 350 375 393 τὰ
411 348 658 407 πράγματα,
695 349 770 392 σὺν
789 348 912 407 Βόνῳ
932 353 992 408 τῷ
1014 351 1238 408 πατρικίῳ,
1273 351 1390 407 ἀνδρὶ
1419 351 1607 409 ἐχέφρονι
1633 354 1701 395 καὶ

208 419 262 462 τὰ
283 418 414 462 πάντα
439 423 594 477 συνετῷ
615 420 685 462 καὶ
705 418 997 477 πεπειραμένῳ.
1068 418 1222 477 ἴγραψε
1247 421 1292 462 δὲ
1314 421 1381 462 καὶ
1404 420 1509 479 πρὸς
1530 421 1601 464 τὸν
1615 439 1699 476 χα-

207 487 333 546 γάνον
369 487 647 546 παρακλήσεις
674 492 749 531 τοῦ
777 489 1003 546 ἐπικουρεῖν
1035 489 1086 532 τὰ
1120 494 1203 533 τῶν
1231 486 1445 545 Ῥωμαίων
1477 489 1701 548 πράγματα

61 566 91 601 Ρ
114 565 184 603 410
207 557 264 610 ὥς
287 560 426 616 φιλίαν
447 557 714 613 σπεισάμενον
737 558 841 615 πρὸς
862 556 1008 611 αὐτόν,
1044 561 1112 601 καὶ
1146 559 1364 616 ἐπίτροπον
1383 563 1458 602 τοῦ
1479 561 1584 603 ῗδίου
1606 560 1733 604 υἱοῦὄ

205 634 351 672 τοῦτον
373 627 596 682 ὠνόμασεν.
669 625 690 670 ὅ
712 625 912 686 Χοσρόης
934 629 979 670 δὲ
997 627 1113 684 Σάην
1131 628 1204 672 τὸν
1223 626 1404 685 ἡγεμόνα
1420 629 1526 684 μετὰ
1546 634 1701 685 πολλῆς

207 696 419 754 δυνάμεως
442 698 547 740 κατὰ
564 695 776 752 Ῥωμαίων
801 697 1045 749 ἀποστείλας
1068 702 1206 742 πᾶσαν
1228 699 1303 754 τὴν
1323 699 1526 755 ἀνατολὴν
1547 699 1701 757 ἠφάνι-

204 787 289 812 σεν.
348 767 486 809 ἐλθών
506 768 549 810 δὲ
568 768 610 810 ἓν
627 765 870 823 Χαλκηδόνι
892 767 1030 810 ἱκανὸν
1040 767 1192 826 χρόνον
1214 767 1505 827 παρεκάθισεν.
1566 768 1612 820 ὃς
1629 770 1700 813 τὸν

198 835 445 896 ἹΙράκλειον
479 837 582 891 μεθ’
624 835 876 894 ὑποκρίσεως
908 836 1293 895 προσκαλεσάμενος
1321 838 1372 882 τὰ
1406 839 1510 896 πρὸς
1539 837 1700 897 εῗρῆνην

204 906 407 963 ὡμίλησεν
420 920 432 932 ·
468 905 489 949 ὃ
513 907 557 950 δὲ
577 913 663 959 τοῖς
687 908 839 959 δολίοις
860 904 997 964 λόγοις
1015 907 1238 959 πιστεύσας
1259 907 1387 951 αὐτοῦ
1411 909 1600 963 ἐκπέμπει
1623 910 1699 952 σὺν
1713 915 1742 950 1<

203 977 317 1035 αὐτῷ
338 977 530 1034 πρέσβεις
549 982 796 1034 μεγιστᾶνας
817 976 921 1035 πρὸς
942 977 1141 1035 Χοσρόην
1163 977 1212 1031 ο’,
1240 977 1312 1029 οὓς
1330 978 1589 1036 παραλαβών
1609 978 1700 1021 ἀτί-

203 1064 310 1104 μους
332 1048 400 1089 καὶ
425 1049 616 1102 δεσμίους
637 1046 844 1104 ἀπήγαγεν
865 1048 908 1089 ἓν
931 1049 1122 1105 Περσίδι.
1192 1046 1214 1091 ὃ
1249 1048 1293 1091 δὲ
1312 1046 1511 1106 Χοσρόης
1533 1047 1603 1091 τὸν
1625 1049 1700 1103 μὲν

205 1115 322 1172 Σάην
355 1114 412 1168 ὡς
446 1117 517 1160 τὸν
543 1115 790 1170 ζΗράκλειον
820 1116 962 1161 ἰδόντα
993 1119 1062 1160 καὶ
1093 1117 1153 1173 μὴ
1185 1116 1447 1173 συλλαβόντα
1477 1119 1700 1176 ἐκδαρῆναι

205 1187 412 1239 ἐκέλευσε,
447 1188 546 1238 τοὺς
577 1188 622 1230 δὲ
655 1187 846 1245 πρέσβεις
872 1187 915 1230 ἓν
945 1194 1150 1246 φρουραῖς
1180 1189 1248 1230 καὶ
1281 1189 1520 1243 κακουχίαις
1537 1189 1700 1231 κατεδί-

154 1266 185 1301 Β
209 1271 352 1300 κασεν·
388 1254 489 1314 ὗπὲρ
527 1251 584 1300 ὧν
615 1257 779 1312 ἀθυμία
806 1258 874 1300 καὶ
901 1261 1052 1312 θλῖψις
1078 1257 1209 1313 πολλὴ
1235 1258 1404 1313 κατέσχε
1421 1259 1492 1301 τὸν
1511 1258 1698 1312 βασιλέα.
1712 1264 1742 1301 12

204 1325 291 1371 εἶτα
325 1325 448 1369 πάλιν
478 1324 678 1386 Χοσρόης
705 1327 938 1370 ἀπέστειλεν
970 1328 1106 1384 ἕτερον
1135 1327 1316 1383 ἄρχοντα
1347 1328 1452 1370 κατὰ
1472 1326 1699 1383 Ῥωμαίων,

203 1395 375 1452 ὀνόματι
402 1394 651 1455 Σάρβαρον,
687 1395 733 1448 ὃς
758 1397 865 1452 μετὰ
894 1398 1086 1453 πλείστης
1120 1396 1335 1452 δυνάμεως
1363 1391 1470 1453 ἦλθε
1500 1398 1605 1455 πρὸς
1625 1398 1700 1453 τὴν

156 1479 158 1483 ’
196 1465 357 1518 Ἀσίαν,
400 1466 475 1522 τὴν
510 1464 741 1522 Ῥωμανίαν
774 1465 1021 1523 ληϊζόμενος.
1092 1465 1114 1510 ὅ
1146 1468 1191 1510 δὲ
1223 1467 1417 1522 βασιλεὺς
1448 1466 1700 1523 βουλόμενος

200 1535 308 1594 πρὸς
327 1537 519 1594 Περσίδα
536 1544 688 1595 χωρεῖν
708 1535 805 1580 τάδε
830 1537 935 1594 πρὸς
963 1537 1034 1580 τὸν
1062 1535 1320 1596 πατριάρχην
1347 1537 1426 1596 ἔφη
1446 1535 1534 1589 “fig
1556 1544 1699 1594 χεῖρας

200 1610 277 1648 τοῦ
311 1610 412 1648 θεοῦ
444 1608 513 1648 καὶ
545 1610 619 1662 τῆς
647 1606 902 1664 θεο,ιιητε’ρος
926 1609 996 1649 καὶ
1017 1611 1094 1650 σοῦ
1118 1608 1269 1666 ἀφίημι
1299 1608 1377 1663 τὴν
1403 1605 1522 1650 πόλιν
1545 1605 1742 1662 ταύτηνΞ(

201 1677 270 1719 καὶ
302 1675 374 1718 τὸν
401 1674 492 1718 υἱόν
519 1675 651 1731 Anov-'³
723 1679 790 1719 καὶ
826 1676 1027 1720 εἰσελθών
1062 1678 1119 1728 εἷς
1149 1677 1225 1733 τὴν
1255 1675 1437 1733 μεγάλην
1469 1678 1698 1732 ἐκκλησίαν,

199 1745 361 1801 μέλανα
381 1743 976 1804 ὖποδήματαπεριβαλόμενος
998 1748 1066 1789 καὶ
1088 1746 1245 1803 πρηνὴς
1273 1746 1408 1789 πεσὼν
1439 1745 1592 1801 ηὔξατο
1625 1745 1698 1788 οὕ-

200 1831 283 1865 τως
307 1812 517 1858 ιεδέσποτα
546 1816 620 1858 θεὲ
651 1817 719 1858 καὶ
751 1813 862 1873 κύριε
891 1816 1036 1870 Ἰησοῦ
1062 1816 1245 1872 Χριστέ,
1279 1817 1338 1871 μὴ
1367 1818 1567 1874 παραδῷς
1590 1814 1699 1872 ἡμᾶς

201 1885 260 1935 εἷς
292 1882 447 1934 ὄνειδος
478 1890 563 1935 τοῖς
592 1885 760 1943 ἐχθροῖς
788 1902 863 1929 σου
896 1884 966 1927 διὰ
989 1883 1064 1937 τὰς
1085 1882 1292 1945 ἁμαρτίας
1312 1883 1454 1941 ἡμῶν,
1490 1886 1586 1928 ἀλλ’
1608 1887 1697 1928 ἔπι-

199 2043 317 2076 netam
343 2043 378 2076 et
401 2038 599 2075 miliarisia.
648 2040 694 2076 ad
717 2041 838 2077 urbem
861 2041 972 2077 filium
999 2053 1099 2078 suum
1124 2054 1202 2078 cum
1226 2041 1355 2089 Sergio
1378 2041 1583 2090 patriarcha
1613 2042 1699 2077 reli-

200 2087 280 2134 quit
310 2089 419 2122 rebus
452 2088 712 2133 gubernandis,
749 2089 870 2124 addito
896 2091 996 2124 Bono
1021 2089 1190 2137 patricio,
1230 2090 1310 2124 viro
1346 2090 1492 2125 cordato
1524 2089 1700 2135 variaque

198 2134 391 2180 prudentia
417 2140 455 2169 et
479 2145 544 2168 usu
567 2146 684 2168 rerum
708 2134 898 2174 instructo.
946 2137 1151 2182 Chaganum
1175 2148 1317 2183 quoque
1341 2149 1407 2183 per
1429 2136 1551 2172 literas
1577 2136 1699 2171 horta-

198 2186 257 2215 tus
282 2185 338 2216 est
361 2181 406 2215 ad
430 2180 670 2227 opitulandum
691 2183 799 2216 rebus
825 2183 1012 2227 Romanis,
1037 2188 1077 2217 ut
1095 2195 1171 2218 eum
1191 2195 1260 2229 quo
1282 2184 1489 2219 societatem
1508 2184 1698 2227 firmasset,

199 2238 350 2273 eumque
374 2227 441 2262 filii
466 2227 522 2262 sui
542 2233 694 2262 tutorem
713 2227 921 2275 appellavit.
969 2229 1111 2264 interim
1137 2230 1226 2265 Saos
1245 2243 1266 2265 a
1284 2231 1446 2266 Chosroe
1469 2241 1546 2265 cum
1569 2242 1697 2275 magno

197 2274 359 2308 exercitu
385 2279 509 2309 contra
534 2275 710 2310 Romanos
734 2274 861 2310 missus
886 2275 1088 2311 universum
1113 2277 1297 2312 Orientem
1322 2282 1463 2320 vastat3
1484 2288 1633 2322 cumque
1652 2277 1698 2312 ad

197 2320 459 2356 Chalcedonem
478 2333 591 2366 usque
611 2321 856 2368 pervenisset,
878 2323 930 2357 ibi
952 2322 1166 2368 aliquamdiu
1184 2324 1332 2359 assedit.
1380 2324 1474 2359 idem
1492 2323 1698 2359 Heraclium

197 2367 361 2402 simulata
387 2367 648 2423 pacificationis
680 2381 745 2415 spe
779 2370 825 2405 ad
855 2369 1064 2415 colloquium
1087 2370 1132 2405 de
1156 2371 1271 2417 pactis
1292 2370 1472 2406 invitavit.
1521 2375 1559 2406 et
1582 2370 1698 2417 impe-

197 2418 299 2448 rator
335 2415 417 2449 Sais
453 2414 640 2450 fallacibus
673 2416 794 2451 verbis
830 2416 1000 2461 deceptus
1036 2417 1145 2452 mittit
1175 2429 1253 2452 cum
1286 2429 1329 2452 eo
1352 2419 1400 2453 70
1421 2417 1466 2452 de
1489 2417 1697 2464 proceribus

173 2478 174 2482 =
198 2460 273 2494 suis
298 2460 436 2506 legatos
461 2462 505 2496 ad
530 2462 745 2507 Cho'sroem,
784 2474 872 2508 quos
897 2463 987 2497 Saes
1011 2463 1151 2498 vinctos
1175 2475 1252 2499 cum
1278 2464 1490 2499 contumelia
1513 2465 1551 2498 in
1574 2463 1698 2498 Persi-

196 2505 278 2541 dem
301 2508 461 2543 adduxit.
510 2508 575 2543 sed
598 2509 778 2544 Chosroes
803 2509 888 2554 Sui,
914 2511 1010 2555 quod
1033 2510 1237 2545 Heraclium
1261 2511 1416 2546 vidisset
1438 2522 1555 2556 neque
1577 2511 1697 2557 cepis-

198 2558 274 2597 set,
300 2559 413 2589 cutem
433 2555 594 2599 detrahi,
619 2554 755 2601 legatos
781 2557 961 2591 Romanos
984 2556 1022 2590 in
1041 2558 1237 2593 custodiam
1264 2557 1342 2592 dari
1366 2557 1526 2603 maleque
1550 2557 1698 2592 tractari

196 2598 315 2634 iussit.
363 2601 469 2636 alium
501 2601 630 2637 deinde
663 2604 835 2638 adversus
859 2603 1036 2638 Romanos
1061 2604 1184 2639 ducem
1209 2603 1359 2648 emittit,
1395 2604 1537 2638 nomine
1561 2605 1698 2639 Sarba-

196 2655 287 2680 rum.
335 2647 396 2692 qui
420 2648 579 2683 maximis
604 2660 680 2684 cum
706 2649 820 2695 copiis
842 2649 962 2684 Asiam
986 2649 1169 2695 ingressus
1193 2650 1431 2685 Romanorum
1453 2650 1612 2685 diciones
1632 2652 1697 2685 de-

195 2693 389 2736 praedatus
424 2700 491 2730 est.
541 2701 696 2731 ceterum
726 2696 914 2730 Heraclius
939 2695 977 2730 in
999 2696 1185 2732 Persidem
1207 2697 1322 2732 iturus
1346 2697 1397 2732 ita
1420 2697 1607 2744 compellat
1629 2709 1696 2743 pa-

195 2738 404 2775 triarcham:
438 2738 501 2776 “in
530 2743 692 2777 manibus
723 2742 781 2777 dei
816 2743 987 2788 deiparae
1020 2748 1057 2778 et
1090 2743 1160 2778 tuis
1194 2743 1358 2789 relinquo
1389 2745 1511 2778 urbem
1542 2744 1633 2778 hanc
1658 2749 1695 2778 et

194 2783 305 2818 filium
338 2785 489 2823 meum.''
535 2789 620 2824 inde
644 2801 807 2834 magnum
830 2789 996 2836 templum
1020 2789 1223 2835 ingressus,
1257 2795 1393 2825 atratus
1416 2790 1573 2834 calceos,
1607 2801 1694 2836 pro-

195 2841 261 2864 nus
285 2834 492 2878 procubuit,
517 2834 639 2881 itaque
663 2842 718 2870 est
742 2841 929 2882 precatus:
970 2832 1135 2871 “domine
1158 2836 1265 2880 deus,
1290 2842 1328 2872 et
1351 2837 1434 2872 Iesu
1458 2837 1621 2880 Christe,
1647 2847 1693 2870 ne

195 2887 261 2912 nos
294 2884 442 2926 propter
470 2889 618 2926 peccata
648 2887 770 2919 nostra
795 2883 957 2919 hostibus
988 2883 1060 2919 tuis
1087 2883 1288 2919 irridendos
1317 2883 1514 2930 praebeas:
1548 2883 1612 2918 sed
1635 2882 1691 2917 in-
