1742 3184
370 176 770 233 HISTORJARUM
803 186 1196 232 COMPENDIUM.
1428 187 1529 234 157

48 305 197 348 ἐκεῖνον
213 301 411 359 ὑπέμεινε.
478 308 553 347 τοῦ
575 303 620 346 δὲ
638 299 854 361 προφήτου
871 303 977 361 πρὸς
999 302 1124 346 αὐτὸν
1146 299 1401 353 ἐσελθόντος
1410 335 1424 355 ,
1460 305 1528 346 καὶ

47 375 120 418 τὸν
148 373 311 430 ἔλεγχον
341 373 469 417 αὐτοῦ
498 371 786 429 ὑπομείναντος
810 375 878 416 καὶ
898 373 972 429 τὴν
990 371 1277 429 ἐξομολόγησιν
1302 373 1529 428 ποιησαμέ-

207 445 218 460 x
247 441 301 457 ‘tc

50 461 121 487 νου
150 462 220 486 και
278 441 496 499 ημάρτηκα
518 447 578 486 τιῦ
600 444 726 501 κυρίη)
743 442 855 498 μου”
894 441 1123 502 φήσαντος,
1160 444 1284 501 φησὶν
1313 440 1334 485 ὃ
1363 441 1530 501 προφή-

49 531 123 569 της
149 511 229 556 “02²1
261 513 320 569 μὴ
355 513 594 570 ἀποθάνῃς,
642 512 749 568 πλὴν
790 515 1044 570 παροργίζων
1080 511 1345 570 παρώργισας
1373 513 1415 555 ἓν
1442 520 1529 564 τοῖς

13 581 297 633 ὅῦπεναπίοις
313 582 384 626 τὸν
403 581 587 638 κύριον.”
658 584 727 624 καὶ
748 587 908 639 πρῶτον
923 583 1060 637 μέντοι
1082 582 1128 626 τὸ
1150 584 1406 637 μοιχαλίδιον
1428 600 1528 624 παι-

48 654 136 695 διόν
155 650 350 703 ἐπάταξεν
372 649 393 694 ὅ
412 650 512 703 θεός
522 684 534 703 ,
570 650 706 694 ἔπειτα
724 653 792 693 καὶ
813 651 886 707 τὴν
906 656 980 695 τοῦ
996 652 1090 695 υἱοῦ
1110 653 1236 695 αὐτοῦ
1253 650 1527 697 ἐπανάστασιν

45 721 139 765 κατ’
173 721 301 764 αὐτοῦ
328 723 578 779 παραδηλῶν
609 723 715 778 φησί
739 719 837 764 “aaz
860 726 932 764 νῦν
956 722 1028 765 οὐκ
1050 720 1320 779 ἓξαρθήσεται
1343 721 1530 781 ῥομφαία

46 792 90 834 ἔκ
109 795 182 835 τοῦ
199 791 312 834 οἴκου
331 791 452 834 σου.”
525 789 689 841 εἰκότως
715 785 786 834 οἶν
813 790 921 847 ἔλεγε
945 789 1179 835 “παιδεύων
1197 793 1410 835 ἕπαίδευσέ
1428 810 1479 847 με
1502 791 1523 837 ὃ
1549 796 1581 831 C

46 859 209 917 κύριος,
243 859 303 918 τῷ
330 861 376 903 δὲ
400 859 571 919 θανάτῳ
592 860 639 902 οὗ
660 861 874 918 παρέδωκέ
888 861 985 915 με.”
1058 864 1126 904 καὶ
1147 862 1226 919 γὰρ
1247 865 1528 915 παντοδαπαῖς

0 940 35 976 [0
46 929 192 982 αὐτόν,
228 927 296 973 οἶα
315 930 365 986 δὴ
386 928 599 989 πάνσοφος
617 929 759 988 ἰατρός
768 963 782 982 ,
818 932 1019 982 παιδείαις
1036 929 1237 986 ὖπέβαλεν
1256 930 1277 973 ὃ
1300 932 1402 983 θεὸς
1420 933 1527 987 μετὰ

42 999 117 1056 τὴν
149 999 367 1056 ὁμολογίαν
389 1005 462 1056 τῆς
482 998 699 1057 ἁμαρτίας.
769 997 791 1042 ὅ
827 995 898 1043 οὖν
931 999 1136 1058 μακάριος
1164 1003 1308 1055 Λαβὶδ
1339 1002 1419 1060 πρὸ
1452 1008 1529 1058 τῆς

42 1073 230 1125 τελευτῆς
257 1070 384 1113 αὐτοῦ
407 1070 589 1120 καλέσας
616 1069 688 1112 τὸν
718 1069 807 1112 υἱὸν
836 1070 965 1113 αὐτοῦ
995 1073 1078 1113 Σολ
1083 1076 1247 1125 ομῶντα
1279 1089 1385 1114 ειπεν
1414 1072 1529 1115 ahur,

37 1137 267 1195 “Σολομῶν
297 1141 435 1182 τέκνον
461 1157 542 1194 μου
552 1172 566 1192 ,
601 1140 691 1194 ἐμοὶ
722 1139 882 1226 ἐγένετο,
906 1141 970 1182 ἐπὶ
994 1140 1134 1196 ψυχὴν
1157 1145 1231 1184 τοῦ
1256 1143 1526 1197 οικοὸομῆσαι

42 1207 151 1252 οικον
182 1210 308 1268 κυρίῳ
340 1213 400 1252 τῶ
428 1214 531 1252 θεῶ.
600 1211 668 1251 καὶ
687 1210 838 1265 ἐγένετο
861 1208 981 1266 λόγος
1000 1211 1142 1268 κυ’ριου
1162 1210 1229 1253 ἐπ’
1250 1209 1363 1265 ἐμοί,
1399 1213 1526 1268 λέγων

0 1276 162 1333 [θαῖμα
194 1280 249 1330 εἷς
278 1283 443 1334 πλῆθος
472 1280 630 1334 ἐξέχεας
649 1280 717 1320 καὶ
737 1279 940 1333 πολέμους
956 1281 1151 1335 ἐποίησας
1165 1279 1380 1337 μεγάλους.
1452 1281 1526 1324 οὐκ

42 1347 323 1404 οἶκοδομήσεις
346 1347 455 1391 οἶκον
474 1353 530 1406 τῷ
551 1347 725 1402 ὀνόματί
734 1365 830 1403 μου.
900 1349 991 1392 ἰδοῦ
1023 1350 1114 1400 υἱὸς
1142 1352 1319 1393 τίκτεταί
1337 1368 1426 1403 σοι,
1457 1352 1526 1393 καὶ

41 1416 267 1461 ἀναπαύσει)
298 1418 421 1474 αὐτὸν
452 1418 531 1461 ἀπὸ
560 1416 723 1460 πάντων
751 1422 832 1461 τῶν
863 1418 1026 1477 ἐχθρῶν
1056 1420 1184 1462 αὐτοῦ
1192 1452 1205 1471 ,
1242 1418 1302 1462 ὅτι
1326 1423 1525 1475 Σολομῶν
1545 1424 1578 1459 D

41 1486 172 1542 ὄνομα
217 1487 342 1546 αὐτῷ.
412 1482 532 1538 οὗτος
562 1486 821 1543 οἰκοδομήσει
850 1487 960 1530 οἶκον
987 1492 1047 1547 τῷ
1078 1488 1250 1543 ὀνόματί
1274 1490 1388 1544 μου.’
1459 1492 1528 1533 καὶ

40 1561 113 1600 νῦν
141 1557 330 1614 ἀνδρίζυυ
364 1558 433 1599 καὶ
463 1557 591 1613 ἴσχυε.
659 1558 728 1599 καὶ
757 1557 848 1599 ἰδοὺ
879 1557 957 1613 ἐγὼ
985 1558 1090 1600 κατὰ
1117 1559 1194 1614 τὴν
1226 1561 1427 1614 πτωχείαν
1443 1578 1527 1616 μου

0 1624 248 1683 Ὡῆτοίμασα
277 1629 334 1678 εἷς
363 1624 472 1670 οἶκον
499 1629 640 1685 κυρίου
665 1628 839 1683 χρυσίου
868 1627 1049 1670 τάλαντα
1073 1627 1268 1683 χιλιάδας
1295 1627 1438 1672 ἑκατὸν
1461 1632 1531 1672 καὶ

41 1696 237 1754 ἀργυρίου
266 1694 447 1740 τάλαντα
474 1698 611 1751 χιλιάς
635 1695 850 1751 χιλιάδας,
895 1698 964 1739 καὶ
990 1697 1148 1752 χαλκὸν
1180 1699 1247 1740 καὶ
1278 1699 1448 1756 σίδηρον
1480 1694 1530 1742 οὗ

40 1766 115 1810 abac
147 1765 255 1811 ἔστιν
285 1765 491 1824 ἀριθμός·
527 1768 596 1810 καὶ
620 1766 724 1825 πρὸς
752 1771 883 1810 ταῦτα
903 1765 1087 1826 πρόσθες
1108 1770 1164 1819 εἰς
1185 1768 1407 1826 οἷκοδομὴν
1424 1773 1530 1813 ναοῦ

40 1971 166 2004 nactus
189 1967 228 2003 in
251 1968 354 2004 istam
381 1972 438 2004 est
461 1967 648 2024 prolapsus
671 1968 891 2005 foeditatem.
939 1968 1101 2014 ingresso
1126 1969 1171 2004 ad
1197 1980 1237 2004 se
1262 1971 1368 2015 vate,
1404 1974 1441 2006 et
1464 1971 1531 2006 de-

38 2015 115 2051 licti
139 2015 447 2062 exprobrationem
479 2015 648 2050 sustinuit
671 2021 709 2051 et
731 2018 915 2051 confessus
938 2016 1111 2061 flagitium
1137 2022 1210 2062 est,
1243 2028 1413 2062 peccasse
1441 2029 1528 2053 con-

39 2066 98 2097 tra
128 2063 304 2097 dominum
338 2074 419 2097 sese
448 2061 654 2107 perhibens.
702 2062 825 2109 itaque
847 2068 949 2098 vates
974 2075 1051 2097 eum
1074 2069 1186 2098 morte
1210 2075 1281 2098 non
1302 2063 1529 2109 plectendum

39 2108 143 2144 buius
168 2108 293 2164 culpae
323 2120 430 2144 causa
452 2108 722 2155 pronuntiavit,
755 2121 955 2156 quanquam
988 2110 1218 2144 vehementer
1250 2111 1350 2145 deum
1375 2122 1528 2157 exaspe-

38 2160 168 2191 rasset.
216 2155 248 2190 is
279 2155 429 2210 primum
463 2155 596 2202 prolem
629 2168 674 2191 ex
706 2168 749 2192 eo
782 2156 956 2192 adulterio
977 2162 1094 2192 natam
1115 2156 1278 2200 necavit,
1310 2156 1439 2192 deinde
1461 2157 1529 2192 filii

38 2201 267 2238 rebellionem
289 2202 324 2236 ei
347 2201 583 2257 significavit,
607 2214 684 2237 cum
705 2203 743 2238 in
765 2203 930 2239 familia‘
919 2204 1031 2249 ipsius
1054 2214 1228 2248 nunquam
1251 2215 1273 2238 a
1294 2202 1424 2248 gladiis
1447 2204 1528 2239 fore

39 2249 262 2284 vacationem
300 2248 538 2284 denuntiaret.
586 2250 840 2286 convenienter
878 2262 963 2295 ergo
994 2250 1152 2284 Davidus
1191 2249 1283 2284 dixit
1319 2261 1360 2284 se
1397 2261 1420 2285 a
1459 2251 1527 2286 deo

38 2295 270 2331 vehementer
292 2295 433 2350 quidem
457 2295 687 2341 castigatum,
723 2309 794 2332 non
827 2302 943 2332 tamen
976 2296 1056 2331 neci
1082 2295 1250 2331 traditum
1274 2296 1400 2332 fuisse.
1447 2309 1528 2333 nam

38 2342 146 2387 deus,
184 2347 223 2378 ut
259 2342 542 2388 sapientissimus
579 2343 755 2390 medicus,
798 2344 910 2379 omnis
948 2343 1088 2389 generis
1122 2342 1414 2397 castigationibus
1447 2356 1528 2380 eum

39 2389 221 2435 exercuit,
259 2394 488 2436 posteaquam
525 2395 708 2444 peccatum
744 2402 843 2426 suum
874 2391 1057 2425 confessus
1087 2390 1170 2425 fuit.
1218 2388 1250 2423 is
1284 2401 1369 2434 ergo
1399 2391 1526 2426 beatus

36 2435 217 2481 Davidus,
253 2441 444 2491 antequam
475 2448 520 2471 ex
551 2436 618 2471 hac
654 2436 731 2471 vita
758 2437 1023 2494 commigraret,
1052 2437 1260 2472 advocatum
1284 2436 1330 2471 ad
1353 2448 1393 2471 se
1415 2437 1527 2473 filium

37 2481 292 2518 Salomonem·
281 2494 319 2516 ιιι
340 2483 432 2518 hanc
455 2482 666 2518 sententiam
690 2488 746 2519 est
769 2484 953 2519 allocutus.
999 2480 1075 2517 “fili
1098 2483 1144 2518 mi
1164 2482 1350 2528 Solomon,
1373 2483 1527 2519 induxe-

38 2540 114 2564 ram
138 2541 205 2575 ego
229 2529 268 2564 in
290 2529 442 2564 animum
467 2541 579 2564 meum
609 2529 747 2565 domino
771 2531 837 2566 deo
857 2530 1021 2576 templum
1044 2530 1254 2564 aedificare·
1283 2509 1350 2564 sed,
1365 2541 1419 2564 me
1437 2530 1527 2567 deus

38 2574 92 2610 ita
108 2576 264 2621 monuit,
287 2581 328 2611 ut
345 2576 567 2631 significaret
583 2587 639 2610 me
650 2603 660 2621 ‚
689 2576 772 2622 quia
790 2577 933 2612 multum
952 2576 1134 2622 sanguinis
1152 2575 1322 2611 fudissem
1340 2588 1384 2611 ac
1401 2588 1527 2633 magna

37 2621 131 2657 bella
153 2623 364 2669 gessissem,
396 2623 510 2670 ipsius
532 2623 666 2657 nomini
689 2624 812 2659 aedem
836 2623 1056 2659 conditurum
1082 2635 1152 2658 non
1176 2634 1274 2658 esse·
1308 2622 1418 2658 filium
1440 2623 1527 2659 mihi

38 2669 161 2714 nasci,
193 2681 216 2704 a
249 2681 318 2715 quo
352 2651 418 2714 (id
442 2671 536 2716 quod
566 2674 603 2704 et
627 2669 825 2706 Solomonis
858 2682 984 2725 nomen
1008 2670 1177 2713 denotat)
1213 2681 1348 2704 omnem
1371 2670 1526 2706 bostium

36 2715 206 2770 impetum
229 2720 327 2751 esset
343 2716 423 2763 ipse
444 2716 708 2762 prohibiturus.
735 2729 814 2752 eum
836 2716 967 2752 nomini
986 2716 1045 2751 dei
1063 2716 1230 2763 templum
1251 2721 1523 2753 exstructurum.

36 2766 79 2797 tu
110 2761 255 2809 itaque,
293 2761 367 2809 fili,
407 2763 466 2798 vir
495 2768 596 2809 esto,
637 2767 674 2798 et
700 2763 798 2798 vires
831 2775 942 2799 sume.
991 2767 1098 2808 atque
1121 2775 1205 2799 ecce
1228 2775 1317 2809 ego,
1354 2769 1526 2818 quantum

37 2818 118 2844 mea
144 2814 340 2855 paupertas
367 2809 470 2855 tulit,
506 2811 552 2845 ad
585 2789 836 2846 aedificandam
867 2808 1008 2845 domino
1034 2810 1191 2856 domum,
1226 2810 1364 2845 confeci
1389 2810 1525 2846 talenta

38 2855 118 2890 auri
141 2858 298 2902 100000,
333 2837 474 2911 argenti
495 2857 630 2893 talenta
655 2857 836 2902 1000000,
869 2861 1058 2911 praeterea
1091 2837 1191 2892 aeris,
1217 2862 1325 2904 atque
1351 2857 1472 2892 ferri·
1460 2870 1520 2892 m-

37 2883 298 2940 numerabilem
311 2902 398 2940 vim.
445 2907 484 2940 tu
508 2904 554 2940 iis
577 2902 668 2941 adde
691 2914 784 2951 quae
814 2904 860 2940 ad
883 2902 1138 2941 aedificandum
1170 2904 1238 2942 deo
1270 2903 1439 2952 templum
1464 2905 1521 2942 fa-
