1742 3184
214 184 317 234 432
699 185 939 232 GEORGII
974 184 1226 230 GEDRENI

214 319 332 346 νωπα
355 305 406 360 τῇ
427 297 554 346 πόλει.
625 303 692 346 καὶ
720 299 850 353 οὕτως
871 302 1208 359 ἐξηφανίσθησαν
1239 300 1282 344 ἔκ
1312 305 1388 358 τῆς
1413 296 1571 353 πόλεως
1597 302 1640 346 οῗ
1656 319 1700 346 τε

161 380 192 416 Β
217 373 404 432 σκορπίοι
425 374 492 415 καὶ
511 372 550 415 οἶ
572 370 773 423 κώνωπες.
843 373 1028 427 αἰτηθεὶς
1058 372 1103 415 δὲ
1131 373 1199 414 καὶ
1226 373 1318 429 περὶ
1339 375 1421 415 τῶν
1444 372 1700 427 ἐπικειμένων

215 443 320 501 αὐτῇ
344 446 534 497 σεισμῶν,
572 440 766 493 στενάξας
782 440 961 499 ἔγραψεν
981 443 1023 485 ε”ν
1041 439 1223 501 διπτύχῳ
1244 446 1377 484 ταῦτα
1395 439 1524 484 ιιοῦαί
1539 457 1604 484 σοι
1622 439 1700 484 τά·

212 517 334 556 λαινα
363 511 501 563 πόλις,
551 510 613 554 ὅτι
647 519 847 566 σεισμοῖσι
883 515 1048 562 πολλοῖς
1085 513 1154 554 καὶ
1191 517 1364 569 πυρσοῖς
1403 509 1697 568 κατενεχθήσῃ.

213 581 433 627 κλαύσεται
460 582 507 624 δέ
525 598 569 624 σε
587 583 655 623 καὶ
678 579 698 623 ὃ
721 581 825 638 παρ’
852 584 1051 637 αἶγιαλοῖς
1065 580 1305 639 Ὀρόντης.”
1378 583 1470 638 περὶ
1494 575 1543 624 οὗ
1559 582 1731 636 μέντοιὸ

212 654 281 696 καὶ
303 650 324 695 ὅ
346 652 475 708 μέγας
493 649 760 702 Ἀναστάσιος
785 650 1052 702 Θεουπόλεώς
1072 668 1197 708 φησιν
1226 649 1532 694 “Ἀπολλωνιόυ
1560 651 1605 693 δὲ
1621 650 1699 706 μέ-

206 739 281 781 χρι
308 726 380 765 νῦν
411 721 452 763 ἵν
484 737 566 764 τισι
593 719 734 772 τόποις
755 723 957 778 ἐνεργοῦσι
982 720 1034 764 τὰ
1063 721 1372 775 ἀποτελέσματα
1393 718 1611 775 ἱστάμενα,
1645 719 1699 763 τὰ

211 793 287 847 μὲν
312 793 367 842 εἷς
391 790 628 848 ἀποτροπὴν
648 790 762 849 ζῴων
783 789 1043 848 τετραπόδων
1065 793 1134 833 καὶ
1155 794 1343 833 πετεινῶν
1359 789 1557 845 βλάπτειν
1573 791 1700 832 δυνα-

211 861 344 917 μένων
365 859 635 918 ἀνθρώπους,
670 861 723 903 τὰ
744 862 788 904 δὲ
812 863 869 912 εἷς
892 861 1042 917 ἐποχὴν
1066 858 1279 918 ῥευμάτων
1301 865 1488 914 ποταμοῦ
1514 858 1700 910 ἀτάκτως

211 931 438 989 φερομένου
451 963 463 982 ,
513 933 580 973 καὶ
603 930 709 973 ἄλλα
731 933 786 982 εἷς
812 932 930 988 ἕτερα
958 932 1022 974 ἐπὶ
1051 934 1198 990 φθορᾷ
1217 931 1285 973 καὶ
1303 929 1444 987 βλάβῃ
1465 928 1698 988 ἀνθρώπιον
1711 936 1742 971 1(

207 999 447 1058 ὑπάρχοντα
467 999 727 1056 ἀποτρόπαια
743 1003 946 1045 ἵστανται.
1017 1002 1085 1044 καὶ
1110 1000 1157 1044 οὗ
1179 998 1307 1055 μόνον
1324 1001 1366 1043 ἐν
1385 1005 1436 1058 τῇ
1457 1001 1540 1058 ζωῇ
1569 999 1698 1042 αὐτοῦ

157 1079 188 1115 C
214 1075 345 1115 ταῦτα
366 1073 433 1113 καὶ
452 1070 505 1113 τὰ
524 1076 695 1114 τοιαῦτα
717 1069 957 1129 εἰργάσαντο
979 1070 1017 1113 οἳ
1039 1071 1229 1125 δαίμονες
1255 1069 1312 1113 δι’
1335 1069 1485 1122 αὐτοῦ,
1522 1067 1630 1112 ἀλλά
1651 1086 1697 1125 γε

213 1142 281 1184 καὶ
308 1141 413 1195 μετὰ
443 1141 519 1196 τὴν
548 1141 735 1197 τελευτὴν
770 1141 898 1184 αὐτοῦ
926 1141 1226 1197 παραμένοντες
1256 1144 1314 1198 τῷ
1347 1137 1532 1195 μνήματι
1570 1139 1697 1183 αὐτοῦ

212 1208 361 1266 σημεῖά
379 1228 469 1266 τινα
491 1211 534 1260 ἐξ
554 1209 754 1265 ὀνόματος
773 1211 901 1253 αὐτοῦ
921 1211 1155 1253 ἐπετέλεσαν
1175 1209 1277 1267 πρὸς
1296 1207 1456 1265 ἀπάτην
1472 1212 1554 1252 τῶν
1575 1210 1699 1251 ἐλεει-

211 1285 293 1324 νῶν
316 1278 573 1336 ἀνθρώπων,
609 1285 690 1323 τῶν
709 1280 860 1340 ῥαδίως
879 1279 1241 1334 ὗποκλεπτομένων
1271 1281 1327 1330 εἷς
1353 1279 1407 1322 τὰ
1425 1283 1598 1322 τοιαῦτα
1614 1276 1695 1322 ὑπὸ
1710 1282 1742 1318 1ξ

208 1354 285 1393 τοῦ
302 1348 515 1404 διαβόλου.
585 1352 628 1393 τί
643 1349 693 1393 ἄν
713 1368 775 1402 τις
793 1351 896 1393 εἴποι
915 1352 1006 1407 περὶ
1026 1354 1109 1392 τῶν
1127 1350 1232 1392 κατὰ
1249 1350 1498 1392 Μανέθωνα
1514 1353 1699 1405 μαγικῶν

210 1418 363 1478 ἴργων,·
419 1418 464 1470 ὃς
495 1424 679 1471 τοιοῦτος
712 1419 838 1478 ἄκρος
869 1421 1003 1476 γέγονε
1036 1424 1086 1477 τῇ
1121 1424 1276 1477 μαγικῇ
1318 1417 1455 1476 ἀπάτῃ
1497 1417 1602 1462 ὥστε
1636 1418 1700 1461 ἀεὶ

208 1489 386 1534 ἔσκωπτε
404 1488 620 1546 προδήλως
638 1491 708 1532 τὸν
721 1488 993 1533 Ἀπολλώνιον
1014 1488 1070 1541 ὡς
1085 1490 1144 1546 μὴ
1169 1490 1319 1546 ἀκριβῆ
1338 1489 1412 1544 τὴν
1430 1488 1526 1531 κατ’
1550 1488 1700 1538 αὐτοὺς

208 1559 487 1618 φιλοσοφικὴν
503 1560 713 1618 ἐμπειρίαν
736 1557 951 1615 ἐσχηκότα.
1022 1559 1102 1602 ἔδει
1120 1560 1199 1617 γὰρ
1219 1557 1357 1611 αὐτόν,
1394 1560 1531 1616 φησίν,
1561 1556 1698 1615 ὥσπερ

209 1627 310 1685 ἐγώ,
348 1628 457 1687 λόγῳ
484 1628 598 1687 μόνῳ
629 1636 756 1672 ποιεῖν
788 1630 891 1687 ἅπερ
927 1628 1142 1684 ἐβούλετο,
1178 1630 1247 1671 καὶ
1279 1628 1340 1684 μὴ
1373 1628 1742 1682 ἀποτελέσμασινὲ(

207 1699 432 1756 ἐπιτρέπειν
459 1697 512 1741 τὰ
533 1700 636 1755 παρ’
663 1702 791 1741 αὐτοῦ
812 1697 1085 1757 πραττόμενα.
1155 1702 1287 1741 ταῦτα
1311 1698 1356 1740 δὲ
1378 1696 1512 1741 πάντα
1533 1714 1697 1755 συγχω-

208 1766 324 1826 ρήσει
341 1771 417 1811 τοῦ
434 1771 539 1810 θεοῦ
557 1770 625 1810 καὶ
643 1769 820 1828 ἐνεργείᾳ
845 1767 1051 1824 δαιμόνων
1063 1768 1240 1824 γίνονται
1254 1767 1357 1825 πρὸς
1370 1767 1416 1810 τὸ
1431 1768 1501 1810 διὰ
1515 1772 1597 1811 τῶν
1608 1785 1697 1811 τοι-

153 1839 186 1875 D
212 1836 342 1880 ούτων
359 1835 612 1894 πραγμάτων
631 1837 928 1893 δοκιμάζεσθαι
946 1838 1021 1893 τὴν
1032 1835 1232 1895 ἡμετέραν
1243 1836 1473 1895 ὀρθόδοξον
1485 1838 1633 1890 πίστιν,
1660 1839 1697 1881 εἰ

209 1906 355 1966 ἕδραιά
383 1908 468 1950 ἐστὶ
501 1909 569 1950 καὶ
591 1909 718 1965 παγία
740 1908 1029 1966 προσμένουσα
1048 1912 1106 1968 τῷ
1132 1909 1283 1967 κυρίῳ,
1319 1909 1386 1950 καὶ
1407 1907 1467 1963 μὴ
1487 1905 1702 1966 ὑποσυρο-Υ

206 2059 346 2100 cibus-’⁹
394 2075 437 2098 eo
459 2061 562 2098 modo
587 2064 625 2097 et
647 2061 781 2108 scorpii
805 2064 843 2097 et
865 2061 996 2096 culices
1021 2073 1063 2096 ea
1090 2073 1135 2096 ex
1158 2062 1246 2096 urbe
1269 2059 1453 2108 profligati
1475 2063 1570 2096 sunt.
1619 2073 1698 2097 cum

206 2117 325 2147 autem
348 2114 531 2156 peteretur
548 2110 594 2144 ab
611 2121 653 2143 eo
675 2114 715 2144 ut
731 2115 852 2144 terrae
868 2115 981 2144 motus
999 2108 1128 2154 quibus
1148 2108 1403 2154 affligebantur
1420 2111 1613 2155 averteret,
1636 2108 1696 2143 in-

206 2157 405 2203 gemiscens
430 2157 468 2192 in
491 2155 622 2191 tabulis
645 2155 697 2190 ita
719 2155 886 2201 scripsit:
917 2152 1010 2190 “vae
1033 2155 1102 2190 tibi
1127 2155 1255 2190 misera
1278 2156 1384 2199 urbs,
1421 2154 1588 2200 quoniam
1620 2161 1696 2191 ter-

161 2237 163 2239 .
205 2217 269 2240 rae
284 2204 437 2239 motibus
453 2203 570 2239 multis
588 2203 834 2248 incendiisque
852 2202 1103 2248 prosterneris,
1126 2208 1234 2248 teque
1252 2202 1408 2237 Orontes
1429 2203 1475 2237 ad
1494 2203 1591 2248 ripas
1613 2213 1697 2237 suas

206 2248 392 2287 deflebit.”
440 2252 485 2286 de
518 2250 587 2285 hoc
617 2261 763 2295 magnus
786 2249 992 2284 Anastasius
1018 2250 1215 2295 Theopolis
1249 2249 1436 2295 episcopus
1467 2249 1521 2284 ita.
1550 2249 1697 2284 scribit:

206 2298 416 2344 quibusdam
439 2298 478 2332 in
501 2297 589 2332 locis
610 2297 656 2332 ad
678 2297 772 2331 hunc
788 2308 901 2343 usque
924 2297 1017 2331 diem
1046 2296 1227 2343 Apollonii
1259 2308 1369 2341 opera
1402 2300 1499 2330 stant
1526 2300 1563 2331 et
1597 2308 1698 2331 suam

204 2344 339 2379 habent
365 2345 634 2388 efficacitatem,
670 2344 740 2378 alia
773 2343 1062 2389 quadrupedibus
1093 2355 1135 2378 ac
1165 2343 1367 2378 volucribus
1391 2343 1568 2377 damnosis
1591 2354 1699 2378 aver-

205 2391 337 2436 tendis,
365 2391 436 2426 alia
460 2392 506 2427 ad
528 2391 749 2426 inordinatos
773 2390 924 2425 amnium
949 2402 1116 2425 excursus
1141 2390 1365 2434 inhibendos,
1393 2388 1463 2424 alia
1487 2389 1566 2424 aliis
1589 2391 1697 2425 rebus

206 2449 298 2483 quae
330 2438 530 2473 hominibus
563 2438 811 2473 detrimentum
842 2437 994 2472 afferent.
1018 2437 1195 2472 arcendis.
1243 2437 1359 2482 neque
1385 2447 1428 2471 eo
1451 2440 1588 2471 tantum
1611 2436 1697 2471 vivo

206 2486 395 2520 daemones
430 2497 497 2531 per
528 2484 644 2531 ipsum
675 2490 730 2520 tot
765 2496 807 2519 ac
839 2484 924 2519 talia
959 2490 1127 2529 egerunt,
1163 2484 1227 2519 sed
1256 2483 1335 2530 ipso
1359 2482 1466 2517 etiam
1489 2487 1626 2518 mortuo
1650 2484 1696 2519 ad

206 2532 453 2567 monimentum
478 2532 554 2567 eius
578 2536 918 2578 perseveraverunt,
958 2537 1064 2577 atque
1087 2530 1199 2578 ipsius
1223 2530 1363 2566 nomine
1386 2529 1554 2565 miracula
1583 2541 1695 2575 quae-

206 2579 285 2612 dam
312 2579 498 2614 ediderunt
524 2579 568 2613 ad
590 2579 837 2624 decipiendum
867 2578 1014 2612 miseros
1049 2578 1230 2622 homines,
1266 2577 1327 2623 qui
1355 2576 1461 2611 facile
1494 2577 1695 2611 huiusmodi

205 2626 314 2659 rebus
348 2637 387 2660 se
421 2638 443 2661 a
477 2625 618 2660 diabolo
650 2627 688 2660 in
717 2625 876 2660 fraudem
900 2624 1020 2660 induci
1041 2625 1238 2672 patiuntur.
1286 2622 1371 2669 quid
1396 2623 1488 2657 enim
1510 2624 1623 2658 dicam
1647 2624 1694 2658 de

205 2670 433 2707 Manethonis
457 2672 603 2717 magicis
628 2672 824 2718 operibus?
849 2672 910 2717 qui
933 2677 1052 2706 tantus
1077 2672 1145 2706 fuit
1167 2671 1314 2706 istarum
1338 2670 1610 2716 imposturarum
1633 2682 1694 2705 ar-

208 2716 311 2762 tifex,
338 2724 378 2752 ut
401 2731 540 2765 semper
563 2719 674 2766 palam
698 2718 921 2765 Apollonium
944 2718 1100 2753 irriserit
1124 2724 1163 2753 ut
1178 2718 1256 2752 ‘non
1281 2717 1441 2764 perfecta
1462 2717 1538 2752 eius
1558 2717 1694 2752 doctri-

209 2775 277 2797 nae
299 2765 430 2809 peritia
451 2766 680 2801 instructum:
702 2762 914 2812 “oportebat
938 2762 1054 2800 enim⁹³
1076 2765 1196 2800 aiebat
1214 2760 1337 2807 “eum‚
1359 2763 1466 2799 sicuti
1489 2775 1555 2809 ego
1581 2764 1693 2808 soleo,

210 2809 294 2844 solis
316 2812 436 2845 verbis
463 2813 637 2858 perficere
663 2825 755 2859 quae
775 2812 901 2858 vellet,
935 2824 1006 2847 non
1029 2824 1173 2859 operum
1199 2810 1445 2846 effectionibus
1468 2812 1512 2846 ad
1538 2821 1580 2846 ea
1603 2808 1696 2845 uti.''

210 2855 299 2890 haec
321 2862 434 2892 autem
454 2860 570 2895 omnia
592 2860 650 2895 dei
673 2860 847 2907 permissu
866 2865 903 2894 et
920 2860 1126 2894 daemonum
1148 2857 1364 2893 efficacitate
1386 2858 1487 2902 fiunt,
1512 2863 1551 2892 ut
1570 2857 1694 2892 huius-

210 2902 306 2939 modi
327 2904 435 2939 rebus
457 2917 545 2942 vera
567 2913 690 2943 nostra
714 2906 918 2955 exploretur
940 2907 1043 2953 fides,
1068 2906 1215 2942 firmane
1239 2917 1283 2941 ea
1305 2904 1354 2940 sit
1377 2909 1416 2941 et
1437 2905 1509 2941 fixa
1531 2904 1694 2940 domino-
