1742 3184
201 184 304 235 430
685 185 926 233 GEORGII
955 183 1202 230 CEDRENI

201 299 259 354 ὥς
279 299 448 360 εἶ’ρηται.
518 294 638 353 οὗτος
658 299 733 353 τὰς
749 301 917 358 γενέσεις
935 305 1018 346 τῶν
1036 298 1209 360 πρώτων
1227 305 1302 358 τῆς
1313 297 1476 357 Ῥώμης
1495 300 1682 359 ἐρευνῶν,

201 371 278 415 οὗκ
307 373 469 429 ὀλίγους
499 369 695 430 εὖρίσκων
724 371 766 414 ἓν
786 369 955 426 δυνάμει
977 370 1147 415 ἔσεσθαι
1169 370 1309 430 ἀνῄρει
1330 371 1399 414 διὰ
1419 369 1683 428 προφάσεως.

200 436 321 493 οὗτος
344 442 521 493 διέταξεν
540 442 583 483 ἐν
605 447 695 492 ταῖς
713 439 878 484 πόλεσιν
899 441 1108 496 ἀμπέλους
1128 442 1186 497 μὴ
1210 440 1409 498 φυτεύειν.
1444 434 1564 491 οὗτος
1585 439 1684 491 τοὺς

198 511 280 555 ἀπὸ
305 513 446 568 γένους
473 511 617 565 Λαβὶδ
640 511 707 552 καὶ
727 513 916 569 Χριστοῦ
948 511 1210 569 ἀναιρεῖσθαι
1226 511 1502 568 προσέταξεν·
1538 510 1682 552 ἐδεδίει

194 581 276 638 γὰρ
307 581 382 637 τὴν
413 581 642 637 παρουσίαν
670 584 745 623 τοῦ
779 582 920 638 κυρίου
953 578 1010 631 ὥς
1037 583 1104 623 καὶ
1129 578 1326 639 ιΗρώδης
1350 578 1372 623 ὅ
1401 577 1714 630 παιδοκτόνος.5

144 659 175 696 Β
198 655 274 694 τοῦ
299 649 559 708 κηρύγματος
591 649 636 692 δὲ
663 648 742 705 ἤδη
774 648 949 705 δύναμιν
980 648 1263 705 λαμβάνοντος
1295 649 1450 706 ἤγαγον
1482 654 1684 705 συγγενεῖς

195 724 271 763 τοῦ
299 721 441 777 κυρίου
471 719 575 776 πρὸς
594 718 862 774 Δομετιανόν.
933 719 1006 771 οῦς
1034 722 1101 763 καὶ
1124 718 1383 777 ἐπηρώτησεν
1413 720 1448 762 εἲ
1475 719 1519 762 ἐκ
1538 719 1684 772 Λαβὶδ

195 791 265 833 καὶ
287 791 476 847 Χριστοῦ
496 791 586 832 εἶσι.
655 791 722 831 καὶ
747 786 1028 846 ὡμολόγησαν.
1066 792 1131 832 καὶ
1153 788 1305 842 πόσων,
1336 788 1429 848 ἔφη,
1456 786 1683 845 χρημάτων

196 857 422 916 κυριεύετε,·
467 859 603 910 ἐννέα,
642 859 767 917 φασί,
803 860 1007 917 δηναρίων
1035 859 1074 901 οἳ
1102 858 1270 912 πάντες,
1306 860 1374 901 καὶ
1392 858 1589 915 πλέθρων
1608 862 1683 914 γῆς

197 929 356 985 ὀλίγων,
385 928 428 979 ἓξ
448 922 504 970 ὧν
524 929 621 979 τοὺς
645 927 801 986 φόρους
821 928 1090 986 ἀναφέρομεν.
1161 931 1229 972 καὶ
1247 928 1323 979 τὰς
1340 935 1482 985 χεῖρας
1502 927 1682 985 σκληρὰς
1695 936 1739 970 10

196 998 242 1041 ἐκ
270 1001 346 1053 τῆς
372 998 564 1055 ἐργασίας
594 999 859 1041 ἐπεδείκνυον.
930 996 952 1042 ὅ
978 999 1046 1051 δέ,
1082 1000 1149 1041 καὶ
1173 996 1295 1041 ὁποία
1325 999 1386 1049 τίς
1417 999 1524 1040 ἔστιν
1553 995 1581 1052 ἦ
1609 1001 1682 1039 τοῦ

197 1069 387 1125 Χριστοῦ
413 1068 601 1122 βασιλεία
611 1100 624 1120 ,
673 1069 740 1110 καὶ
764 1066 861 1111 πότε
885 1069 1173 1126 φανησομένης
1223 1066 1279 1118 ὥς
1309 1068 1358 1111 οὗ
1385 1067 1559 1123 κοσμικὴ
1587 1066 1684 1109 οὐδὲ

197 1137 370 1194 ἐπίγειος
377 1169 391 1189 ,
428 1136 600 1196 ἔφασαν,
636 1135 875 1195 ἐπουράνιος
897 1138 942 1181 δὲ
963 1140 1030 1180 καὶ
1050 1139 1113 1180 ε’πὶ
1134 1138 1340 1197 συντελείᾳ
1358 1140 1439 1180 τῶν
1464 1135 1622 1179 αῗώνων
1638 1136 1682 1179 ἕν

199 1205 298 1264 δόξῃ
320 1207 515 1264 ἐρχομένη
540 1214 673 1264 κρῖναι
693 1208 845 1259 ζῶντας
863 1210 932 1250 καὶ
954 1206 1134 1263 νεκρούς.
1203 1207 1274 1265 ἐφ’
1298 1205 1361 1258 οἷς
1384 1205 1510 1257 αὐτὸς
1528 1203 1682 1249 τούτων

144 1294 176 1330 c
200 1274 520 1334 καταφρονήσας
547 1277 790 1334 ἐλευθέρους
818 1277 894 1332 μὲν
924 1276 1075 1327 αὐτοὺς
1103 1277 1267 1335 ἀφεῖναι
1290 1276 1495 1328 ἐκέλευσε,
1542 1276 1614 1319 τὸν
1635 1275 1682 1319 δὲ
1694 1282 1738 1320 15

197 1351 273 1402 τῆς
290 1347 504 1402 ἐκκλησίας
526 1346 704 1403 διωγμὸν
724 1351 999 1390 καταπαῦσαι.
1035 1341 1154 1397 οὗτος
1176 1344 1197 1389 ὅ
1217 1345 1474 1400 Δομετιανὸς
1491 1344 1683 1403 Νερούαν

196 1416 286 1459 τινὰ
309 1413 544 1459 ὗπεύθυνον
563 1417 742 1459 ἐκέλευσε
764 1417 894 1469 ζῶντα
911 1420 1123 1472 βληθῆναι
1148 1418 1204 1467 εἷς
1222 1419 1321 1473 πῦρ.
1363 1420 1445 1458 τῶν
1465 1415 1509 1458 δὲ
1530 1415 1684 1474 ἄστρο-

193 1484 332 1541 νόμων
355 1483 548 1528 εἶπόντων
571 1483 651 1528 ὑπὸ
686 1485 807 1536 κυνὸς
834 1490 980 1529 τοῦτον
1006 1484 1382 1541 ἀναλωθήσεσθαι,
1419 1484 1547 1536 εὐθὺς
1565 1483 1683 1535 ὑετὸς

194 1557 452 1610 κατενεχθεὶς
485 1555 614 1606 πολὺς
642 1554 716 1610 τὴν
745 1555 949 1613 πυρκαϊὰν
984 1554 1146 1610 ἔσβεσε,
1169 1546 1258 1598 ικαὶ
1291 1555 1502 1609 δεδεμένον
1535 1553 1593 1597 ἴτι
1621 1554 1682 1598 τώ

190 1631 301 1682 χεῖρε
323 1623 440 1674 κύνες
464 1624 686 1681 ἀφεθέντες
706 1629 851 1668 τοῦτον
870 1625 1114 1683 κατέφαγον.
1182 1622 1376 1681 Λάργιος
1405 1624 1450 1667 δὲ
1482 1622 1737 1682 ἀστρονό-20

192 1710 274 1749 μος
293 1691 399 1736 εἶπεν
420 1695 478 1744 εἷς
495 1692 596 1749 ὄψιν
615 1698 674 1752 τῷ
694 1694 940 1752 Δομετιανῷ
958 1694 1234 1750 τεθνήξεσθαι
1254 1691 1388 1755 ἡμέρᾳ
1408 1696 1519 1752 τῇδε.
1590 1692 1612 1737 ὅ
1636 1695 1682 1738 δὲ

194 1763 399 1808 ἐκέλευσεν
420 1762 546 1807 αὐτὸν
564 1767 831 1822 φυλαχθῆναι
852 1765 894 1807 ἓν
914 1766 1100 1819 δεσμοῖς,
1144 1760 1202 1815 ὥς
1223 1762 1274 1807 ἂν
1293 1768 1368 1820 τῆς
1389 1761 1548 1822 ἡμέρας
1569 1765 1681 1807 διελ-

189 1962 256 2008 dit,
277 1957 558 2010 'turpissimaque
580 1964 692 1997 morte
717 1960 924 1997 sceleratam
948 1960 1075 1998 clausit
1096 1961 1219 1999 vitam.
1266 1962 1298 1998 is
1320 1961 1519 2009 principum
1543 1962 1679 1999 Romae

192 2010 351 2045 virorum
373 2010 545 2055 indagans
568 2009 799 2053 nativitates,
833 2020 909 2044 cum
940 2021 1009 2043 non
1037 2010 1159 2055 paucis
1182 2010 1342 2055 promitti
1366 2021 1525 2055 magnam
1549 2016 1678 2055 poten-

191 2057 279 2093 tiam
302 2057 599 2102 deprehenderet,
624 2068 685 2091 eos
709 2060 853 2103 captata
875 2056 1062 2090 occasione
1085 2056 1239 2091 sustulit.
1287 2057 1400 2091 edixit
1421 2068 1487 2103 per
1507 2058 1614 2092 urbes
1633 2069 1681 2093 ne

191 2103 272 2150 quis
304 2104 398 2138 vites
434 2102 622 2150 plantaret.
676 2103 770 2138 idem
804 2114 936 2148 genere
968 2103 1143 2138 Davidum
1181 2109 1218 2138 et
1247 2103 1428 2138 Christum
1462 2103 1681 2149 attingentes

191 2150 355 2195 conquiri
379 2150 495 2195 iussit,
519 2150 678 2196 exemplo
702 2149 859 2184 Herodis
880 2149 1113 2185 infanticidae
1135 2150 1204 2185 sibi
1227 2162 1247 2185 a
1272 2150 1407 2185 Christi
1426 2151 1583 2185 adventu
1604 2163 1680 2186 me-

190 2202 308 2233 tuens.
354 2198 553 2233 mandatum
578 2197 655 2232 eius
677 2196 830 2231 ministri
855 2197 1013 2232 exsecuti
1036 2198 1260 2232 adduxerunt
1283 2197 1420 2232 Christi
1444 2203 1614 2242 cognatos
1633 2198 1679 2233 ad

190 2243 454 2290 imperatorem.
501 2244 529 2277 ii
552 2243 764 2289 interrogati
787 2255 808 2278 a
829 2242 1032 2278 Domitiano
1059 2256 1103 2279 an
1129 2256 1150 2279 a
1173 2243 1314 2279 Davido
1338 2249 1375 2279 et
1397 2243 1543 2279 Christo
1567 2255 1681 2289 genus

191 2291 384 2336 ducerent,
417 2292 469 2326 ita
503 2302 583 2325 esse
615 2292 703 2326 fassi
728 2294 823 2325 sunt.
870 2286 1047 2336 “quantae
1072 2287 1180 2336 ergo³⁹
1205 2290 1322 2336 inquit
1343 2290 1566 2325 Domitianus
1589 2287 1680 2326 “ve-

190 2343 287 2373 strae
311 2344 392 2372 sunt
416 2337 604 2373 facultates
614 2333 663 2372 ‘2⁹'
716 2336 977 2382 responderunt
1000 2338 1176 2373 universis
1200 2349 1280 2372 esse
1303 2349 1430 2373 novem
1453 2337 1618 2372 denarios
1643 2342 1680 2374 et

188 2395 304 2430 pauca
328 2384 406 2430 agri
428 2384 575 2430 iugera,
599 2384 693 2419 unde
714 2384 884 2419 tributum
907 2384 1068 2420 solvant:
1099 2384 1203 2419 simul
1226 2389 1264 2419 et
1286 2395 1429 2429 manus,
1456 2395 1549 2430 quae
1570 2384 1680 2420 callos

189 2431 365 2466 duxerant
390 2443 501 2477 opere
522 2431 711 2476 faciundo,
737 2431 979 2466 ostenderunt.
1027 2436 1102 2466 tum
1124 2431 1318 2477 imperator
1340 2427 1403 2466 “et
1425 2431 1600 2477 quodnam
1624 2435 1682 2468 est

188 2477 328 2512 Christi
353 2489 530 2523 regnum,v
559 2489 600 2513 ac
631 2478 771 2524 quando
796 2474 1003 2523 appetet2”
1050 2478 1312 2524 responderunt
1334 2489 1405 2512 non
1427 2489 1507 2513 esse
1530 2479 1680 2514 munda-

188 2534 270 2558 num
295 2536 412 2570 neque
435 2530 614 2560 terrenum
637 2523 896 2568 sed-caeleste,
934 2530 971 2559 et
996 2524 1176 2560 Christum
1210 2525 1248 2559 in
1271 2526 1343 2559 fine
1365 2523 1484 2559 mundi
1507 2524 1545 2558 id
1566 2524 1679 2560 initu-

187 2581 288 2614 rum,
325 2571 387 2606 ubi
417 2571 463 2607 de
494 2571 589 2606 vivis
614 2572 662 2606 sit
686 2576 724 2606 et
744 2570 891 2606 mortuis
914 2570 1147 2606 iudicaturus.
1196 2573 1241 2606 ob
1266 2571 1355 2606 haec
1376 2570 1571 2617 imperator
1597 2571 1679 2607 istis

188 2614 387 2652 hominibus
411 2618 566 2664 spretis,
597 2618 765 2653 libertate
788 2617 934 2653 donavit
958 2631 1039 2663 eos,
1075 2624 1112 2653 et
1135 2629 1158 2653 a
1181 2618 1439 2665 prosequendis
1464 2618 1679 2653 Christianis

188 2662 316 2697 desisti
340 2665 456 2700 iussit.
504 2665 537 2700 is
559 2665 782 2700 Domitianus
805 2665 961 2699 Nervam
994 2666 1169 2711 quendam
1201 2664 1256 2699 rei
1287 2664 1451 2710 capitalis
1479 2666 1679 2701 damnatum

189 2708 311 2743 vivum
344 2710 382 2744 in
415 2711 532 2756 ignem
563 2713 691 2747 coniici
723 2711 842 2746 iussit.
890 2712 1081 2758 astrologis
1104 2716 1218 2746 autem
1241 2711 1529 2757 praedicentibus
1554 2723 1632 2746 eum
1656 2723 1679 2747 a

189 2765 277 2788 cane
301 2755 467 2792 laniatum
491 2758 559 2803 iri,
590 2759 708 2794 statim
739 2758 858 2804 largus
883 2757 998 2793 imber
1022 2760 1168 2794 obortus
1193 2769 1317 2803 rogum
1343 2758 1527 2804 exstinxit,
1550 2763 1586 2793 et
1607 2759 1676 2792 im-

188 2801 290 2835 missi
323 2803 468 2838 Nervae
498 2805 613 2840 adhuc
646 2817 768 2841 manus
801 2805 910 2849 ligato
947 2817 1053 2840 canes
1089 2817 1165 2840 eum
1200 2805 1475 2841 devoraverunt.
1523 2805 1677 2850 Largius

189 2858 276 2881 vero
301 2848 499 2894 astrologus
523 2852 561 2886 in
584 2853 710 2887 faciem
731 2851 932 2887 Domitiano
954 2852 1046 2887 dixit
1070 2863 1147 2887 eum
1171 2852 1229 2886 die
1252 2862 1356 2896 quam
1375 2852 1579 2886 nominabat
1600 2864 1677 2887 mo-

188 2892 353 2931 riturum.
398 2895 618 2935 Domitianus
653 2911 732 2936 eum
767 2898 906 2936 servari
935 2898 973 2935 in
1006 2898 1158 2935 vinculis
1179 2898 1306 2944 iussit,
1341 2902 1382 2934 ut
1402 2910 1446 2936 ea
1468 2898 1528 2935 die
1551 2905 1677 2935 exacta
