1742 3184
385 259 784 306 HISTORIARUM
821 260 1218 308 (ἶΟΜΡΕΝΙΠῙζΠῙΙ.1
1438 259 1535 308 341

58 377 119 433 τῷ
136 377 227 434 θεῷ
242 371 528 434 προσεκύνησε.
594 376 864 431 καταπλαγεὶς
879 373 959 432 γὰρ
982 374 1047 418 ἐπὶ
1067 379 1120 433 τῇ
1138 373 1229 431 ξένῃ
1246 373 1330 434 θέᾳ
1349 377 1423 430 τῆς
1438 392 1535 418 στο-

58 447 135 498 λῆς
152 448 227 486 τοῦ
246 443 464 502 ἀρχιερέως
472 475 487 496 ,
522 441 603 486 ἀπὸ
622 447 697 487 τοῦ
714 443 898 500 ἅρματος
919 443 1105 500 καταβὰς
1118 442 1245 498 μόνος
1260 442 1532 500 προσεκύνησε

58 511 106 554 τὸ
136 515 254 555 θεῖον
274 511 404 567 ὄνομα
426 514 495 555 καὶ
513 511 585 555 τὸν
606 511 796 570 ἀρχιερέα
817 511 1053 569 ἠσπάσατο·
1097 512 1144 556 ὃν
1163 511 1311 562 πάντες
1331 513 1529 555 Ἰουδαῖοι

58 585 135 640 μιᾷ
153 585 270 638 φωνῇ
288 581 364 624 σὺν
379 585 439 639 τῷ
457 581 640 639 ἀρχιερεῖ
650 583 824 638 γνησίως
840 580 1163 637 ἀντησπάσαντο.
1229 585 1312 625 τῶν
1329 582 1377 624 δέ
1391 599 1435 638 γε
1455 586 1529 636 τῆς

24 659 48 695 5
61 651 213 706 Συρίας
232 650 435 704 βασιλέων
455 652 522 692 καὶ
547 654 629 692 τῶν
646 654 798 693 λοιπῶν
825 652 1161 708 καταπλαγέντων
1179 652 1247 694 καὶ
1265 649 1528 708 διεφθάρθαι

56 718 132 774 τὴν
161 715 344 762 διάνοιαν
369 716 653 777 Ἀλεξάνδρου
681 717 983 778 ὕπειληφότων,
1042 722 1109 763 καὶ
1134 721 1427 778 Παρμενίωνος
1452 723 1528 762 τοῦ

57 792 287 844 στρατηγοῦ
301 792 459 843 μᾶλλον
477 786 793 842 θαυμάσαντος,
828 787 931 832 διότι
947 787 1137 846 καθάπερ
1158 806 1220 840 τις
1237 793 1318 831 τῶν
1334 786 1526 844 ὖπηκόων

57 857 191 900 πεσὼν
210 855 518 915 προσεκύνησεν,
551 855 656 900 εἶπεν
676 857 956 916 ἈλέξανδρΟς
982 856 1063 902 “οὖ
1079 858 1151 902 τὸν
1167 858 1356 915 ἀρχιερέα
1372 874 1522 915 προσε-
1545 864 1578 898 C

56 923 228 981 κύνησα,
255 926 362 969 ἀλλά
380 927 451 969 τὸν
470 925 536 969 ὕπ’
561 926 686 969 abre&
705 925 931 983 τιμώμενον
946 925 1061 980 θεόν,
1088 927 1210 982 κάμοὶ
1231 927 1305 982 τὴν
1324 925 1526 981 βοήθειαν

4 1007 49 1043 10
58 994 163 1037 κατὰ
192 999 274 1038 τῶν
302 997 491 1039 ἐναντίων
510 993 803 1050 ὑποσχόμενον.
867 994 986 1052 ἡνίκα
1017 996 1097 1054 γὰρ
1132 996 1207 1051 τὴν
1226 996 1331 1038 κατὰ
1348 998 1526 1054 Περσῶν

57 1061 296 1120 διενοούμην
315 1066 529 1123 στρατείαν
548 1067 616 1108 καὶ
641 1066 806 1108 ἐδεδίειν
826 1065 872 1108 τὸ
891 1066 1067 1122 μέγεθος
1092 1069 1165 1119 τῆς
1189 1066 1424 1115 δυναστείας
1449 1064 1527 1107 αὖ·

56 1137 151 1186 τῶν,
185 1133 315 1192 ὤφθη
342 1153 416 1190 μοι
440 1133 535 1177 κατ’
558 1133 660 1192 ὄναρ
680 1134 784 1177 κατὰ
805 1135 851 1177 τὸ
872 1140 1012 1190 σχῆμα
1032 1139 1151 1180 τοῦδε
1170 1138 1244 1176 τοῦ
1261 1134 1483 1191 ’ἀρχιερέως
1503 1131 1528 1175 ὃ

55 1199 179 1255 θεός,
218 1205 287 1246 καὶ
309 1207 480 1262 θαρρεῖν
503 1220 575 1258 μοι
601 1201 921 1261 παρεκελεύσατο
946 1205 1012 1246 καὶ
1042 1207 1115 1258 τῆς
1138 1204 1379 1259 προθυμίας
1398 1219 1527 1244 σπου-

57 1273 184 1322 δαίως
203 1271 371 1328 ἔχεσθαι
384 1305 399 1325 ,
433 1273 559 1329 λέγων
585 1270 661 1322 ιεἷς
688 1274 735 1315 σε’
763 1273 842 1329 γὰρ
871 1270 1089 1327 καταλήξω
1112 1272 1187 1327 τὴν
1204 1273 1382 1328 Περσῶν
1401 1272 1527 1313 δυνα-

1 1351 46 1387 15
57 1341 222 1384 στείαν.’
295 1341 359 1385 διὸ
380 1347 524 1385 τοῦτον
538 1339 796 1396 θεασάμενος
812 1343 854 1383 ἐν
874 1341 1041 1399 τοιαύτῃ
1061 1344 1207 1398 στολῇ,
1240 1341 1310 1383 καὶ
1331 1345 1404 1394 τῆς
1420 1341 1527 1382 κατὰ

53 1409 150 1460 τοὺς
166 1409 317 1462 ὕπνους
334 1409 612 1466 ὖπομνησθεὶς
629 1409 788 1465 ὄψεως,
822 1408 984 1461 εἰκότως
1001 1407 1326 1467 προσεκύνησα.”
1395 1414 1529 1451 ταῦτα

55 1479 178 1522 εἰπὼν
210 1481 279 1522 καὶ
312 1479 384 1523 τὸν
413 1480 602 1537 ἀρχιερέα
633 1477 946 1534 δεξιωσάμενος,
987 1484 1070 1524 τῶν
1089 1479 1208 1534 ἱερῶν
1226 1478 1528 1534 παρεπομένων,

55 1549 112 1598 εἷς
140 1547 214 1604 τὴν
242 1547 361 1591 πόλιν
386 1546 664 1605 Ἰερουσαλὴμ
695 1550 971 1606 παραγίνεται.
1040 1548 1079 1590 οἵ
1103 1548 1148 1590 δὲ
1169 1553 1421 1604 γραμματεῖς
1450 1546 1525 1601 τὴν
1545 1555 1579 1590 1)

53 1619 199 1671 βίβλον
214 1621 290 1661 τοῦ
307 1618 469 1673 Δανιὴλ
489 1619 834 1675 προσκομίσαντες
852 1618 927 1672 τὴν
948 1617 1200 1674 προφητείαν
1219 1615 1330 1673 αὐτῷ
1353 1613 1530 1672 διηρμή-

0 1697 184 1739 Ξονευον,
209 1684 267 1737 ὦς
284 1688 367 1730 δεῖν
383 1687 474 1730 τινὰ
493 1691 574 1729 τῶν
593 1685 851 1730 Μακεδόνων
868 1686 942 1740 τὴν
960 1687 1171 1740 βασιλείαν
1189 1687 1367 1741 Περσῶν
1379 1682 1530 1741 χειρώ-

56 1760 229 1818 σασθαι.
297 1755 343 1807 ὃς
368 1757 432 1798 ε’πὶ
459 1755 590 1813 τούτῳ
621 1759 780 1810 μᾶλλον
802 1753 948 1810 ἡσθεὶς
971 1757 1038 1797 καὶ
1059 1753 1284 1812 περιχαρὴς
1304 1751 1529 1809 γενόμενος,

56 1827 125 1868 καὶ
143 1826 208 1868 ἐπὶ
224 1823 271 1868 τὸ
289 1824 396 1882 ἱερὸν
415 1822 615 1877 ἀνελθών,
647 1822 743 1868 θύει
764 1825 839 1879 μὲν
862 1828 922 1883 τῷ
944 1828 1032 1882 θεῷ
1053 1823 1158 1866 κατὰ
1187 1822 1261 1877 τὴν
1287 1826 1361 1864 τοῦ
1389 1823 1530 1879 ἀρχιε-

56 1895 160 1952 ρέως
183 1892 410 1954 ὗφῆγησιν,
472 1894 596 1939 αὐτὸν
624 1895 668 1937 δὲ
695 1894 764 1938 τὸν
792 1894 983 1952 ἀρχιερέα
1011 1895 1079 1937 καὶ
1106 1890 1262 1943 πάντας
1285 1890 1382 1942 τοὺς
1413 1891 1531 1949 ἱερεῖς

56 2069 187 2106 etenim
207 2069 379 2105 attonitus
400 2070 523 2106 habitu
546 2070 725 2117 pontificis
742 2070 930 2114 insolente,
958 2069 1054 2104 solus
1078 2079 1100 2102 a
1123 2077 1228 2102 curru
1250 2066 1444 2110 descendit,
1462 2077 1526 2100 no-

54 2128 205 2162 menque
227 2116 287 2151 dei
308 2117 493 2161 adoravit,
526 2117 797 2171 pontificemque
826 2117 1012 2152 maximum
1040 2114 1228 2158 salutavit,
1263 2114 1308 2147 ab
1341 2124 1456 2158 eoque
1490 2117 1530 2146 et.

56 2162 234 2198 universis
256 2163 398 2197 Iudaeis
418 2163 575 2197 vicissim
599 2171 654 2199 est
678 2176 749 2199 uno
772 2176 835 2199 ore
859 2163 1043 2198 salutatus.
1091 2172 1167 2195 cum
1192 2164 1308 2194 autem
1332 2158 1462 2203 Syriae
1486 2169 1530 2193 ac

56 2209 170 2245 ceteri
189 2220 294 2254 reges
317 2210 356 2244 id
377 2209 505 2244 factum
527 2210 747 2254 mirarentur,
770 2216 878 2256 atque
900 2215 1018 2244 mente
1040 2206 1274 2242 abalienatum
1291 2204 1529 2239 Alexandrum

55 2262 239 2303 putarent:
274 2266 318 2289 ac
349 2256 557 2300 praesertim
580 2257 766 2292 Parmenio
793 2257 968 2291 exercitus
995 2255 1120 2289 ductor
1151 2252 1339 2286 miraretur
1365 2250 1451 2296 quid
1474 2249 1530 2284 rei

56 2309 171 2346 esset,
205 2302 299 2347 quod
325 2301 439 2336 instar
470 2303 690 2338 subditorum
721 2302 870 2338 alicuius
896 2315 936 2337 se
956 2301 994 2335 in
1016 2306 1147 2335 terram
1167 2309 1232 2332 rex
1253 2295 1529 2343 prostravisset:

55 2348 241 2395 respondit
262 2348 484 2392 Alexander,
518 2349 610 2383 hunc
643 2361 684 2384 se
715 2350 883 2384 honorem
905 2360 975 2383 non
997 2345 1157 2392 pontifici
1180 2343 1368 2387 detulisse,
1405 2353 1527 2376 verum

54 2398 123 2431 deo
154 2406 258 2440 quem
287 2395 320 2429 is
350 2395 501 2437 coleret,
532 2407 574 2429 ac
606 2396 668 2440 qni
697 2395 768 2430 sibi
796 2395 961 2430 auxilium
994 2398 1117 2427 contra
1148 2391 1269 2424 hostes
1291 2388 1528 2434 promisisset.

55 2454 125 2488 qno
149 2442 243 2476 enim
267 2446 426 2487 tempore
448 2440 576 2476 bellum
599 2446 722 2476 eontra
742 2443 871 2477 Persas
890 2440 1097 2482 meditatus,
1121 2448 1241 2471 eorum
1263 2435 1439 2481 ingentem
1459 2445 1526 2479 po-

52 2488 202 2524 tentiam
226 2488 512 2531 reformidasset,
544 2488 645 2522 deum
669 2488 739 2522 sibi
762 2500 828 2534 per
849 2486 1058 2522 insomnium
1080 2482 1201 2528 specie
1224 2481 1327 2516 huius
1350 2480 1531 2528 pontificis

54 2537 189 2578 visum,
220 2535 314 2569 bono
338 2546 419 2569 esse
445 2534 560 2568 animo
591 2534 757 2579 iussisse,
789 2539 828 2569 et
850 2533 1014 2569 alacriter
1033 2529 1232 2564 institutum
1253 2527 1418 2573 exsequi:
1449 2537 1529 2560 nam

55 2594 120 2616 suo
142 2587 232 2615 nutu
251 2581 439 2616 Persarum
462 2591 606 2625 regnum
628 2580 666 2615 in
687 2580 803 2626 ipsum
818 2579 1053 2615 Alexandrum
1076 2575 1283 2610 desiturum.
1316 2573 1438 2618 itaque
1455 2571 1528 2606 sibi

54 2627 224 2674 pontifice
254 2627 294 2662 in
324 2627 391 2662 hoc
417 2627 540 2661 habitu
563 2632 773 2673 conspecto,
806 2626 845 2661 in
871 2623 1071 2661 memoriam
1094 2621 1303 2656 insomnium
1325 2621 1529 2672 redactum:

56 2685 167 2719 seque
195 2674 290 2708 haud
311 2675 375 2708 abs
397 2686 439 2708 re
461 2674 644 2708 adorasse.
691 2673 779 2707 haee
800 2674 916 2716 fatus,
948 2671 1075 2705 dextra
1097 2678 1229 2703 summo
1251 2665 1412 2712 pontifici
1432 2665 1527 2699 ime-

58 2728 133 2764 cta,
167 2719 413 2755 comitantibus
437 2720 564 2755 ceteris
587 2719 829 2754 sacerdotibus
852 2715 1103 2760 Hierosolyma
1122 2712 1283 2748 intravit.
1330 2712 1381 2747 ibi
1403 2722 1526 2747 sacra-

56 2779 133 2802 rum
155 2766 335 2801 literarum
354 2766 517 2801 doctores
538 2764 642 2800 allato
666 2765 806 2800 Danieli
826 2765 933 2808 libro,
959 2762 1035 2796 eius
1052 2759 1257 2794 vaticinium
1275 2762 1525 2805 exposuerunt,

55 2825 127 2858 quo
150 2812 444 2859 praedicebatur,
479 2814 558 2847 fore
588 2818 629 2846 ut
649 2812 798 2846 Macedo
820 2812 1008 2845 Persarum
1039 2817 1186 2852 regnum
1216 2810 1408 2840 everteret.
1453 2813 1526 2848 qua

56 2872 101 2894 ex
123 2871 164 2894 re
185 2859 385 2894 Alexander
418 2871 495 2894 cnm
526 2859 703 2903 ingentem
734 2857 890 2903 cepisset
920 2853 1113 2896 laetitiam,
1145 2850 1311 2898 templum
1342 2851 1399 2886 dei
1422 2848 1525 2892 adiit,

147 2917 193 2940 ue
216 2917 291 2940 rem
312 2917 446 2941 sacram
470 2905 735 2952 praescribente
756 2903 874 2938 omnia
895 2900 1063 2947 pontifice
1084 2897 1232 2932 maximo
1253 2897 1353 2942 fecit,
1377 2906 1526 2941 eumque

57 2952 258 2997 pontificem
275 2964 319 2987 ac
337 2952 492 2999 reliquos
510 2963 630 2986 omnes
649 2951 852 2986 sacerdotes
870 2947 988 2993 dignis
1008 2944 1212 2980 muneribus
1232 2944 1396 2990 donavit,
1434 2948 1525 2977 tem-
