1742 3184
206 156 307 205 608
687 156 927 206 GEORGII
960 157 1209 206 GEDRENI

206 269 401 331 προσήκει
428 275 488 332 τῷ
513 277 682 328 βασιλεῖ
703 272 761 328 μὴ
783 270 959 316 ὗπείκειν
985 274 1062 316 τινὶ
1088 271 1117 329 ἢ
1143 270 1410 328 ὗποκεΐσθαι,
1444 275 1686 330 καὶμᾶλλον

207 341 306 386 ὅταν
330 347 404 386 τοῦ
425 347 559 386 κοινοῦ
582 342 824 400 ἀσύμφορον
844 336 920 400 ᾖ.”

346 416 420 470 Τῷ
445 411 482 454 α’
509 412 585 454 ἔτει
604 410 751 454 τούτου
775 411 942 466 σεισμὸς
970 411 1121 467 ἐγένετο
1152 411 1194 454 ἐν
1215 411 1436 472 Ἀντιοχείᾳ
1459 409 1515 463 ὥς
1541 412 1686 468 σχεδὸν

205 486 343 525 πᾶσαν
362 481 436 537 τὴν
451 479 569 524 πόλιν
590 487 841 524 καταπεσεῖν.
888 474 1006 531 οὗτος
1028 479 1050 524 ὃ
1070 481 1265 535 βασιλεὺς
1288 482 1407 542 Θρᾲξ
1423 476 1474 537 ἦν
1493 487 1550 539 τῷ
1568 483 1703 538 ydra,-

204 555 419 609 τριβοῦνος
436 550 510 605 τὴν
529 550 659 600 ἀξίαν.
729 551 912 608 ἐστέφθη
934 551 979 593 δὲ
996 548 1076 593 ὑπὸ
1093 550 1328 594 Ἀνατολίου
1346 549 1616 608 πατριάρχου.
1696 560 1719 597 5

342 622 501 663 Πασιῦν
523 621 567 662 δὲ
588 624 668 662 τῶν
689 625 763 675 τῆς
786 620 1023 675 οἰκουμένης
1043 622 1262 676 ἐκκλησιῶν
1288 620 1362 676 τὴν
1385 622 1427 663 ἐν
1445 619 1687 675 Χαλκηδόνι

205 688 377 732 σύνοδον
402 690 726 743 ἀποδεξαμένων,
775 687 796 731 ὃ
825 689 975 746 μιαρὸς
998 688 1208 744 Τιμόθεος
1237 688 1258 733 ὅ
1288 691 1453 745 ἐπίκλην
1476 690 1688 747 Αἴλουρος

204 759 279 814 τὴν
307 760 603 815 Ἀλεξανδρέων
634 758 752 802 πόλιν
782 758 995 816 ἐτάρασσε.
1065 761 1289 819 μαγγανεία
1323 760 1402 817 γὰρ
1430 758 1689 817 χρησάμενος

207 828 351 879 νυκτὸς
379 829 420 870 ἐν
450 835 535 878 τοῖς
568 830 739 879 κελλίοις
771 833 853 871 τῶν
880 832 1073 883 μοναχῶν
1105 828 1365 887 περιήρχετο,
1413 829 1481 871 ἐπ’
1519 827 1688 882 ὀνόματι

153 911 183 946 Β
207 901 343 940 καλῶν
366 898 547 950 ἕκαστον,
584 902 665 940 τῶν
693 899 736 940 δὲ
758 897 1084 955 ἀποκρινομένων
1114 898 1244 955 ἔλεγεν
1273 896 1383 954 “ἐγὼ
1402 896 1570 954 ἄγγελός
1592 900 1686 952 εἶμι,
1701 906 1742 941 10

205 969 273 1009 καὶ
297 966 529 1022 ἀπεστάλην
554 969 676 1010 εἴπεῖν
706 972 829 1010 πᾶσιν
859 967 1085 1023 ἀποστῆναι
1116 972 1190 1021 τῆς
1216 969 1426 1018 κοινωνίας
1453 968 1687 1024 Προτερίου

207 1038 276 1079 καὶ
295 1041 375 1081 τῶν
397 1038 439 1079 ἐν
456 1035 709 1092 Χαλκηδόνι,
744 1035 956 1090 Τιμόθεον
976 1037 1021 1079 δὲ
1040 1036 1110 1079 τὸν
1124 1037 1337 1094 Αἴλουρον
1351 1038 1569 1079 ἐπίσκοπον
1584 1053 1688 1093 προ-

201 1107 470 1164 χειρίσασθαι
494 1106 841 1165 Ἀλεξανδρειάς.”
914 1109 1077 1162 πλῆθος
1106 1107 1149 1149 δὲ
1178 1105 1365 1149 ἀτάκτων
1394 1106 1554 1163 ἀνδρῶν
1582 1105 1690 1160 ὠνη-

208 1174 382 1230 σάμενος
423 1180 671 1232 τυραννικῶς
709 1181 783 1219 τοῦ
823 1173 981 1230 θρόνου
1018 1175 1323 1234 Ἀλεξανδρείας
1352 1173 1572 1233 ἐκράτησε·
1620 1176 1690 1217 καὶ

208 1246 498 1302 καθῃρημένος
517 1244 572 1288 ὢν
591 1243 671 1288 ὑπὸ
697 1243 769 1287 δύο
793 1245 1093 1302 καθῃρημένων
1105 1252 1410 1303 χειροτονεῖται,
1439 1245 1690 1303 χειροτονίας
1701 1252 1742 1289 1⁵

206 1332 252 1368 τε
281 1313 509 1364 ἐπισκόπων
538 1316 660 1358 ἐποίει
690 1313 998 1371 ἀχειροτόνητος
1023 1313 1092 1367 ὤν,
1128 1317 1195 1358 καὶ
1220 1316 1488 1370 βαπτίσματα
1519 1314 1690 1356 ἐπετέλει

205 1383 481 1441 πρεσβύτερος
497 1384 556 1438 μὴ
578 1383 655 1436 ὤν,
699 1386 765 1426 καὶ
783 1384 887 1438 μετὰ
906 1382 1053 1439 λύττης
1069 1384 1178 1434 τινὸς
1196 1384 1367 1438 ἀσχέτου
1389 1384 1463 1439 τὴν
1483 1382 1602 1439 ἁγίαν
1623 1400 1691 1426 τε-

204 1452 358 1511 τάρτην
393 1452 566 1496 σύνοδον
603 1453 756 1510 ὕβριζε.
827 1454 895 1495 καὶ
926 1453 996 1495 τὸν
1030 1451 1233 1511 μακάριον
1258 1454 1488 1511 Προτέρων
1523 1451 1689 1495 διδόντα

154 1536 185 1571 c
208 1522 334 1566 τόπον
354 1528 406 1580 τῇ
431 1523 532 1580 ὀργῇ
562 1528 621 1581 τῷ
651 1521 815 1580 μεγάλῳ
836 1520 1034 1580 σαββάτῳ
1058 1521 1333 1580 κατασφάττει
1353 1522 1456 1578 μεθ’
1481 1521 1628 1579 ἑτέρων
1644 1520 1691 1573 ἓξ

205 1598 287 1636 τῶν
305 1593 378 1636 σὺν
400 1593 533 1650 αὐτῷ·
570 1594 638 1635 καὶ
660 1593 765 1635 κατὰ
789 1596 925 1634 πᾶσαν
948 1592 1022 1647 τὴν
1041 1591 1160 1635 πόλιν
1184 1590 1379 1648 σύραντες
1398 1592 1445 1635 τὸ
1468 1596 1588 1646 σῶμα
1612 1591 1742 1636 cab-20

203 1667 278 1706 τοῦ
307 1664 405 1720 πυρὶ
433 1663 702 1705 κατέκαυσαν.
771 1659 902 1720 τούτῳ
934 1666 994 1719 τῷ
1025 1661 1101 1705 ἔτει
1131 1662 1287 1717 ἠνέχθη
1318 1662 1367 1704 τὸ
1395 1662 1591 1716 λείψανον
1616 1665 1690 1715 τῆς

1059 1736 1078 1744 u

205 1730 324 1788 ἁγίας
352 1730 563 1789 μάρτυρος
586 1732 856 1781 Ἀναστασιάς
889 1730 968 1772 ἀπὸ
1003 1748 1076 1772 του
1094 1733 1284 1789 Σιρμίου,
1319 1732 1387 1773 καὶ
1415 1731 1615 1786 κατετέθη
1648 1731 1691 1773 ἐν

205 1806 263 1861 τῷ
283 1805 370 1862 ναῷ
394 1801 520 1856 αὐτῆς
539 1802 582 1844 ἐν
600 1807 684 1852 τοῖς
703 1801 912 1855 Δομνίνου
930 1798 1133 1854 ἐμβόλοις.

204 1930 316 1967 “sane
340 1932 406 1967 hoc
426 1943 565 1978 quoque
589 1932 837 1978 imperatorem
861 1933 982 1978 decet,
1016 1932 1148 1967 nemini
1171 1932 1300 1967 cedere
1318 1935 1380 1967 aut
1397 1931 1575 1968 subditum
1599 1943 1691 1977 esse,

206 1980 356 2015 maxime
379 1979 439 2013 ubi
462 1980 499 2014 id
523 1990 599 2013 cum
623 1979 676 2013 rei
701 1980 862 2025 publicae
886 1980 1104 2015 incommodo
1129 1976 1270 2014 fleret.”

300 2025 418 2060 Primo
453 2025 555 2060 huius
588 2037 679 2060 anno
706 2027 923 2061 Antiocheae
956 2031 1075 2061 terrae
1109 2032 1222 2060 motus
1253 2025 1344 2071 suit,
1377 2024 1438 2070 qui
1467 2028 1576 2059 totam
1598 2036 1691 2070 pene

208 2074 330 2107 urbem
355 2073 563 2118 prostravit.
613 2072 687 2106 Leo
711 2073 833 2107 Thrax
857 2085 988 2119 genere
1011 2073 1097 2118 fuit,
1130 2071 1321 2108 tribunicia
1352 2071 1539 2118 dignitate.
1587 2083 1691 2106 coro-

207 2120 309 2154 navit
332 2130 409 2153 eum
430 2118 615 2153 Anatolius
639 2119 855 2165 patriarcha.
1195 2131 1197 2133 ’

301 2166 388 2200 Cum
413 2171 528 2200 autem
553 2177 672 2200 omnes
696 2167 806 2201 totius
831 2166 928 2201 orbis
953 2166 1126 2201 ecclesiae
1149 2164 1297 2200 concilio
1323 2164 1603 2200 Chalcedonensi
1627 2164 1692 2199 ad-

206 2212 473 2258 stipularentur,
498 2224 586 2247 unus
609 2213 804 2248 scelerosus
828 2213 928 2248 homo
947 2213 1201 2248 Alexandream
1224 2212 1451 2246 conturbavit
1468 2212 1691 2256 Timotheus,

207 2265 439 2304 cognomento
463 2259 625 2294 Aelurus.
672 2259 703 2294 is
734 2260 879 2306 magicis
911 2260 1116 2306 imposturis
1151 2265 1253 2294 utens
1277 2258 1419 2293 cellulas
1445 2259 1692 2293 monachorum

205 2306 320 2341 obivit
345 2312 470 2350 noctu,
506 2305 709 2341 nominatim
741 2318 914 2352 quemque
949 2319 1094 2341 vocans.
1143 2306 1303 2351 quicum
1327 2305 1606 2350 responderent,
1639 2305 1692 2340 ita

200 2353 315 2387 dixit:
349 2349 440 2398 “ego
461 2364 536 2387 sum
560 2354 727 2398 angelus,
762 2354 799 2387 in
821 2354 888 2388 hoc
911 2352 1037 2388 missus
1063 2358 1102 2388 ut
1125 2363 1244 2387 omnes
1268 2352 1407 2386 iubeam
1430 2351 1609 2386 abstinere
1631 2363 1692 2386 so-

206 2400 338 2434 cietate
371 2399 528 2434 Proterii
561 2406 598 2434 et
627 2399 966 2434 chalcedonensium
998 2411 1136 2444 rerum,
1183 2398 1372 2433 Timotheo
1409 2404 1525 2432 autem
1561 2398 1691 2434 Aeluro

206 2446 449 2493 episcopatum
473 2445 747 2481 Alexandrinum
773 2443 951 2482 tradere.”
983 2458 1089 2492 porro
1115 2457 1191 2480 cum
1215 2452 1394 2479 catervam
1421 2444 1594 2480 hominum
1614 2450 1692 2479 tur-

204 2493 425 2527 bulentorum
449 2494 610 2528 mercede
633 2498 817 2539 parasset,
853 2505 919 2539 per
950 2493 1173 2538 tyrannidem
1206 2491 1295 2526 solio
1330 2491 1523 2537 episcopali
1557 2492 1692 2537 potitus

206 2546 274 2574 est.
302 2539 353 2574 ita
377 2539 439 2585 qui
461 2540 645 2574 damnatus
669 2546 758 2585 erat,
783 2552 805 2575 a
828 2540 965 2575 duobus
989 2538 1365 2583 damnatis-deligitur,
1391 2538 1539 2584 ipseque
1561 2539 1694 2573 suffra-

206 2586 276 2630 giis
310 2598 380 2620 non
412 2592 550 2620 oreatus
585 2587 730 2621 creandi
764 2587 922 2632 episcopi
954 2587 1009 2621 ius
1042 2586 1122 2621 aliis
1145 2584 1291 2627 tribuit3
1325 2584 1577 2630 baptizatque‚
1615 2596 1693 2620 cum

207 2634 399 2677 presbyter
422 2644 492 2667 non
518 2639 625 2668 esset.
656 2633 749 2667 idem
772 2634 871 2668 rabie
894 2634 1046 2678 quadam
1069 2632 1196 2667 effreni
1216 2642 1353 2666 sacrum
1376 2630 1561 2666 concilium
1583 2642 1693 2677 quar-

208 2684 279 2713 tum
304 2679 522 2714 contumeliis
547 2679 679 2724 affecit,
709 2686 745 2715 et
769 2680 968 2715 Proterium
991 2679 1067 2714 irae
1091 2679 1231 2714 divinae
1254 2678 1366 2712 locum
1389 2678 1571 2712 cedentem
1594 2689 1692 2712 cum-

206 2735 277 2770 que
309 2737 351 2759 eo
381 2737 445 2760 sex
476 2726 563 2760 alios
594 2738 720 2772 magno
751 2727 899 2761 sabbato
931 2726 1127 2761 interfecit.
1175 2724 1274 2759 cuius
1307 2735 1435 2771 corpus
1458 2723 1601 2759 factiosi
1624 2736 1692 2770 per

207 2775 316 2804 totam
347 2773 465 2807 urbem
495 2777 670 2818 raptatum
694 2776 974 2809 combusserunt.
1023 2772 1083 2807 illo
1107 2783 1197 2807 anno
1219 2770 1346 2806 allatae
1368 2776 1452 2806 sunt
1474 2770 1604 2806 Sirmio
1628 2783 1688 2805 re-

207 2815 340 2861 liquiae
372 2818 475 2853 divae
511 2820 677 2864 martyris
701 2820 930 2866 Anastasiae‚
964 2819 1073 2867 inque
1097 2819 1172 2855 eius
1196 2816 1326 2865 templo
1351 2817 1555 2865 depositae,
1593 2818 1688 2864 quod

210 2868 266 2898 eat
287 2863 381 2910 apud
403 2870 521 2902 rostra
541 2865 720 2903 Domnini.
