1742 3184
197 164 294 213 408
672 168 912 214 GEORGII
945 167 1191 213 CEDRENI

196 287 431 343 ἐβασίλευσε
467 289 543 343 τῆς
577 286 805 344 Περσίδος·
850 286 892 328 ἒν
927 288 987 344 τῷ
1017 281 1053 328 κ’
1091 282 1168 328 ἔτει
1197 288 1270 341 τῆς
1299 284 1510 340 βασιλείας
1539 282 1666 328 αὐτοῦ

196 359 374 412 Νεεμίας
401 356 588 401 ἀνελθὼν
614 356 688 411 τὴν
711 354 828 398 πόλιν
859 354 1096 410 ἀνέστησεν,
1131 353 1234 412 ἅπερ
1254 353 1468 412 δ’Έσδρας
1489 353 1668 412 ἀκριβῶς

195 425 292 482 ἡμῖν
315 426 549 483 διηγήσατο.
619 424 670 468 ἂν
685 425 819 468 τοίνυν
837 425 1023 468 ἐντεῦθεν
1044 421 1284 482 τετρακόσια
1304 420 1552 481 ὀγδοήκοντα
1573 424 1666 480 τρία

196 501 339 552 θιῦμεν
367 496 434 552 ἔτη
445 529 458 548 ,
492 494 641 551 ἥξομεν
660 492 821 544 πάντως
844 494 907 536 ἐπὶ
927 493 1000 548 τὴν
1023 493 1292 551 κατασκαφὴν
1313 490 1485 548 ταύτης,
1521 491 1577 543 ὥς
1599 493 1667 535 καὶ

192 564 395 622 Ἰώσηπος
414 561 537 615 αὖθις
556 569 761 622 μαρτυρεῖ
772 563 898 620 λέγων
925 560 1030 618 “rip
1052 563 1096 605 δὲ
1115 567 1187 619 τῆς
1205 561 1360 613 πόλεως
1381 565 1449 605 καὶ
1473 566 1547 605 τοῦ
1566 565 1699 604 ναοῦ5

195 635 399 692 ἐρήμωσιν
425 634 574 689 συνέβη
606 633 796 690 γενέσθαι
815 632 920 676 κατὰ
941 633 1017 688 τὴν
1037 632 1198 688 Δανιὴλ
1220 633 1492 690 προφητείαν,
1526 631 1606 689 πρὸ
1628 628 1667 674 υ’

196 707 263 748 καὶ
281 703 319 760 η’
341 705 554 761 γενομένην
574 703 716 746 ἓτῶν.”
775 702 844 745 διὰ
861 700 980 746 τοῦτό
1002 719 1139 759 φησιν,
1173 699 1544 757 οἰκοδομηθήσεται
1563 704 1670 743 πλα-

195 782 282 818 τεῖα
309 776 377 817 καὶ
402 774 637 831 περίτειχος.
705 773 868 815 ἐπειδὰν
889 766 960 814 οὖν
983 771 1138 829 ἀναστῇ
1158 772 1227 814 καὶ
1248 771 1294 814 τὸ
1317 773 1462 814 οἷκεῖον
1479 768 1668 827 ἀπολάβῃ

198 849 356 900 σχῆμα,
392 843 467 885 ἀπ’
504 843 654 885 ἐκείνου
686 841 761 892 τὰς
795 840 829 884 0'
865 839 1101 895 ἑβδομάδας
1131 841 1313 897 ἆρίθμει.
1381 839 1486 895 μετὰ
1519 840 1563 882 δὲ
1595 839 1670 889 τὰς

145 915 176 948 D
202 912 438 968 ἑβδομάδας
477 909 872 969 ἔξολοθρευθήσεται
905 911 1086 968 χρίσμα,
1121 912 1188 953 καὶ
1222 911 1347 967 κρίμα
1379 910 1453 952 οὐκ
1482 908 1594 952 ἔσται
1625 909 1667 951 ἓν
1681 911 1726 947 10

198 984 333 1041 αὐτῷ,
378 983 522 1032 καθώς
561 983 812 1039 προείρηται.
857 1028 859 1031 ,
881 980 984 1034 μετὰ
1026 980 1105 1037 γὰρ
1147 979 1222 1035 τὴν
1261 980 1572 1022 Οὐεσπασιανοῦ
1603 979 1671 1020 καὶ

200 1054 325 1095 Τίτου
347 1052 561 1107 γενομένην
587 1048 794 1108 ἐρήμωσιν
824 1051 888 1092 ἐπὶ
911 1049 1127 1107 Ἀδριανοῦ
1157 1046 1377 1099 συστάντες
1406 1048 1446 1091 οἳ
1470 1048 1671 1091 Ἰουδαῖοι

198 1119 446 1173 ἐσπούδαζον
464 1122 528 1164 ἐπὶ
545 1120 618 1175 τὴν
635 1119 835 1177 προτέραν
854 1120 1058 1162 πολιτείαν
1076 1119 1312 1162 ἐπανελθεῖν
1329 1118 1367 1160 οἱ
1383 1115 1552 1172 μάταιοι
1571 1121 1671 1159 θεο-

197 1195 434 1246 μαχοῦντες.
499 1187 799 1246 χειρωσάμενος
829 1188 880 1243 δὴ
913 1188 1061 1239 αὐτοὺς
1089 1186 1110 1230 ὃ
1137 1187 1332 1242 βασιλεὺς
1363 1188 1431 1229 καὶ
1454 1186 1528 1242 τὴν
1555 1184 1672 1229 πόλιν

199 1265 335 1303 πᾶσαν
362 1260 652 1316 καταστρέψας
680 1260 747 1300 καὶ
771 1258 823 1300 τὰ
848 1258 1024 1312 λείψανα
1047 1256 1251 1314 ἀφανίσας
1276 1253 1436 1308 πάντα,
1470 1258 1537 1300 καὶ
1564 1256 1669 1310 μετὰ
1684 1258 1727 1295 15

198 1334 328 1373 ταῦτα
361 1329 486 1385 αὐτὴν
519 1329 744 1385 ἀνεγείρας,
787 1328 940 1370 Αἰλίαν
968 1326 1095 1381 αὐτὴν
1128 1324 1428 1384 προσηγόρευσε
1460 1325 1565 1368 κατὰ
1598 1325 1673 1380 τὴν

201 1399 328 1442 αὐτοῦ
357 1399 600 1453 ἐπωνυμίαν.
670 1396 770 1439 ὅθεν
799 1395 819 1438 ὃ
846 1396 1030 1454 Χριστὸς
1058 1395 1161 1449 μετὰ
1179 1395 1384 1449 Ἀντίοχον
1406 1394 1475 1437 τὸν
1495 1395 1672 1451 ἐπιφανῆ

199 1466 543 1526 παραγενόμενος,
579 1468 647 1509 καὶ
664 1469 972 1523 προαναφωνιόν
990 1465 1063 1520 τὴν
1080 1464 1311 1519 μέλλουσαν
1328 1463 1497 1507 ἔσεσθαι
1517 1467 1672 1518 αἰχμα-

200 1539 375 1590 λωσίαν,
419 1539 487 1580 καὶ
521 1535 675 1586 δεικνὺς
705 1534 767 1578 ὅτι
800 1533 821 1577 ὃ
853 1534 1015 1589 Δανιὴλ
1045 1535 1135 1591 περὶ
1164 1534 1291 1589 αὐτῆς
1317 1540 1505 1590 προεῖπε,
1549 1534 1672 1590 φησίν

61 1608 88 1642 Ρ
111 1608 179 1645 233
195 1605 325 1649 αὅταν
351 1607 460 1662 ἴδητε
491 1606 537 1648 τὸ
564 1606 775 1661 βδέλυγμα
805 1608 878 1659 τῆς
910 1601 1169 1662 ἐρημώσεως,
1204 1602 1250 1645 τὸ
1275 1601 1402 1660 ῥηθὲν
1423 1602 1493 1644 διὰ
1511 1602 1730 1657 Δανιὴλ20

205 1674 442 1734 προφήτου,
475 1674 601 1724 ἑστώς
618 1676 659 1716 ἓν
676 1672 788 1732 τόπῳ
806 1671 929 1731 ἁγίῳ,
961 1671 982 1715 ὃ
999 1669 1283 1728 ἀναγινώσκων
1299 1671 1484 1714 refluo-'²
1535 1671 1673 1727 ἐπειδὴ

202 1746 281 1802 γὰρ
315 1744 422 1787 ἅπαν
451 1744 618 1787 εἴδωλον
646 1744 714 1785 καὶ
743 1746 825 1785 πᾶν
848 1739 1066 1796 ἕκτύπωμα
1087 1739 1312 1798 ἀνθρώπου
1328 1741 1541 1797 βδέλυγμα
1559 1740 1675 1799 παρὰ

185 1821 288 1865 -τοΐς
311 1814 532 1863 Ἰουδαίοις
561 1813 737 1855 ἐκαλεῖτο
748 1843 762 1863 ,
800 1812 1106 1867 αἷνιγματωδῶς
1131 1811 1338 1868 ἐμφαίνων
1360 1809 1431 1853 τὸν
1453 1809 1675 1868 ἀνδριάντα

206 1885 365 1936 ἐκεῖνον,
388 1881 492 1938 ὃμοῦ
507 1884 575 1926 καὶ
594 1879 689 1925 πότε
707 1882 774 1924 καὶ
792 1878 872 1923 ὑπὸ
892 1881 999 1931 τίνος
1017 1879 1129 1923 ἔσται
1146 1878 1172 1936 ἡ
1191 1880 1450 1935 αι’χμαλωσία
1467 1878 1676 1937 προανήγ-

203 2038 418 2073 Artaxerxes
439 2035 678 2081 Longimanus
699 2046 810 2081 regno
839 2033 984 2069 Persico
1012 2037 1067 2069 est
1090 2032 1236 2079 potitus.
1285 2031 1361 2067 eius
1382 2031 1485 2077 regni
1509 2043 1600 2067 anno
1619 2032 1676 2067 vi-

204 2084 337 2129 gesimo
361 2084 527 2119 Neemias
546 2084 728 2129 profectus
747 2083 867 2116 urbem
890 2081 1090 2126 reparavit3
1115 2080 1209 2125 quod
1232 2079 1366 2114 Esdras
1389 2078 1491 2113 nobis
1513 2084 1676 2114 accurate

205 2135 339 2165 narrat.
386 2130 468 2165 inde
489 2130 521 2164 si
543 2139 761 2164 numeremus
785 2139 895 2162 annos
918 2129 1006 2172 483,
1040 2138 1185 2172 prorsus
1216 2127 1261 2161 ad
1293 2125 1465 2161 excidium
1488 2126 1565 2160 eius
1591 2137 1675 2172 per-

203 2178 391 2222 tingemus.
439 2177 533 2211 sicut
561 2186 698 2210 rursum
731 2174 786 2209 his
817 2174 937 2208 verbis
969 2179 1120 2209 testatur
1151 2172 1343 2218 Iosephus:
1379 2171 1476 2206 urbis
1499 2179 1614 2206 autem
1639 2176 1676 2208 et

203 2223 326 2269 templi
349 2224 584 2259 vastationem
606 2221 795 2257 secundum
818 2220 1035 2255 Danielicum
1056 2220 1233 2255 oraculum
1255 2218 1400 2255 evenire
1423 2218 1572 2263 contigit
1592 2224 1676 2253 ante

204 2281 314 2304 annos
336 2269 419 2305 408.
464 2275 656 2315 propterea
675 2267 808 2313 inquit,
840 2267 1084 2302 aedificabitur
1108 2267 1226 2313 platea
1253 2270 1290 2301 et
1312 2276 1443 2300 murus.
1491 2276 1568 2299 cum
1588 2276 1675 2310 ergo

204 2317 340 2351 refecta
361 2316 471 2351 fuerit
491 2318 576 2351 urbs
593 2326 760 2359 suamque
785 2315 930 2348 formam
950 2313 1148 2359 receperit,
1182 2319 1265 2348 tunc
1287 2311 1405 2357 incipe
1424 2322 1607 2346 numerare
1630 2312 1677 2347 70

205 2363 436 2408 septimanas3
478 2362 604 2409 quibus
636 2361 766 2406 finitis,
801 2360 976 2395 delebitur
1008 2360 1126 2395 unctio
1152 2363 1190 2394 et
1223 2358 1376 2393 cessabit
1404 2357 1592 2402 iudicium,
1624 2356 1677 2392 uti

206 2409 304 2453 prius
325 2408 487 2444 diximus.
538 2409 714 2443 enimvero
738 2412 820 2454 post
842 2407 1016 2441 excidium
1037 2406 1153 2451 urbis,
1178 2406 1272 2451 quod
1292 2405 1511 2450 Vespasiano
1536 2409 1572 2443 et
1590 2403 1676 2438 Tito

207 2455 459 2500 imperantibus
483 2454 570 2499 fuit,
602 2454 755 2489 Adriano
780 2454 977 2498 imperante
999 2453 1122 2488 Iudaei
1146 2451 1283 2487 collecti
1302 2451 1404 2486 irrito
1429 2456 1552 2497 contra
1574 2450 1678 2485 deum

205 2506 333 2536 conatu
362 2502 521 2547 aggressi
542 2506 626 2536 sunt
646 2512 719 2536 rem
743 2499 914 2545 publicam
943 2500 1128 2546 pristinam
1154 2499 1365 2534 instaurare.
1413 2497 1476 2532 sed
1501 2497 1679 2531 Adrianus

209 2559 270 2581 eos
294 2548 397 2583 armis
421 2548 574 2592 domuit,
609 2549 803 2591 urbemque
828 2547 986 2582 funditus
1010 2547 1160 2590 evertit,
1198 2550 1234 2580 et
1263 2544 1433 2589 reliquias
1457 2543 1532 2578 eius
1556 2554 1676 2578 omnes

209 2593 384 2635 abolevit3
406 2594 579 2640 aliamque
604 2593 688 2628 inde
705 2593 757 2628 ibi
776 2594 897 2628 urbem
921 2594 1076 2628 condens
1101 2594 1146 2627 de
1169 2603 1233 2626 suo
1254 2591 1394 2626 nomine
1415 2590 1548 2625 Aeliam
1572 2589 1675 2623 dixit.

207 2638 327 2683 itaque
360 2641 522 2676 Christus
557 2645 637 2686 post
669 2640 834 2675 Antiochi
864 2645 1023 2685 tempora
1055 2639 1233 2674 exhibitus
1257 2642 1293 2672 et
1319 2638 1474 2672 futurum
1503 2635 1675 2670 excidium

210 2685 437 2730 praedicens,
473 2687 731 2732 ostendensque
759 2687 804 2721 de
834 2697 876 2720 eo
902 2686 1087 2721 Danielum
1110 2697 1189 2720 esse
1214 2683 1461 2727 vaticinatum,
1497 2682 1548 2717 ait
1574 2677 1674 2715 t‘cum

209 2730 378 2766 videbitis
402 2733 668 2768 abominandum
687 2733 865 2768 vastitatis
885 2732 1040 2778 signum,
1064 2734 1109 2767 de
1134 2743 1203 2777 quo
1225 2731 1392 2766 Danielus
1415 2734 1516 2764 vates
1539 2728 1675 2762 locutus

211 2781 284 2829 est,
310 2782 404 2811 stare
422 2778 459 2812 in
477 2779 553 2814 loco
572 2784 693 2814 sancto
705 2806 715 2824 ‚
739 2779 799 2825 qui
817 2778 926 2824 legit,
949 2780 1098 2814 animum
1116 2774 1318 2813 advertat.’'
1363 2776 1448 2822 quia
1464 2775 1555 2809 enim
1574 2785 1676 2809 omne

210 2821 427 2857 Slmulacrum
450 2830 487 2859 et
509 2826 646 2871 effigies
667 2826 816 2861 humana
840 2838 862 2861 a
882 2826 1024 2860 Iudaeis
1050 2824 1262 2861 abominatio
1285 2823 1433 2867 dicitur,
1468 2833 1533 2867 per
1555 2821 1673 2855 amba-

208 2879 271 2914 ges
293 2868 386 2904 illam
407 2874 557 2907 statuam
578 2873 748 2919 innuens,
770 2871 874 2909 simul
898 2878 935 2909 et
957 2872 1096 2919 quando
1121 2877 1159 2908 et
1178 2884 1201 2908 a.
1224 2882 1295 2918 quo
1317 2871 1404 2906 urbs
1423 2872 1520 2904 esset
1535 2867 1675 2903 exscin-
