1742 3184
197 147 298 195 336
542 192 544 194 ,
619 187 622 189 .
676 146 915 193 GEoRGn
949 146 1194 194 CEDRENI

196 264 367 321 ἐξῆλθεν
387 260 408 306 ὃ
431 260 617 322 φθόγγος
634 267 715 308 τῶν
737 264 854 322 ἱερῶν
871 261 1108 309 ἀποστόλων
1130 261 1257 308 αὐτοῦ
1276 263 1344 308 καὶ
1365 264 1422 316 εἷς
1438 265 1492 308 τὰ
1510 262 1666 324 πέρατα

194 338 268 391 τῆς
290 334 525 389 οἶκουμὲνης
542 333 594 377 τὰ
611 332 775 391 ῥήματα
797 333 944 377 αὐτῶν.
1004 334 1087 377 ἐπεὶ
1110 329 1181 378 οὖν
1197 333 1303 377 κατὰ
1319 334 1390 377 τὸν
1410 334 1551 391 καιρὸν
1571 339 1667 378 τοῦ·

194 421 265 448 τον
285 401 306 447 ὃ
325 402 425 455 θεὸς
443 403 518 457 τὴν
539 404 665 446 κτίσιν
685 400 1002 460 ἐδημιούργησε,
1042 405 1109 446 καὶ
1131 409 1338 461 μαρτυρεῖ
1348 407 1429 447 τῶν
1446 404 1622 461 δένδρων
1639 402 1666 459 ἦ

189 471 436 528 βλάστησις,
472 472 542 515 διὰ
571 476 690 515 τοῦτο
723 473 791 514 καὶ
818 471 889 515 τὸν
918 471 1084 528 Ἰσραὴλ
1113 472 1219 515 κατὰ
1250 473 1321 515 τὸν
1351 472 1493 529 καιρὸν
1523 476 1667 516 τοῦτον

190 541 450 599 ἠλευθέρωσε
470 545 546 596 τῆς
564 543 847 596 Αἰγυπτιακῆς
867 542 1074 593 δουλείας,
1108 543 1175 584 καὶ
1198 545 1250 599 τῇ
1266 542 1460 600 παρθένῳ
1479 543 1521 583 Γ
1517 541 1699 599 αβριὴλό

191 609 214 654 ὅ
239 610 486 668 ἀρχάγγελος
507 610 800 666 εὐηγγελίσατο.
870 608 1034 660 εἰκότως
1058 604 1130 653 οὖν
1156 610 1261 654 κατὰ
1280 610 1352 654 τὸν
1376 610 1500 653 αὐτὸν
1526 610 1668 669 καιρὸν

190 682 260 724 καὶ
274 680 458 739 Χριστὸς
475 676 659 734 ὑπέμεινε
677 679 723 722 τὸ
745 676 944 738 σωτήριον
964 677 1116 730 πάθος.

326 769 376 814 Ὅ
395 772 528 814 τοίνυν
543 774 729 823 Πιλᾶτος
746 772 850 826 μετὰ
869 771 943 827 τὴν
963 775 1038 815 τοῦ
1055 773 1244 829 Χριστοῦ
1262 767 1492 828 σταύρωσιν
1514 767 1670 821 εῗκόνας

139 841 171 877 D
195 845 270 884 τοῦ
287 842 499 898 Καίσαρος
518 843 574 892 εἷς
594 841 640 883 τὸ
666 840 772 898 ἱερὸν
791 839 949 899 νύκτωρ
973 841 1184 896 ἀνέθηκεν.
1252 838 1412 898 ὄρθρου
1437 840 1482 882 δὲ
1504 839 1670 896 γενομέ-

192 927 264 954 νου
287 910 325 952 oi
341 910 531 952 Ἰουδαῖοι
552 909 802 965 θεασάμενοι
828 914 1022 954 τοσοῦτον
1049 907 1340 969 ἐταράχθησαν
1361 908 1464 952 ὥστε
1484 911 1670 959 Πιλᾶτος
1682 920 1725 955 10

192 979 507 1035 ἔκδειματωθεῖς
526 980 705 1034 ἀλλαχοῦ
728 978 880 1030 ταύτας
898 980 1110 1036 μετέθηκε.
1181 979 1373 1037 Τιβέριος
1404 979 1449 1021 δὲ
1475 979 1566 1021 λίαν
1597 983 1670 1022 τοῦ

193 1050 353 1092 δικαίου
374 1050 597 1107 φροντίζων
617 1049 766 1107 ἔγραφε
785 1056 870 1100 τοῖς
888 1048 1058 1106 ἄρχουσι
1077 1053 1158 1092 τῶν
1176 1046 1345 1100 πόλεων,
1380 1045 1452 1090 ἐάν
1469 1064 1508 1090 τι
1529 1046 1669 1106 γράφῃ

192 1118 306 1176 παρὰ
328 1118 424 1169 τοὺς
441 1116 591 1173 νόμους
609 1117 878 1175 προστάσσων
893 1119 1100 1175 γίνεσθαι,
1134 1116 1193 1172 μὴ
1215 1117 1426 1174 προσέχειν
1447 1114 1503 1178 ὥς
1522 1117 1671 1173 ἠγνοη-

193 1186 294 1231 κότι.
342 1187 405 1230 διὸ
430 1189 495 1230 καὶ
514 1190 700 1239 Πιλᾶτος
719 1189 835 1239 εῗὸὠς
855 1187 982 1231 αὐτοῦ
1002 1187 1047 1230 τὸ
1068 1185 1297 1245 φιλάληθες
1315 1187 1382 1228 καὶ
1402 1187 1670 1242 φιλοδίκαιον,

192 1258 244 1301 τὰ
265 1255 456 1314 τεράστια
480 1259 669 1314 Χριστοῦ
691 1255 823 1300 πάντα
845 1258 913 1299 καὶ
936 1256 988 1299 τὰ
1018 1261 1090 1312 τῆς
1113 1255 1317 1310 εὐσεβείας
1344 1252 1671 1314 δόγματα·αὗτῷ
1683 1264 1725 1299 15

193 1327 252 1369 δι’
275 1328 468 1381 ἐπιτομῆς
484 1324 793 1370 ἀνεκοινώσατο.
823 1326 967 1378 καθὼς
986 1326 1142 1383 ἶστορεῖ
1155 1324 1428 1383 Τερτυλιανὸς
1445 1324 1487 1366 ἕν
1505 1329 1555 1382 τῇ
1569 1322 1671 1383 ὑπὲρ

189 1389 453 1453 Χριστιανῶν
482 1396 700 1456 ἀπολογίᾳ,
736 1398 802 1438 καὶ
836 1394 898 1439 ὅτι
924 1395 1029 1450 μετὰ
1060 1393 1244 1437 θάνατον
1273 1394 1466 1448 ἀνεβίωσε
1496 1396 1564 1436 καὶ
1589 1393 1671 1450 ἤδη

188 1464 303 1523 παρὰ
337 1468 438 1507 πᾶσι
465 1465 566 1516 θεὸς
596 1463 695 1508 εἶναι
717 1462 958 1508 πιστεύεται.
1027 1465 1094 1506 καὶ
1114 1462 1175 1508 ὅτι
1194 1464 1385 1521 Τιβέριος
1405 1464 1674 1518 καταπλαγεὶς

41 1539 74 1574 P
100 1539 167 1577 192
190 1532 398 1590 ἀνήγγειλε
420 1532 554 1577 πάντα
576 1539 628 1592 τῇ
646 1533 872 1593 συγκλήτῳ.
940 1532 967 1589 ἦ
990 1534 1034 1576 δὲ
1060 1533 1108 1576 οὗ
1138 1531 1399 1589 προσήκατο,
1433 1536 1672 1589 πειθαρχεῖν

189 1601 302 1662 νόμῳ
325 1607 488 1660 παλαιῷ
508 1604 704 1659 λέγουσα,
731 1603 789 1658 μὴ
808 1601 1004 1661 πρότερον
1022 1603 1272 1657 θεοποιῆσαί
1286 1618 1390 1653 τινα,
1417 1602 1453 1642 εἲ
1463 1599 1522 1655 μὴ
1534 1599 1728 1660 ψήφῳὲθ

190 1674 258 1716 καὶ
289 1670 463 1727 δόγματι
494 1671 596 1729 παρ’
634 1672 772 1722 αὐτοῖς
804 1672 979 1729 κριθείη.
1049 1669 1071 1713 ὁ
1103 1671 1148 1714 δὲ
1175 1670 1245 1713 τὸν
1272 1671 1347 1725 μὲν
1374 1667 1500 1724 νόμον
1526 1673 1672 1713 τοῦτον

191 1741 377 1794 ἐδέξατο,
422 1740 602 1784 ἐκέλευσε
627 1741 671 1784 δὲ
696 1741 853 1797 μηδένα
875 1741 1100 1796 ἐμποδίζειν
1122 1743 1180 1800 τῷ
1200 1742 1388 1798 Χριστοῦ
1417 1736 1671 1798 κηρύγματι·

192 1940 431 1988 apostolorum
454 1940 492 1976 in
511 1941 711 1977 universam
729 1944 859 1977 terram
879 1939 1011 1985 exiret,
1035 1952 1077 1975 ac
1101 1951 1216 1975 sermo
1239 1950 1357 1975 eorum
1376 1940 1422 1975 ad
1447 1939 1536 1976 fines
1559 1952 1673 1987 usque

194 1988 291 2024 orbis
323 1988 555 2033 pertingeret.
604 1988 768 2034 quoniam
792 2000 876 2033 ergo
904 1999 945 2022 eo
969 1986 1137 2033 temporis
1161 1986 1308 2021 articulo
1328 1987 1492 2022 mundum
1515 1988 1673 2024 fabrica-

194 2036 262 2071 tus'
275 2040 331 2069 est
354 2036 463 2080 deus,
496 2034 553 2069 cui
576 2035 631 2069 rei
652 2035 887 2070 testimonium
912 2034 1058 2068 arbores
1082 2039 1165 2068 tunc
1186 2034 1354 2068 florentes
1376 2033 1566 2079 exhibent,
1589 2034 1672 2070 ideo

193 2081 316 2116 eodem
340 2086 500 2127 tempore
521 2081 690 2116 Israelum
713 2093 853 2128 quoque
877 2079 1098 2126 Aegyptiace
1122 2079 1296 2114 servitute
1319 2079 1499 2124 liberavit,
1523 2080 1672 2116 laetum-

193 2139 263 2174 que
287 2132 368 2174 post
392 2128 550 2163 nuntium
579 2127 767 2162 Gabrielus
799 2127 1001 2172 angelorum
1034 2126 1199 2172 princeps
1221 2125 1358 2161 Mariae
1382 2126 1514 2161 attulit.
1562 2138 1673 2173 quare

193 2176 469 2210 consentaneum
489 2180 566 2210 erat
588 2175 711 2210 eodem
735 2174 840 2210 etiam
858 2179 1018 2219 tempore
1037 2173 1217 2208 Christum
1236 2172 1339 2208 nobis
1358 2172 1513 2208 salutare
1535 2173 1673 2221 suppli-

194 2221 285 2255 cium
308 2221 421 2255 luere.

285 2290 453 2325 Ceterum
474 2288 612 2324 Pilatus
635 2288 777 2324 Christo
802 2287 991 2333 crucifixo,
1016 2291 1142 2335 postea
1165 2292 1273 2324 noctu
1295 2287 1334 2322 in
1355 2287 1522 2334 templum
1543 2288 1672 2334 imagi-

193 2347 257 2371 nes
282 2337 450 2371 Caesaris
473 2336 612 2378 intulit3
641 2336 735 2381 quod
758 2347 835 2370 cum
858 2334 972 2380 prima
992 2335 1071 2370 luce
1094 2335 1217 2370 Iudaei
1243 2334 1436 2378 vidissent,
1468 2339 1588 2370 tantus
1609 2347 1671 2370 eo-

193 2394 270 2417 rum
294 2383 363 2417 fuit
385 2388 500 2418 motus
525 2389 565 2418 ut
586 2382 720 2417 Pilatus
739 2381 883 2417 territus
908 2381 977 2416 alio
1003 2393 1062 2416 eas
1087 2381 1322 2417 transtulerit.
1371 2380 1541 2416 Tiberius
1565 2393 1673 2427 porro

194 2428 352 2464 iustitiae
382 2428 711 2465 observantissimus
743 2427 933 2475 praefectis
963 2428 1100 2462 urbium
1122 2428 1237 2463 missis
1261 2426 1375 2462 literis
1399 2427 1598 2473 mandavit,
1634 2432 1676 2463 ut

191 2475 223 2509 si
247 2475 331 2520 quid
355 2476 515 2511 scribens
539 2477 616 2521 ipse
644 2480 767 2510 contra
790 2474 887 2520 leges
912 2474 991 2508 fieri
1013 2474 1165 2520 iuberet,
1190 2486 1235 2509 ne
1258 2479 1330 2508 tum
1354 2472 1426 2508 sibi
1448 2474 1673 2520 obtempera-

190 2528 272 2555 rent
295 2520 427 2567 quippe
450 2522 675 2568 ignoratione
698 2522 811 2576 lapso.
859 2520 981 2566 itaque
1003 2520 1160 2566 Pilatus,
1192 2519 1249 2555 cui
1273 2519 1498 2566 imperatoris
1521 2520 1674 2555 studium

190 2567 354 2601 veritatis
388 2574 425 2602 et
456 2569 615 2604 iustitiae
639 2574 816 2613 cognitum
840 2572 938 2612 erat,
974 2566 1139 2601 miracula
1162 2566 1299 2602 Christi
1320 2565 1437 2600 omnia
1459 2566 1606 2621 eiusque
1628 2566 1675 2602 de

191 2613 365 2657 religione
387 2615 582 2650 doctrinam
606 2614 812 2659 compendio
837 2614 883 2648 ad
907 2624 983 2648 eum
1005 2613 1236 2660 perscripsit,
1261 2617 1302 2647 ut
1323 2617 1447 2647 auctor
1470 2617 1526 2648 est
1547 2625 1587 2648 m
1607 2613 1674 2648 de·-

192 2659 354 2693 fensione
377 2661 658 2696 Christianorum
677 2659 932 2696 Tertullianus.
981 2660 1154 2705 simulque
1176 2658 1349 2694 indicavit
1369 2670 1448 2693 eum
1468 2665 1582 2694 morte
1605 2660 1672 2694 ob-

192 2704 245 2738 ita
268 2705 442 2741 revixisse
470 2713 508 2742 et
532 2709 577 2742 ab
597 2708 757 2743 omnibus
779 2706 848 2741 iam
872 2718 937 2751 pro
963 2707 1030 2741 deo
1054 2706 1191 2741 haberi.
1241 2704 1412 2739 Tiberius
1435 2706 1605 2741 attonitus
1629 2717 1673 2740 eo

194 2750 316 2784 nuntio
340 2756 448 2786 totam
474 2765 547 2788 rem
579 2755 624 2789 ad
642 2760 802 2789 senatum
822 2752 972 2789 rettulit.
1023 2758 1167 2787 senatus
1188 2751 1262 2797 legi
1285 2763 1325 2786 se
1344 2751 1512 2798 antiquae
1536 2753 1672 2786 obtem-

194 2807 322 2841 perare
344 2798 462 2843 potius
486 2800 596 2845 dixit,
632 2800 693 2847 qui
717 2800 787 2835 nisi
811 2811 855 2834 ex
876 2799 917 2833 S.
942 2799 986 2835 C.
1010 2811 1081 2834 non
1103 2798 1263 2854 patiatur
1284 2809 1491 2844 quemquam
1513 2809 1579 2843 pro
1604 2799 1672 2832 deo

195 2842 332 2878 haberi.
379 2843 570 2891 imperator
596 2859 640 2884 ea
661 2847 741 2893 lege
764 2846 981 2894 approbata,
1017 2845 1131 2882 edixit
1147 2852 1264 2882 tamen
1285 2856 1331 2880 ne
1349 2845 1429 2890 quis
1445 2844 1673 2892 praeconium
