1742 3184
210 173 277 229 47
282 175 312 223 2
594 210 596 213 .
693 174 937 224 GEORGII
966 173 1213 221 GEDRENI

353 293 428 351 Τῷ
443 286 480 335 κ’
499 287 577 335 ἴτει
597 294 672 349 τῆς
690 289 816 335 αῧτοῦ
834 286 1048 345 βασιλείας
1067 287 1364 345 Διοκλητιανὸς
1377 290 1446 334 καὶ
1464 292 1685 348 Μαξιμιαψ

159 371 190 406 Β
214 359 282 413 νὸς
301 359 572 419 ὂἛρκούλιος
587 362 630 414 ἐξ
649 359 843 411 ἀπονοίας
855 359 897 401 ἓν
913 362 991 419 μιᾷ
1007 356 1141 419 ἡμέρᾳ
1158 358 1233 415 τὴν
1249 360 1459 414 βασιλείαν
1473 360 1699 415 ἀπέθεντο,

210 429 535 486 καταστήσαντες
555 429 647 474 ἀντ’
672 430 807 473 αὐτῶν
825 432 1008 484 βασιλεῖς
1028 432 1101 484 τῆς
1117 428 1191 484 μὲν
1213 426 1318 488 ἑῴας
1336 429 1378 470 Γ
1374 430 1560 486 αλλέριον
1578 433 1686 474 Μα-

208 503 394 556 ξιμιανόν
412 499 484 544 τὸν
501 500 803 555 Διοκλητιανοῦ
820 496 1021 556 γαμβρόν,
1056 502 1138 541 τῶν
1167 496 1362 555 ἑσπερίων
1394 499 1440 542 δέ
1465 499 1687 544 Κωνστάν-

211 587 298 613 τιον
317 569 388 612 τὸν
403 567 638 628 Ἔρκουλίου
655 565 857 626 γαμβρόν.
917 568 986 610 καὶ
1006 564 1027 610 ὃ
1046 568 1121 622 μὲν
1138 567 1432 623 Διοκλητιανὸς
1452 568 1719 621 ἶδιωτεύσας5

213 637 282 695 ἔτη
307 638 362 694 ιβ’
383 642 456 694 τῆς
475 636 662 695 γλώσσης
683 638 809 681 αὐτοῦ
832 637 1026 692 σαπείσης
1045 636 1149 692 μετὰ
1166 641 1240 680 τοῦ
1260 634 1469 695 φάρυγγος
1491 640 1558 681 καὶ
1581 642 1689 694 πλῆ-

212 712 294 759 θος
312 707 532 764 σκωλήκων
547 705 841 765 ἀναβρασοὶσης
854 705 901 749 τὸ
921 710 1079 761 πνεῦμα
1094 706 1328 764 ἀπέρρηξεν,
1355 704 1377 748 ὅ
1397 706 1443 750 δὲ
1456 705 1691 764 Ἑρκούλιος

212 777 287 832 τὴν
307 778 517 832 βασιλείαν
541 777 826 832 ἀναλαβέσθαι
845 777 1069 832 βουληθεὶς
1084 778 1152 819 καὶ
1172 775 1232 831 μὴ
1252 775 1449 831 ἐπιτυχών
1467 775 1699 834 ἀπήγξατο.

213 846 235 890 ὃ
259 847 303 890 δὲ
320 849 363 889 Γ
359 846 544 904 αλλέριος
564 844 909 905 σκωληκόβρωτος
928 845 1100 902 γεγονὼς
1118 845 1322 900 ἐξέψυξεν.

340 914 391 959 ‘0
408 916 453 958 δὲ
472 914 758 967 Κωνστάντιος
778 916 870 958 λίαν
889 914 1051 973 ἀγαθὸς
1069 913 1126 958 ὢν
1143 916 1212 958 καὶ
1231 913 1402 968 εὐσεβὴς
1421 915 1488 957 καὶ
1509 914 1579 957 τὸν
1599 915 1689 957 υἱὸν
1702 926 1742 965 10

210 987 519 1030 Κωνσταντῖνον
540 984 691 1040 ὁμοίως
708 987 945 1038 ἐπαίδευσε,
992 986 1061 1027 καὶ
1081 989 1139 1043 τῷ
1161 983 1263 1027 καθ’
1286 982 1404 1038 ἡμῶν
1425 986 1594 1042 διωγμῷ
1617 983 1691 1027 οὗ·

212 1055 355 1109 δαμῶς
375 1053 648 1111 ἐκοινώνησεν,
683 1054 791 1098 ἀλλὰ
810 1056 878 1097 καὶ
898 1055 996 1105 τοὺς
1014 1052 1087 1096 ὑπ’
1113 1053 1236 1097 αὐτὸν
1257 1054 1539 1111 χριστιανίζειν
1561 1055 1692 1104 ἀδεῶς

157 1132 189 1166 C
214 1125 281 1166 καὶ
306 1122 525 1175 ἀκωλύτως
545 1124 746 1183 ἐπέτρεπε.
812 1127 981 1183 τελευτᾷ
1001 1124 1046 1166 δὲ
1066 1123 1108 1166 ἓν
1126 1123 1392 1180 Βρεττανιάις
1401 1154 1416 1174 ,
1443 1122 1692 1177 βασιλεύσας

212 1192 280 1248 ἔτη
303 1191 393 1236 δύο.
462 1195 629 1250 Καῖσαρ
662 1194 706 1237 δὲ
739 1188 789 1249 ἦν
820 1192 889 1248 ἔτη
920 1192 985 1249 ιγ’.
1055 1191 1100 1243 ὃς
1132 1192 1335 1248 ἐγέννησεν
1366 1193 1410 1243 ἐξ
1433 1189 1597 1247 Ἑλένης
1617 1197 1693 1248 τῆς

212 1260 378 1319 πρώτης
405 1261 534 1306 αὐτοῦ
562 1263 752 1320 γυναικὸς
773 1264 1082 1306 Κωνσταντΐνον
1104 1261 1175 1304 τὸν
1203 1262 1332 1317 μέγαν
1349 1262 1416 1303 καὶ
1436 1255 1564 1317 ἱῖγιον,
1600 1263 1691 1319 περὶ
1704 1272 1742 1309 15

211 1331 285 1388 τῂν
305 1337 377 1387 τῆς
393 1332 558 1384 Δακίας
579 1330 716 1375 πόλιν·
753 1330 799 1374 ὃν
821 1333 889 1374 καὶ
920 1329 1154 1388 ἀναγορεύει
1184 1330 1278 1373 ἀντ’
1310 1330 1437 1373 αὐτοῦ
1457 1331 1631 1384 βασιλέα
1650 1331 1693 1374 ἔν

204 1399 342 1459 Ῥώμῃ
363 1401 430 1444 ἐπ’
457 1400 578 1459 ὄψεσι
600 1401 752 1452 παντὸς
771 1405 843 1445 τοῦ
866 1404 984 1454 λαοῦ,
1017 1399 1237 1458 περιόντων
1255 1401 1323 1442 καὶ
1343 1403 1424 1442 τῶν
1444 1403 1597 1442 λοιπῶν
1615 1400 1694 1443 αὗ-

209 1475 283 1513 τοῦ
302 1472 475 1524 παίδων,
510 1472 799 1515 Κωνσταντιόυ
828 1472 935 1529 φημὶ
956 1474 1030 1513 τοῦ
1053 1469 1208 1527 πατρὸς
1232 1469 1456 1512 Ἰουλιανοῦ
1483 1471 1552 1512 καὶ
1580 1471 1621 1511 Γ
1618 1473 1707 1511 αλ-4

211 1544 286 1583 λοῦ
305 1544 379 1583 τοῦ
400 1542 469 1583 καὶ
489 1539 742 1595 Δαλμάτου·
779 1541 881 1594 μεθ’
904 1534 959 1582 ὧν
980 1540 1048 1582 καὶ
1069 1539 1282 1596 θυγατέρα
1303 1536 1382 1593 εἶχε
1407 1539 1694 1582 Κωνσταντιάν

210 1608 285 1664 τὴν
304 1610 521 1653 Λικιννίου
547 1608 740 1666 γαμετήν,
787 1610 830 1652 ἐκ
863 1607 1084 1666 Θεοδώρας
1113 1613 1187 1663 τῆς
1213 1606 1424 1665 θυγατρὸς
1454 1605 1742 1665 ἙρκουλιόυΞῦ

209 1683 487 1734 γεννηθεῖσαν.
556 1673 674 1729 οὗτος
690 1680 736 1721 δὲ
752 1676 774 1720 ὅ
796 1675 1081 1729 Κωνστάντιος
1101 1675 1122 1719 ὃ
1141 1681 1213 1720 τοῦ
1231 1674 1409 1732 μεγάλου
1429 1678 1694 1721 Κωνσταντί-

210 1764 284 1790 νου
302 1746 438 1805 πατὴρ
461 1749 740 1804 θυγατριδοῦς
757 1741 808 1803 ἦν
827 1747 1040 1791 Κλαυδίου
1062 1750 1136 1789 τοῦ
1155 1746 1370 1800 βασιλέως.

153 1814 194 1853 -D
345 1811 430 1858 3Ην
458 1817 503 1859 δὲ
528 1821 579 1874 τῇ
608 1816 697 1876 ἰδέᾳ
728 1814 750 1858 ὃ
773 1815 901 1872 μέγας
923 1817 1231 1866 Κωνσταντῖνος
1252 1816 1446 1870 μεσῆλιξ,
1483 1811 1696 1871 εὐρύτερος

215 1885 312 1936 τοὺς
337 1883 476 1940 ὤμους
506 1887 575 1928 καὶ
603 1884 736 1940 παχὺς
764 1885 835 1927 τὸν
867 1884 1017 1940 αὐχένα
1027 1916 1042 1937 ,
1078 1883 1178 1927 ὅθεν
1211 1886 1279 1927 καὶ
1313 1887 1537 1941 Τραχηλᾶν
1572 1883 1697 1927 αὐτὸν

307 1993 408 2029 Anno
432 1993 605 2040 vigesimo
626 1992 871 2029 Diocletianus
894 1996 933 2030 et
953 1992 1151 2029 Herculeus
1175 1992 1365 2029 vaecordia
1387 1991 1528 2040 impulsi
1550 2004 1620 2028 una
1637 1993 1697 2027 die

213 2039 363 2086 imperio
388 2052 427 2076 se
451 2041 678 2085 abdicarunt,
713 2052 778 2075 suo
800 2040 878 2075 loco
901 2040 1085 2086 imperium
1109 2040 1268 2075 Orientis
1302 2038 1458 2075 Gallerio
1482 2039 1696 2075 Diocletiani

213 2098 369 2132 genero,
405 2087 612 2124 Occidentis
636 2087 846 2123 Constantio
870 2087 1039 2122 Herculei
1065 2098 1197 2132 genero
1220 2087 1441 2122 mandantes.
1488 2098 1530 2121 ac
1552 2086 1695 2121 Diocle-

213 2133 332 2168 tianus
355 2133 496 2179 quidem
517 2145 594 2169 cum
617 2134 777 2180 privatus
798 2145 908 2169 annos
932 2133 1115 2168 duodecim
1133 2134 1295 2179 vixisset,
1319 2133 1441 2179 lingua
1463 2132 1499 2167 ei
1521 2137 1558 2167 et
1580 2132 1697 2167 fauci-

215 2180 282 2214 bus
307 2180 539 2226 putrefactis,
575 2192 653 2215 cum
684 2191 842 2225 magnam
873 2180 945 2215 vim
975 2180 1145 2215 vermium
1176 2180 1364 2225 eiecisset,
1397 2179 1592 2214 exstinctus
1627 2183 1696 2214 est.

215 2225 414 2262 Herculeus
442 2226 627 2273 imperium
650 2238 863 2272 recuperare
891 2238 1098 2272 aggressus,
1133 2227 1281 2262 cadente
1310 2227 1355 2261 ad
1385 2225 1523 2260 irritum
1556 2231 1696 2271 conatu,

217 2273 410 2318 suspendio
433 2274 543 2308 vitam
564 2273 671 2309 finiit.
718 2273 896 2309 Gallerius
919 2285 940 2308 a
963 2274 1142 2309 vermibus
1164 2284 1328 2309 corrosus
1351 2272 1454 2307 obiit.

309 2319 540 2356 Constantius
570 2325 684 2355 autem
715 2332 792 2357 cum
825 2320 882 2354 vir
913 2324 1009 2356 esset
1043 2319 1194 2366 optimus
1217 2324 1323 2365 atque
1345 2319 1544 2365 piissimus,
1571 2316 1698 2352 iisdem

217 2364 353 2400 artibus
382 2366 492 2401 filium
516 2367 785 2402 Constantinum
816 2365 954 2402 imbuit.
1001 2377 1175 2412 nunquam
1204 2366 1324 2401 fuerat
1347 2365 1464 2400 socius
1489 2362 1629 2399 consilii
1652 2365 1699 2398 de

219 2411 390 2447 vexandis
413 2413 638 2457 christianis,
663 2413 725 2448 sed
749 2418 787 2448 et
808 2424 889 2447 suos
909 2413 1068 2448 subditos
1093 2418 1218 2458 aperte
1241 2424 1283 2447 ac
1304 2411 1417 2446 libere
1440 2414 1594 2444 nostram
1612 2409 1699 2444 reli-

218 2457 359 2502 gionem
391 2459 508 2494 colere
534 2471 659 2507 passus
691 2464 759 2494 est.
808 2464 963 2494 mortuus
999 2464 1055 2494 est
1086 2459 1123 2493 in
1151 2458 1358 2502 Britannia,
1389 2468 1464 2492 cum
1490 2455 1700 2502 imperasset

220 2504 421 2550 biennium,
445 2506 581 2541 Caesar
603 2505 733 2541 fuisset
756 2517 865 2541 annos
892 2506 949 2541 13.
996 2505 1056 2540 Ex
1078 2504 1234 2550 Helena,
1258 2504 1370 2552 prima
1392 2515 1456 2538 sua
1479 2514 1609 2547 uxore,
1633 2514 1698 2547 ge-

221 2550 298 2584 nuit
315 2552 603 2597 Constantinum,
637 2552 699 2598 qui
721 2563 866 2598 magnus
889 2556 944 2586 est
966 2551 1253 2597 cognominatus,
1282 2550 1374 2597 apud
1397 2551 1518 2585 urbem
1541 2549 1699 2591 Daciae;

223 2607 371 2642 eumque
391 2599 524 2634 Romae
548 2610 664 2634 coram
688 2600 854 2634 universo
877 2598 1006 2645 populo
1030 2610 1093 2633 suo
1115 2598 1192 2633 loco
1217 2598 1463 2643 imperatorem
1485 2595 1698 2640 designavit,

197 2677 202 2681 .
222 2653 300 2676 cum
324 2650 552 2689 superessent
577 2645 684 2681 etiam
711 2644 841 2691 reliqui
866 2644 943 2679 eius
968 2644 1053 2689 filii,
1097 2644 1326 2679 Constantius
1350 2642 1490 2688 inquam
1516 2648 1617 2688 pater
1637 2642 1698 2675 lu-

225 2686 323 2741 liani,
349 2701 390 2724 ac
414 2692 558 2735 Gallus,
584 2692 646 2737 qui
669 2697 706 2727 et
726 2691 907 2735 Dalmata,
930 2690 1079 2727 iunioris
1101 2691 1281 2726 Dalmatae
1301 2694 1417 2770 {laten
1464 2689 1618 2723 habebat
1642 2692 1698 2721 et-

226 2743 295 2768 lam
317 2735 423 2770 filiam
447 2738 701 2782 Constantiam,
724 2750 816 2784 quae
832 2736 963 2772 Licinii
985 2749 1075 2772 uxor
1096 2737 1176 2781 fuit,
1196 2741 1280 2771 nata
1339 2734 1461 2769 erculii
1479 2734 1554 2770 filia
1572 2734 1696 2769 Theo-

227 2779 328 2815 dora.
373 2782 452 2826 ipse
474 2789 576 2829 pater
598 2784 714 2830 magni
737 2784 810 2819 filia
832 2783 974 2819 Claudii
998 2782 1222 2830 imperatoris
1245 2787 1346 2817 natus
1371 2781 1453 2816 fuit.

319 2826 571 2865 Constantinus
595 2842 740 2876 magnus
763 2835 900 2866 statura
918 2831 988 2865 fuit
1010 2830 1198 2874 mediocri,
1231 2828 1323 2863 latus
1341 2828 1522 2872 humeros,
1556 2825 1699 2861 cervice

228 2882 370 2916 crassa3
402 2875 494 2910 unde
518 2881 555 2911 et
575 2878 794 2913 cervicosum
817 2877 1055 2914 nominabant.
1099 2878 1208 2913 ruber
1229 2874 1320 2921 fuit,
1340 2873 1470 2921 capillo
1495 2885 1567 2909 non
1588 2873 1699 2908 denso
