1742 3184
355 196 756 242 HISTQRJARUM
790 197 1182 244 coMPENDIUM.
1411 201 1514 250 269

37 312 130 357 οὕτε
148 313 232 368 μὴν
250 312 377 369 ε’κείνη
398 310 607 369 πλησιάζει
629 311 753 372 ἱτίρῳ
774 313 893 372 ἀνδρὶ
915 312 990 357 διὰ4
1008 313 1163 370 πολλὴν
1183 312 1409 369 εὐλάβειαν.
1480 318 1517 358 εἲ

38 385 84 427 δέ
99 387 240 440 συμβῇ
258 390 420 440 στεῖραν
433 384 476 425 ἓν
494 383 637 435 αὖταῖς
654 382 893 441 εὑρεθῆναι,
920 384 1040 441 μέχρι
1056 384 1291 435 πενταετίας
1308 386 1512 442 διαπερῶν
1534 395 1567 431 c

41 452 63 497 ὃ
86 452 190 509 ἀνὴρ
211 452 337 508 αὐτῆς
356 454 422 495 καὶ
443 450 727 508 συγγινόμενος
747 453 867 510 αὐτῇ,
894 453 965 496 ἐὰν
984 453 1032 495 οὗ
1053 453 1163 511 τίκῃ,
1189 454 1321 497 οὐκέτι
1341 471 1518 511 προσεγ-

38 524 135 580 γίζει
166 521 284 578 αὐτῇ.
353 520 424 563 διὰ
443 526 565 564 τοῦτο
588 522 682 565 οὐδὲ
699 521 1028 580 πολυάνθρωπός
1047 522 1155 566 ἔστιν
1175 521 1203 579 ἦ
1221 521 1342 580 χώρα
1366 525 1516 577 αὐτῶν,

7 598 30 635 5
42 590 113 635 διά
133 608 177 634 τε
196 590 271 645 τὴν
291 590 518 646 ὄλιγοδείαν
535 593 603 632 καὶ
623 591 697 646 τὴν
721 592 898 649 φυσικὴν
921 589 1169 648 ἐγκράτειαν.
1238 593 1310 635 τὸν
1326 593 1371 635 δὲ
1386 610 1517 635 ποτα-

39 659 120 717 μόν
149 676 253 718 φασι
280 657 633 716 δυσπερατότατον
665 657 765 702 εἶναι
796 661 865 703 διὰ
890 660 962 704 τὸν
988 659 1201 717 λεγόμενον
1231 660 1519 718 ὂδοτῦραννον.

42 733 146 790 ζῶον
163 727 244 786 γάρ
266 729 375 772 ἔστιν
395 728 593 786 ἀμφίβιον
602 761 616 780 ,
650 730 839 785 μέγιστον
866 732 979 782 λίαν,
1014 730 1056 772 ἓν
1078 736 1136 789 τῷ
1157 735 1329 789 ποταμῷ
1350 730 1519 774 διαιτώ-

41 817 163 856 μενον
193 799 263 842 καὶ
295 796 522 852 δυνάμενον
551 798 752 855 ἐλέφαντα
784 806 992 842 καταπιεῖν
1023 797 1267 857 ὁλόκληρον·
1302 799 1327 843 ὃ
1357 801 1399 843 ἓν
1428 807 1519 852 ταῖς

42 870 117 925 μὲν
143 867 316 924 ἡμέραις
341 871 417 922 τῆς
443 866 703 924 περαιώσεως
730 872 812 912 τῶν
837 869 998 923 ἀνδρῶν
1021 869 1180 912 ἐκείνων
1198 870 1353 927 ἀφανὲς
1371 871 1522 926 γίνεται

0 948 34 984 [0
46 938 153 982 κατὰ
178 937 300 980 θείαν
323 935 563 994 πρόσταξιν.
634 937 682 979 οὗ
710 937 794 992 μὴν
821 939 867 980 δὲ
894 938 1002 980 ἀλλὰ
1028 940 1095 980 καὶ
1126 937 1344 996 δράκοντές
1363 941 1462 982 εἰσιν
1478 940 1521 982 ἓν

42 1015 128 1059 τοῖς
157 1005 416 1063 ἔρημοτέροις
443 1004 583 1057 τόποις
610 1006 774 1057 ἐκείνοις
803 1008 983 1063 μέγιστοι
1019 1006 1208 1065 σφόδρα,
1243 1012 1384 1064 πηχῶν
1412 1006 1446 1050 0'
1473 1008 1520 1051 τὸ

43 1079 219 1134 μέγεθος
250 1077 317 1118 καὶ
348 1075 395 1118 τὸ
426 1073 557 1130 πάχος
583 1076 686 1117 πολὺ
711 1078 779 1119 καὶ
802 1078 1155 1134 ᾳρικωὸίστατον,
1190 1079 1258 1119 καὶ
1280 1078 1354 1133 τὴν
1372 1078 1523 1134 σοφίαν

43 1151 119 1191 τοῦ
156 1147 406 1201 δημιουργοῦ
439 1146 507 1187 καὶ
545 1143 668 1196 δόξαν
700 1145 938 1203 φαινόμενοι
974 1150 1196 1204 προφανῶς
1230 1148 1519 1203 ε’κόιηγοῦνται.
1541 1158 1574 1193 1)

46 1218 114 1260 καὶ
144 1215 183 1258 οἳ
211 1215 286 1270 μὲν
315 1214 501 1271 σκορπίοι
526 1213 648 1256 πάλιν
674 1212 924 1270 εὑρίσκονται
946 1223 1162 1270 πηχυαῖοι,
1190 1216 1229 1258 οἱ
1250 1217 1294 1258 δὲ
1312 1215 1525 1273 μύρμηκες

0 1295 35 1333 [5
47 1289 337 1328 παλαιστιαῖοι.
406 1283 471 1326 διὸ
489 1285 554 1325 καὶ
577 1282 859 1327 ὁυσδιόδευτοί
876 1286 976 1327 εἰσιν
993 1285 1031 1326 οἱ
1046 1285 1228 1340 ε’ρημικοὶ
1249 1283 1365 1328 τόποι
1384 1287 1526 1328 ἐκεῖνοι

47 1357 115 1399 καὶ
140 1354 321 1408 ἇοίκητοι
351 1351 420 1394 διὰ
441 1352 492 1395 τὰ
517 1351 788 1409 φοβερώτατα
809 1355 942 1410 θηρία
964 1371 1006 1397 τε
1032 1355 1099 1395 καὶ
1123 1352 1282 1407 ἰοβόλα.
1352 1354 1526 1410 ἐλέφαν-

46 1442 112 1475 τες
132 1423 178 1466 δὲ
196 1424 372 1479 γίνονται
390 1422 496 1464 κατὰ
512 1422 587 1473 τὰς
602 1420 746 1479 χώρας
762 1423 914 1474 ἐκείνας
931 1426 1133 1475 πλεῖστοι,
1169 1420 1226 1474 ὥς
1243 1424 1311 1465 καὶ
1331 1423 1527 1480 ἀγεληδὸν

46 1489 423 1551 παραπορευόμενοι
443 1489 688 1545 βόσκεσθαι.

178 1561 353 1616 Ἀμέλει
374 1561 421 1616 γε’
438 1577 501 1603 τοι
524 1562 591 1602 καὶ
614 1558 635 1603 ὅ
656 1559 783 1616 μέγας
802 1558 1057 1617 Καισάριος,
1094 1558 1274 1618 ἀδελφὸς
1299 1563 1375 1602 τοῦ
1400 1556 1529 1616 μεγά-

0 1635 123 1675 Ξθλου
142 1632 185 1672 Γ
182 1630 373 1688 ρηγορίου
383 1661 398 1681 ,
433 1627 648 1687 διαφόρων
666 1630 800 1671 ἐθνῶν
822 1631 889 1672 καὶ
912 1630 1031 1685 ἠθῶν
1053 1631 1122 1672 καὶ
1140 1628 1294 1686 τρόπον
1312 1645 1355 1671 τε
1373 1630 1440 1671 καὶ
1460 1626 1532 1671 νό-

46 1718 127 1757 μον
153 1697 420 1756 ἐξηγούμενος
446 1699 488 1741 ἓν
514 1700 684 1755 ἐπιτομῇ
703 1697 840 1741 τοιάδε
862 1698 1011 1757 φάσκει
1041 1697 1115 1742 “ε’ν
1141 1698 1223 1756 γὰρ
1245 1695 1395 1754 ἑκάστῃ
1410 1695 1532 1757 χώρᾳ

48 1772 117 1814 καὶ
145 1768 329 1820 ἔθνεσιν,
364 1768 406 1810 ἓν
430 1775 517 1819 τοῖς
540 1769 615 1823 μέν
637 1767 841 1826 ἔγγραφος
858 1767 984 1823 νόμος
1000 1769 1108 1811 ἐστὶν
1129 1770 1172 1810 ἓν
1187 1776 1274 1818 τοῖς
1293 1768 1338 1809 δὲ
1357 1766 1382 1822 ἦ
1404 1765 1533 1821 συνή-

48 1843 168 1883 θεια·
203 1836 329 1893 νόμος
362 1837 442 1895 γὰρ
473 1836 642 1893 ἀνόμοις
668 1837 720 1881 τὰ
748 1836 901 1896 πάτρια
929 1840 1055 1881 δοκεῖ.
1123 1831 1180 1881 ὧν
1207 1841 1361 1895 πρῶτοι
1383 1838 1531 1893 Σῆρες,
1555 1848 1585 1883 Ρ
1610 1847 1679 1885 154

49 1970 179 2007 exinde
200 1970 280 2005 viro
303 1980 378 2004 rem
408 1969 541 2004 habere
565 1969 692 2015 religio
721 1972 790 2005 est.
839 1969 967 2015 quodsi
988 1980 1091 2016 quam
1114 1968 1269 2005 sterilem
1292 1979 1373 2004 esse
1395 1967 1538 2004 contin·-

48 2024 132 2064 gat,
167 2023 280 2063 usque
310 2017 355 2051 ad
387 2016 662 2062 quinquennium
689 2028 766 2052 eam
789 2016 937 2051 maritus
959 2016 1107 2059 invisit3
1142 2022 1179 2051 et
1202 2016 1235 2050 si
1257 2027 1300 2050 eo
1323 2015 1536 2050 circumacto

50 2077 121 2100 non
144 2063 286 2111 pariat,
320 2074 364 2097 ea
385 2062 423 2096 in
449 2068 629 2108 posterum
651 2063 819 2098 abstinet.
866 2062 917 2097 ita
942 2064 983 2098 fit
1005 2069 1045 2097 ut
1070 2074 1140 2097 non
1163 2062 1211 2097 sit
1231 2062 1324 2108 apud
1347 2061 1446 2106 ipsos
1469 2061 1536 2095 ho-

49 2111 179 2147 minum
197 2109 433 2152 abundantia,
466 2120 543 2143 cum
574 2114 612 2143 et
634 2121 746 2155 pauca
767 2108 973 2144 desiderent
995 2114 1032 2145 et
1054 2115 1180 2145 natura
1204 2108 1426 2143 continentes
1449 2107 1535 2142 sint.

50 2156 198 2193 fluvium
219 2162 334 2190 autem
351 2166 482 2189 summo
506 2166 582 2189 cum
605 2155 763 2201 periculo
786 2156 886 2190 aiunt
902 2155 1022 2190 traiici
1044 2162 1191 2201 propter
1214 2155 1537 2199 odontotyrannum

50 2203 174 2249 (quasi
197 2202 227 2237 si
252 2202 358 2236 deute
381 2201 599 2236 saevientem
614 2201 730 2246 diens)
757 2202 920 2237 bestiam.
969 2208 1025 2237 est
1047 2209 1162 2236 autem
1187 2202 1311 2245 ingens
1338 2201 1536 2243 admodum,

50 2252 141 2285 adeo
165 2255 206 2284 ut
226 2248 405 2293 integrum
427 2247 542 2293 possit
563 2247 784 2294 elephantum
802 2248 989 2294 deglutire.
1038 2248 1137 2293 degit
1156 2259 1198 2282 eo
1217 2248 1254 2281 in
1272 2246 1433 2289 flumine,
1459 2256 1538 2279 cum

51 2296 195 2343 quidem
218 2295 327 2330 etiam
350 2293 389 2328 in
411 2299 508 2328 terra
531 2293 655 2329 vivere
676 2295 810 2337 soleat3
846 2296 941 2340 quod
973 2306 1084 2340 genus
1117 2293 1279 2328 animalia
1302 2292 1436 2327 Graeci
1463 2303 1540 2326 am-

43 2342 176 2389 -phibia
197 2341 334 2376 dicunt.
382 2352 425 2375 ea
447 2339 563 2374 bestia
587 2341 645 2375 dei
668 2341 765 2376 iussu
788 2341 1023 2387 quadraginta
1043 2340 1131 2375 istos
1152 2340 1229 2375 dies
1251 2338 1378 2384 quibus
1399 2337 1537 2373 Brach-

51 2400 174 2424 manes
197 2389 242 2423 ad
266 2399 349 2422 suas
375 2397 503 2421 uxores
528 2387 709 2422 traiiciunt
731 2399 901 2433 nusquam
929 2392 1057 2422 exstat.
1105 2393 1188 2421 sunt
1212 2392 1248 2420 et
1272 2385 1309 2418 in
1334 2384 1539 2420 solitudini-

51 2436 120 2471 bus
144 2434 300 2469 locorum
323 2434 470 2468 istorum
492 2433 666 2468 dracones
686 2434 873 2480 ingentes,
896 2433 1116 2478 longitudine
1138 2434 1184 2468 70
1204 2431 1422 2476 cubitorum,
1447 2430 1539 2465 mole

53 2493 99 2516 ac
121 2481 283 2516 crassitie
305 2479 486 2523 horribili,
513 2479 575 2524 qui
599 2481 711 2525 palam
737 2492 777 2515 se
801 2480 1006 2526 conspectui
1026 2480 1217 2514 offerentes
1236 2477 1374 2523 opificis
1393 2476 1537 2522 sapien-

52 2528 140 2563 tim
170 2539 216 2563 ac
248 2526 466 2562 maiestatem
500 2526 754 2562 demonstrant.
800 2526 1030 2561 inveniuntur
1059 2526 1164 2560 etiam
1196 2523 1328 2569 scorpii
1352 2523 1537 2568 cubitales,

53 2573 225 2610 formicae
246 2573 353 2620 palmi
375 2571 628 2617 magnitudine.
674 2573 796 2619 itaque
825 2573 918 2607 istae
948 2572 1157 2608 solitudines
1187 2570 1340 2607 transitu
1371 2568 1537 2611 difficiles

55 2626 141 2656 sunt
165 2625 202 2655 et
222 2620 387 2655 desertae
409 2626 556 2664 propter
578 2618 713 2654 bestias
745 2619 925 2654 terribiles
947 2619 1130 2653 admodum
1155 2630 1197 2652 ac
1219 2627 1392 2651 venenum
1415 2616 1537 2651 eiacu-

54 2666 183 2749 lantef.
229 2665 410 2712 elephanti
432 2665 512 2700 istis
534 2665 573 2698 in
594 2665 683 2700 locis
707 2673 900 2701 nascuntur
921 2665 1082 2711 plurimi,
1121 2664 1173 2700 ita
1208 2670 1249 2700 ut
1279 2666 1437 2698 armenta
1458 2668 1536 2698 tota

55 2713 146 2748 simu
205 2718 384 2748 amatur.

148 2725 347 2793 Eetimvero
375 2769 522 2804 magnus
545 2757 605 2792 ille
629 2757 840 2802 Caesarius,
874 2756 1045 2802 Gregorii
1066 2756 1184 2802 magni
1206 2756 1341 2802 frater,
1374 2754 1538 2791 diversa-

58 2816 134 2840 rum
157 2805 313 2850 gentium
335 2816 452 2849 mores
476 2810 512 2839 et
534 2803 632 2849 leges
655 2816 730 2839 com
757 2805 861 2840 endio
885 2815 1076 2848 enarrans,
1110 2803 1164 2838 sic
1191 2803 1243 2838 ait
1270 2798 1387 2848 “apud
1418 2813 1540 2836 omnes

57 2856 183 2896 gentes
220 2856 256 2886 et
286 2851 419 2896 ubique
449 2851 604 2885 locorum
635 2855 698 2886 aut
742 2864 787 2886 ex
822 2850 957 2896 scripta
979 2855 1036 2885 est
1057 2854 1119 2885 aut
1148 2849 1362 2885 consuetudo
1387 2848 1538 2883 obtinet.

59 2909 140 2934 nam
160 2909 184 2934 a
205 2897 397 2934 maioribus
416 2898 549 2934 tradita
570 2909 636 2944 pro
659 2897 738 2944 lege
760 2898 945 2934 habentur.
992 2895 1098 2943 primi
1116 2895 1247 2942 Seres,
1268 2895 1330 2944 qui
1348 2900 1539 2931 extremum
