1742 3184
190 167 290 218 452
675 167 918 217 GEORGII
947 167 1193 213 CEDRENI

191 284 338 343 μάζετο
362 285 426 329 ἐπὶ
445 283 609 343 μεγέθει
630 282 843 342 σώματος·
876 282 998 342 μέχρι
1023 283 1103 342 γὰρ
1125 283 1274 328 ἐκείνου
1295 287 1371 328 τοῦ
1386 278 1539 343 χρόνον
1555 287 1674 340 τηλι-

193 362 337 408 κοῦτος
358 354 579 413 ἄνθρωπος
604 356 677 399 οὐκ
698 355 842 413 ὤφθη.
886 353 1068 412 ἀνῃρέθη
1093 355 1138 398 δὲ
1160 352 1249 410 ἅμα
1266 358 1323 415 τῷ
1344 353 1422 415 υἱῷ
1442 352 1544 413 ὗπέρ
1562 356 1676 412 Χρι-

193 430 367 470 στιανῶν
386 424 491 468 κατὰ
509 426 662 468 Δεκίου
679 421 983 481 ἀγωνιζόμενος.

140 511 172 547 D
337 494 612 551 Οὐαλεριανὸς
629 493 718 545 ἔτος
742 493 805 536 ἓν·
840 494 908 536 καὶ
929 489 1086 551 ἐσφάγη
1105 490 1184 536 ὗπὸ
1207 496 1281 536 τοῦ
1302 495 1405 536 λαοῦ
1426 489 1567 535 αὐτοῦ.
1609 489 1673 550 ἐφ’

197 559 246 608 οῗ)
267 564 331 606 ἐπὶ
357 568 494 607 πᾶσαν
513 563 587 619 τὴν
615 562 852 619 οῗκουμένην
872 566 946 606 τοῦ
967 565 1072 607 θεοῦ
1092 561 1216 620 ὀργὴν
1238 559 1419 617 μεγάλην
1438 561 1710 616 ἐκπέμψω-5

193 651 264 685 τος
286 631 492 689 λοιμώδης
521 631 642 684 νόσος
671 633 718 676 τὸ
749 630 1012 689 ἀνθρώπινον
1035 632 1148 687 γένος
1173 631 1418 690 διέφθειρεν.
1488 630 1568 673 ἀπὸ
1597 630 1677 688 γὰρ

193 709 267 759 τῆς
288 707 361 760 γῆς
383 704 451 745 καὶ
475 706 550 757 τῆς
577 700 795 758 θαλάσσης
816 702 943 757 ἀτμοί
959 718 1062 752 τινες
1084 699 1273 758 ἀνῄεσαν,
1308 702 1375 743 καὶ
1397 699 1501 758 πρὸς
1520 697 1681 749 τούτοις

195 773 336 827 ἄνεμοι
355 773 423 814 καὶ
441 765 565 829 αὖραι
585 776 666 814 τῶν
685 776 882 826 ποταμῶν
898 771 965 813 καὶ
984 774 1136 825 λιμνῶν
1155 767 1364 826 ἀνιμήσεις
1383 768 1593 821 ἀπέπνεον,
1625 765 1682 818 ὥς

193 843 367 896 νομίζειν
397 845 549 897 νεκρῶν
579 843 732 899 ἰχῶρας
754 839 853 884 εἶναι
874 841 951 891 τὰς
971 839 1158 897 δρόσους.
1228 845 1405 894 συνεχεῖς
1424 833 1496 881 οὖν
1517 838 1561 880 ἐκ
1583 836 1681 881 τοῦ-

193 928 266 955 του
287 912 421 965 λοιμοὶ
447 910 522 964 τὴν
545 915 621 967 γῆν
643 916 826 965 συνεῖχον
843 911 910 952 καὶ
932 910 1068 967 βαρέα
1086 911 1153 952 καὶ
1176 907 1321 951 ἀνίατα
1339 906 1576 963 νοσήματα,
1612 908 1680 950 καὶ
1694 910 1738 947 10

194 980 362 1038 ἄπειρον
395 980 462 1022 καὶ
495 979 780 1037 ἀναρίθμητον
807 979 998 1036 γενέσθαι
1029 983 1111 1021 τῶν
1142 976 1375 1036 ἀνθρώπων
1395 977 1466 1020 τὸν
1492 975 1683 1035 ὄλεθρον,

195 1048 298 1093 ὥστε
321 1047 416 1099 τοὺς
435 1050 622 1100 πλείονας
641 1054 722 1092 τῶν
740 1047 976 1092 τεθνεώτων
997 1046 1183 1105 ἀτάφους
1199 1044 1571 1102 ὗπολιμπάνεσθαι.

51 1136 81 1172 P
104 1131 173 1170 258
336 1117 462 1162 Μετὰ
484 1120 529 1161 δὲ
556 1118 834 1176 Οὐαλεριανὸν
858 1118 1093 1172 ἐβασίλευσε
1113 1114 1275 1168 Γάλλος
1297 1118 1364 1159 καὶ
1378 1112 1686 1164 Βουλουσιανὸς

197 1187 264 1243 ἐτη
287 1184 328 1243 β’
349 1191 483 1244 μῆνας
503 1187 557 1244 η’.
611 1189 678 1230 καὶ
701 1185 908 1245 ἐπεκράτει
930 1185 951 1229 ὃ
972 1186 1115 1241 λοιμὸς
1137 1187 1178 1229 ἐν
1202 1192 1291 1237 ταῖς
1313 1184 1485 1243 ἡμέραις
1504 1185 1685 1235 ἐκείναις,

199 1259 381 1312 κινηθεὶς
410 1257 490 1299 ἀπὸ
518 1258 750 1307 Αἰθιοπίας
780 1256 901 1313 μέχρι
929 1259 1003 1311 τῆς
1036 1253 1212 1308 δύσεως,
1258 1253 1314 1307 ὥς
1339 1255 1544 1310 μηδεμίαν
1567 1251 1685 1296 πόλιν
1698 1260 1742 1298 15

200 1333 334 1383 μεῖναι
357 1323 506 1369 τούτου
526 1325 713 1384 ἄμοιρον.
748 1323 945 1376 πολλάκις
967 1325 1011 1367 δὲ
1031 1326 1099 1368 καὶ
1125 1326 1186 1375 δὶς
1207 1329 1281 1380 τῆς
1301 1322 1458 1378 πόλεως
1476 1321 1688 1380 ἐπήρχετο.

202 1394 363 1453 ἐκράτει
384 1396 429 1437 δὲ
447 1394 514 1450 ἐτη
538 1394 597 1448 ιε’,
634 1393 860 1452 ἀρχόμενος
882 1394 960 1437 ἀπὸ
985 1393 1253 1452 φθινοπώρου
1283 1395 1351 1437 καὶ
1382 1391 1517 1449 λήγων
1538 1396 1591 1450 τῇ
1614 1394 1689 1434 τοῦ

203 1465 324 1515 κυνὸς
341 1466 520 1523 ἐπιτολῇ.
588 1466 822 1519 μετεδίδοτο
859 1464 903 1506 δὲ
933 1461 960 1519 ἦ
991 1462 1110 1514 νόσος
1140 1462 1242 1519 αὕτη
1264 1461 1345 1505 ἀπό
1363 1480 1406 1505 τε
1424 1459 1601 1518 εἱμάτων
1620 1462 1690 1504 καὶ

203 1538 332 1590 ψιλῆς
351 1533 470 1585 θέας.
539 1533 587 1576 οὗ
610 1534 689 1591 γὰρ
708 1528 758 1589 ἦν
780 1534 886 1575 οἰκία
905 1533 947 1575 ἐν
967 1526 995 1590 ᾗ
1012 1533 1223 1588 τεθνηκὼς
1240 1532 1313 1575 οὐκ
1332 1526 1397 1588 ἦν.
1466 1532 1534 1574 καὶ
1554 1530 1594 1572 οἳ
1614 1529 1691 1585 μὲν

205 1601 326 1662 φόβῳ
357 1607 433 1646 τοῦ
453 1602 516 1658 μὴ
538 1607 783 1658 μεταλαβεῖν
805 1606 881 1658 τῆς
903 1599 1026 1645 νόσου
1050 1599 1241 1658 ἀτάφαυς
1259 1601 1351 1644 εἴων
1370 1599 1467 1650 τοὺς
1487 1598 1742 1655 τεθνηκόωὲῦ

204 1689 299 1724 τας,
344 1671 386 1713 οἳ
409 1671 684 1729 εὐσεβέστεροι
715 1672 760 1714 δὲ
787 1668 1147 1729 ἀπαραφυλάκτως
1178 1669 1276 1721 τοὺς
1306 1673 1528 1720 νοσοῦντας
1557 1672 1693 1726 θερα-

206 1739 397 1791 πεύοντες
419 1741 475 1792 εἷς
495 1738 667 1791 ἑαυτοὺς
683 1741 758 1795 τὴν
775 1737 897 1783 νόσον
916 1740 1160 1791 ἐπεσπῶντο,
1195 1740 1262 1782 καὶ
1280 1737 1355 1782 σὺν
1376 1738 1539 1789 ἐκείνοις
1556 1737 1582 1793 ἢ
1604 1736 1690 1793 μετ’

208 1810 384 1861 ἐκείνους
398 1808 469 1853 τὸν
483 1811 576 1865 βίον
593 1807 883 1866 μετήλλαττον.
954 1808 1019 1851 ἐπὶ
1039 1806 1184 1852 τούτου
1208 1809 1248 1852 οἳ
1263 1806 1430 1852 Σκύθαι
1451 1807 1522 1852 τὸν
1531 1806 1708 1866 Ἴστρον

303 1930 351 1966 10
370 1927 435 1965 καὶ
457 1923 551 1975 ἄτη]
577 1924 672 1964 ὥστε
695 1922 795 1966 &aa

210 2031 302 2068 tioni
329 2030 417 2077 fuit,
450 2043 528 2068 cum
550 2031 589 2067 in
612 2043 691 2068 eum
714 2042 828 2078 usque
850 2031 943 2068 diem
965 2034 1084 2069 tantus
1109 2031 1212 2068 homo
1234 2032 1333 2070 visus
1356 2044 1427 2070 non
1448 2034 1591 2069 suisset.
1636 2032 1695 2068 in-

211 2079 385 2115 terfectus
407 2082 464 2114 est
479 2077 666 2126 Philippus
690 2089 760 2115 una
781 2090 858 2115 cum
875 2079 963 2127 filio,
988 2085 1112 2116 contra
1129 2080 1277 2116 Decium
1294 2092 1360 2128 pro
1378 2079 1591 2117 Christianis
1610 2091 1696 2126 pro-

238 2137 259 2160 u
286 2136 386 2160 nans.

210 2137 236 2173 P
261 2137 285 2171 g
305 2170 517 2206 Valerianus
540 2170 732 2216 imperavit
753 2182 904 2217 annum,
928 2176 1053 2218 estque
1076 2184 1098 2208 a
1119 2172 1251 2220 populo
1275 2184 1339 2208 suo
1364 2172 1515 2209 occisus.
1562 2172 1627 2207 sub
1653 2182 1700 2212 eo*

211 2216 268 2253 ira
303 2217 363 2252 dei
393 2217 505 2264 pestis
537 2217 706 2253 universo
728 2222 900 2253 terrarum
925 2220 1004 2254 orbi
1027 2219 1180 2256 immissa
1203 2220 1385 2255 humanum
1408 2230 1520 2266 genus
1545 2217 1699 2254 attrivit.

213 2275 294 2300 nam
313 2269 351 2299 et
374 2275 396 2298 a
420 2268 515 2299 terra
539 2268 577 2299 et
599 2275 620 2299 a
638 2264 732 2300 mari
753 2276 905 2311 vapores
926 2266 1150 2312 exhalabant,
1176 2266 1345 2312 ventique
1365 2271 1551 2312 praeterea
1573 2268 1609 2299 et
1633 2275 1698 2299 au-

213 2322 279 2346 rae
313 2322 335 2345 a
367 2310 488 2345 fluviis
520 2315 628 2356 atque
663 2322 684 2346 a
716 2311 901 2357 paludibus
928 2312 990 2346 udi
1016 2324 1168 2359 vapores
1187 2313 1395 2361 spirabant,
1429 2324 1561 2357 rosque
1583 2310 1699 2346 saniei

214 2360 430 2392 mortuorum
452 2356 577 2392 similis
596 2359 810 2403 apparebat.
856 2358 978 2404 itaque
1011 2360 1195 2394 continens
1222 2358 1354 2405 ubique
1376 2358 1579 2405 pestilentia
1604 2368 1699 2392 mor-

214 2403 325 2448 bique
343 2414 472 2448 graves
495 2407 533 2438 et
555 2402 768 2440 insanabiles
787 2404 1005 2440 innumeram
1023 2406 1199 2441 hominum
1221 2406 1477 2442 multitudinem
1494 2406 1700 2450 absumpse-

217 2454 312 2494 runt,
335 2449 424 2485 adeo
449 2453 489 2484 ut
510 2449 680 2496 pleraque
703 2451 877 2486 cadavera
900 2451 1080 2487 inhumata
1100 2452 1289 2488 iacuerint.

309 2496 399 2532 Post
422 2495 650 2532 Valerianum
672 2496 796 2532 Gallus
821 2502 857 2532 et
875 2497 1087 2534 Volusianus
1111 2499 1376 2545 imperaverunt
1400 2510 1511 2534 annos
1535 2498 1576 2542 2,
1599 2507 1700 2532 men-

219 2551 278 2576 ses
302 2543 337 2577 8.
385 2554 428 2578 eo
451 2548 611 2588 tempore
633 2544 745 2590 pestis
768 2543 930 2589 invaluit,
955 2546 1000 2580 ab
1019 2544 1211 2592 Aethiopia
1233 2546 1271 2580 in
1295 2546 1474 2580 occiduam
1494 2555 1606 2590 usque
1623 2550 1701 2578 ter-

220 2598 283 2622 rae
306 2593 441 2634 partem
463 2595 681 2636 propagata:
713 2601 828 2636 neque
859 2590 929 2626 ulla
952 2591 1023 2626 fuit
1048 2592 1133 2628 urbs
1158 2592 1233 2626 eius
1258 2603 1410 2638 expers,
1442 2591 1570 2626 multae
1595 2590 1702 2625 etiam

220 2633 278 2668 bis
304 2645 347 2669 ea
368 2634 426 2671 lue
447 2635 653 2672 infestatae.
701 2635 855 2673 obtinuit
876 2649 986 2672 annos
1008 2637 1065 2674 15.
1100 2638 1197 2684 cepit
1220 2643 1418 2684 auctumno,
1445 2642 1481 2673 et
1503 2636 1611 2672 desiit
1634 2638 1701 2671 sub

221 2683 335 2714 ortum
368 2681 561 2718 caniculae.
608 2685 873 2730 propagabatur
894 2685 1035 2719 morbus
1058 2684 1130 2719 iste
1153 2683 1258 2719 etiam
1280 2684 1520 2730 vestimentis,
1554 2682 1702 2728 soloque

222 2725 312 2759 adeo
337 2734 501 2774 aspectu,
525 2741 641 2775 neque
663 2730 733 2765 fuit
756 2730 877 2765 domus
903 2730 941 2764 in
966 2742 1034 2776 qua
1058 2742 1159 2766 nemo
1184 2734 1279 2766 esset
1302 2738 1472 2766 mortuus.
1519 2729 1580 2765 alii
1605 2734 1701 2763 metu

221 2773 440 2816 contagionis
462 2776 637 2811 cadavera
658 2776 906 2823 relinquebant
926 2776 1118 2823 insepulta.
1165 2777 1217 2824 pii
1243 2782 1359 2812 autem
1382 2779 1547 2823 aegrotos
1574 2786 1701 2811 secure

222 2822 386 2853 curantes
408 2819 500 2857 luem
529 2822 600 2860 sibi
621 2822 885 2867 admiscebant,
916 2834 1063 2869 cumque
1091 2823 1137 2858 iis
1168 2827 1230 2859 aut
1256 2828 1339 2870 post
1371 2835 1433 2859 eos
1461 2822 1533 2869 ipsi
1558 2832 1700 2868 quoque

223 2861 476 2903 moriebantur.
522 2880 566 2905 eo
587 2869 748 2917 'tempore
768 2869 926 2917 Scythae
949 2870 1098 2908 traiecto
1116 2871 1210 2908 Istro
1229 2881 1365 2907 omnem
1389 2869 1607 2908 occidentem
1624 2868 1699 2905 lta-
