1742 3184
199 159 300 207 320
673 130 921 204 >cronon
946 156 1191 203 cunnum

146 286 177 322 Β
200 274 334 332 ἡμίσει
355 278 428 331 τῆς
448 269 678 330 ἑβδομάδος
699 270 929 332 ἀρθήσεται
957 273 1087 317 θυσία
1118 273 1187 317 καὶ
1216 270 1385 330 σπονδή.
1453 274 1521 318 καὶ
1544 273 1607 318 ἐπὶ
1626 274 1672 317 τὸ

200 345 309 404 ἱερὸν
326 345 538 402 βδέλυγμα
557 342 800 402 ἐρημώσεως
827 345 1032 404 συντελείᾳ
1053 342 1278 398 δοθήσεται
1296 343 1360 385 ἐπὶ
1378 341 1453 398 τὴν
1471 342 1674 402 ἐρήμωσιν

192 412 504 473 “Ιερουσαλήμ.”
576 415 645 456 καὶ
664 412 716 456 τὰ
738 412 860 455 λοιπὰ
879 410 1062 470 εὖρήσεις
1082 414 1124 456 ἓν
1147 416 1200 470 τῇ
1215 413 1405 472 βασιλεία
1426 414 1569 456 Τίτου.

328 482 379 527 ‘O
408 487 506 540 γοῦν
537 481 780 538 Αὔγουστος
806 480 881 537 τὴν
907 483 950 533 ἐξ
982 481 1158 533 Ἰταλίας
1186 483 1469 539 συναθροίσας
1499 480 1673 536 δύναμιν

194 551 372 597 κάτεισιν
391 553 455 595 ἐπὶ
473 549 698 595 Ἀντώνιον.
767 553 835 594 καὶ
859 554 1071 606 συμβολῆς
1096 551 1309 608 γενομένης
1335 548 1507 606 ἡττᾶται
1524 548 1706 598 Ἀντώ-5

193 640 297 675 νιος,
333 623 401 664 καὶ
425 619 560 679 φεύγει
578 620 683 676 μετὰ
704 625 778 676 τῆς
801 618 1070 677 Κλεοπάτρας
1091 622 1148 671 εἷς
1163 620 1390 677 Αἴγυπτον.
1459 622 1527 663 καὶ
1552 618 1574 663 ὅ
1598 620 1673 675 μὲν

190 690 419 741 ῗΑντώνιος
436 688 581 733 ἑαυτὸν
601 691 881 747 διεχειρίσατο,
917 687 943 746 ἡ
971 690 1014 732 δὲ
1036 688 1284 747 Κλεοπάτρα
1307 689 1583 745 εὐλαβουμένη
1602 689 1673 732 τὸν

196 762 238 804 ἓν
271 765 322 818 τῇ
352 758 490 817 Ῥώμῃ
517 760 730 818 θρίαμβον
757 762 1028 815 συσχεθεῖσα,
1077 758 1218 803 ἀσπίδι
1254 762 1314 817 τῷ
1350 759 1486 818 θηρίῳ
1525 757 1674 814 ἑαυτὴν

195 829 540 888 προσενεγκαμένη
572 832 751 889 τελευτᾷ.
811 827 958 880 ἽῚλιος
987 829 1032 872 δὲ
1061 830 1129 871 καὶ
1149 825 1304 884 Σελήνη
1326 827 1378 871 τὰ
1400 828 1519 871 τέκνα
1541 828 1674 871 αὐτῶν

197 900 448 955 συσχεθέντα
469 896 768 954 προσήχθησαν
787 903 844 957 τῷ
863 896 1064 956 θριάμβῳ
1076 894 1249 953 Ῥώμης.
1687 903 1731 939 10

328 968 419 1011 Ἐπὶ
442 966 588 1011 τούτου
612 972 686 1011 τοῦ
706 965 973 1024 Αὐγούστου,
1009 966 1066 1020 ὥς
1087 984 1212 1025 φησιν
1231 965 1431 1020 Εὐσέβιος
1449 969 1524 1008 τοῦ
1544 966 1674 1019 Παμ-

144 1047 175 1082 C
200 1038 343 1097 φίλου,
386 1036 517 1094 ἀρχὴν
539 1036 565 1092 ἢ
589 1035 760 1095 τετάρτη
785 1035 985 1092 λαμβάνει
1004 1037 1192 1091 βασιλεία
1201 1068 1214 1088 ,
1258 1034 1308 1091 ἢν
1329 1033 1351 1077 ὃ
1376 1033 1538 1089 Δανιὴλ
1559 1034 1601 1076 ἓν
1622 1038 1674 1091 τῇ

195 1112 278 1151 τῶν
298 1104 506 1163 τεσσάρων
522 1107 682 1164 θηρίων
702 1106 876 1166 ὀπτασίᾳ
897 1107 1088 1164 τέταρτον
1106 1107 1255 1162 θηρίον
1276 1105 1455 1163 φοβερὸν
1475 1101 1675 1157 ὀνομάζει.

195 1176 286 1220 τότε
313 1180 475 1234 πρῶτον
507 1177 571 1217 ἐπὶ
600 1179 673 1231 τῆς
701 1173 737 1217 δ’
765 1176 976 1229 βασιλείας
1007 1173 1282 1231 ἓμονάρχησεν
1306 1173 1572 1230 Αὔγουστος,
1609 1171 1673 1215 ὅτε

197 1248 266 1290 καὶ
289 1243 310 1288 ὃ
333 1244 473 1303 κύριος
493 1243 609 1300 ἡμῶν
624 1245 782 1300 Ἰησοῦς
801 1245 985 1302 Χριστὸς
1012 1244 1086 1299 τὴν
1115 1244 1158 1286 ἐκ
1186 1243 1374 1300 γυναικὸς
1402 1242 1672 1299 ἀειπαρθένου
1687 1254 1730 1290 15

195 1316 377 1373 γέννησιν
404 1314 463 1357 δι’
497 1312 608 1369 ἡμᾶς
638 1314 894 1365 κατεδέξατο.
965 1311 986 1356 ὅ
1020 1313 1065 1356 δὲ
1090 1311 1214 1364 αὐτός
1236 1330 1362 1371 φησιν
1390 1312 1588 1366 Εὐσέβιος
1612 1310 1675 1354 ὅτι

196 1379 314 1435 οὗτος
333 1382 353 1426 ὃ
378 1382 622 1440 Αὔγουστος
643 1383 837 1426 ἀπελθὼν
858 1385 914 1434 εἷς
937 1382 1132 1441 Δελφοὺς
1152 1381 1338 1441 ἠρώτησε
1356 1382 1417 1432 τίς
1435 1381 1527 1436 μετ’
1551 1379 1675 1423 αὐτὸν

193 1451 449 1510 βασιλεύσει·
483 1456 559 1496 τοῦ
583 1453 628 1496 δὲ
649 1453 818 1495 Πυθίου
848 1453 976 1508 μηδὲν
1009 1452 1326 1509 ἀποκρινομένου
1335 1483 1350 1504 ,
1398 1452 1466 1494 καὶ
1487 1454 1560 1493 τοῦ
1579 1449 1676 1493 Αὐ-

192 1521 367 1581 γούστου
391 1519 515 1565 πάλιν
531 1520 811 1580 ἐρωτήσαντος
833 1522 902 1565 διὰ
924 1523 967 1565 τί
984 1525 1079 1582 σιγᾷ
1098 1521 1144 1564 τὸ
1160 1527 1362 1576 μαντεΐον,
1386 1518 1464 1578 ἔφη
1483 1517 1674 1575 ἧΠυθία

193 1597 325 1636 ταῦτα
338 1590 465 1642 ((παῒς
479 1589 672 1652 Ἑβραῖος
688 1592 849 1634 κέλεταί
862 1609 928 1647 με,
950 1590 1049 1641 θεὸς
1066 1588 1319 1647 μακάρεσσιν
1336 1587 1538 1640 ἀνάσσων,
1557 1587 1672 1631 τόνδε
1683 1598 1730 1634 20

196 1661 322 1716 δόμον
340 1664 549 1718 προλιπεῖν
567 1663 635 1704 καὶ
660 1658 756 1704 ὁδὸν
775 1655 900 1713 αὐθις
921 1660 1098 1704 ἱκέσθαι.
1168 1659 1289 1704 ἄπιθι
1310 1657 1451 1703 λοιπόν
1468 1659 1512 1702 ἐκ
1535 1656 1673 1714 δόμων

192 1729 443 1789 {perdetur-²³

194 1944 317 1977 mana3
352 1931 500 1978 eiusque
522 1930 667 1967 dimidio
691 1931 835 1967 tolletur
857 1929 1066 1966 sacrificium
1089 1933 1126 1965 et
1147 1929 1291 1972 libatio,
1316 1932 1354 1964 et
1373 1928 1411 1964 in
1433 1928 1563 1975 templo
1586 1930 1674 1964 abo-

194 1979 393 2016 minandum
414 1979 593 2014 vastitatis
615 1979 751 2024 signum
770 1984 940 2024 ponetur,
978 1989 1018 2011 ac
1043 1976 1215 2011 excidium
1240 1975 1567 2021 Hierosolymorum
1590 1988 1674 2023 per-

194 2023 372 2062 ficietur.”
415 2025 553 2072 reliqua
571 2026 624 2061 ibi
646 2025 821 2070 invenies,
845 2024 906 2060 ubi
929 2034 1074 2069 regnum
1091 2023 1169 2058 Titi
1190 2022 1454 2069 descripsimus.

288 2095 457 2130 Ceterum
480 2094 659 2140 Augustus
678 2094 834 2129 collectis
858 2106 922 2140 per
944 2092 1081 2127 Italiam
1107 2092 1219 2137 copiis
1243 2096 1365 2126 contra
1386 2091 1575 2127 Antonium
1597 2103 1674 2127 mo-

195 2142 262 2177 vit.
309 2142 426 2176 victus
449 2141 583 2188 praelio
606 2141 779 2176 Antonius
807 2152 882 2175 cum
905 2139 1095 2185 Cleopatra
1117 2139 1155 2172 in
1183 2141 1383 2184 Aegyptum
1405 2138 1519 2184 fugit,
1553 2138 1675 2184 ibique

196 2189 265 2224 sibi
289 2188 368 2243 ipse
393 2194 538 2223 mortem
566 2187 752 2223 conscivit.
798 2187 990 2232 Cleopatra
1016 2197 1092 2220 cum
1116 2185 1490 2231 comprehenderetur,
1528 2197 1573 2221 ne
1598 2186 1673 2220 Ro-

195 2247 286 2271 mam
310 2247 347 2270 1n
370 2235 545 2281 triumpho
568 2235 871 2277 introduceretur,
899 2232 1013 2278 aspidi
1038 2232 1194 2278 serpenti
1218 2243 1298 2266 sese
1320 2231 1544 2267 mordendam
1568 2243 1675 2278 prae-

191 2282 289 2327 buit,
321 2282 442 2327 itaque
467 2281 588 2329 periit.
636 2281 699 2316 Sol
723 2285 760 2316 et
782 2281 902 2326 Luna,
930 2279 1035 2314 liberi
1056 2279 1233 2325 ipsorum,
1263 2278 1302 2312 in
1327 2277 1504 2324 triumpho
1527 2279 1673 2315 Romam

192 2329 291 2364 ducti
313 2335 409 2363 sunt.

287 2399 361 2432 Sub
385 2397 453 2432 hoc
476 2396 649 2442 Augusto,
671 2400 712 2431 ut
733 2394 913 2430 Eusebius
938 2393 1111 2441 Pamphili
1134 2394 1196 2439 ait,
1222 2397 1383 2439 quartum
1399 2404 1545 2439 regnum
1564 2393 1672 2439 cepit,

193 2444 288 2489 quod
320 2444 358 2479 in
388 2449 554 2490 quattuor
585 2442 783 2478 animalium
813 2441 952 2476 visione
978 2440 1147 2476 Danielus
1180 2440 1307 2475 animal
1330 2445 1491 2485 quartum
1513 2440 1674 2475 terribile

193 2490 362 2525 nominat.
410 2496 494 2525 tunc
516 2489 662 2544 primum
676 2516 687 2535 ,
710 2489 800 2524 inito
824 2487 891 2522 iam
913 2493 1037 2533 quarto
1055 2498 1185 2533 regno,
1217 2487 1396 2531 Augustus
1419 2486 1513 2521 solus
1538 2498 1673 2522 omnem

194 2542 403 2583 potestatem
439 2542 564 2582 gessit.
613 2548 682 2582 quo
715 2541 874 2582 tempore
908 2534 1015 2569 etiam
1047 2534 1207 2569 dominus
1238 2539 1359 2567 noster
1385 2533 1487 2567 Iesus
1509 2533 1671 2568 Christus

194 2583 308 2618 nostri
332 2595 437 2618 causa
459 2582 558 2617 nasci
581 2595 625 2618 ex
647 2581 791 2617 muliere
814 2586 1018 2627 perpetuam
1045 2579 1285 2626 virginitatem
1308 2584 1541 2614 conservante
1563 2580 1671 2614 susti-

195 2629 285 2663 nuit.
331 2630 425 2664 idem
447 2629 627 2664 Eusebius
651 2634 772 2664 narrat
787 2628 979 2673 Augustum
1002 2627 1157 2672 Delphos
1181 2626 1377 2671 profectum
1400 2626 1446 2661 de
1465 2637 1670 2661 successuro

195 2674 264 2709 sibi
289 2676 463 2711 oraculum
488 2675 717 2721 consuluisse,
749 2679 785 2709 et
807 2685 884 2709 cum
906 2678 1006 2708 vates
1029 2673 1116 2708 nihil
1133 2672 1379 2718 responderet,
1402 2672 1565 2708 scitatum
1586 2684 1670 2708 cau-

196 2732 269 2756 sam
293 2733 356 2756 cur
379 2722 553 2757 oraculum
578 2721 799 2765 conticuerit,
824 2720 891 2754 hoc
909 2731 1114 2766 responsum
1137 2718 1283 2753 tulisse:

416 2780 471 2802 me
494 2780 583 2813 puer
600 2769 763 2803 Ebraeus
786 2766 887 2802 iubet
908 2766 975 2801 hoc
999 2766 1180 2801 discedere
1203 2763 1351 2810 templo,

414 2825 479 2848 rex
502 2815 640 2860 divum,
666 2819 703 2849 et
724 2813 886 2859 Stygium
913 2824 1048 2848 rursum
1071 2823 1229 2847 remeare
1252 2812 1317 2845 sub
1342 2811 1486 2847 Orcum.

414 2865 454 2894 tu
479 2861 605 2896 tacitus
629 2867 751 2897 nostra
772 2861 859 2896 haec
878 2860 947 2895 iam
965 2871 1057 2895 nunc
1080 2857 1208 2896 altaria
1231 2856 1365 2903 linque.
