1742 3184
381 210 782 259 HISTORIARUM
815 211 1208 258 COMPENDIUM.
1435 212 1535 261 453

63 321 312 382 περάσαντες
334 327 472 370 πᾶσαν
491 327 567 383 τὴν
588 325 705 371 δύσιν
726 331 795 371 καὶ
815 325 998 371 Ἰταλίαν
1017 324 1218 384 ἀνατολήν
1243 344 1287 371 τε
1306 329 1375 372 καὶ
1398 326 1536 373 Ἀσίαν
1556 338 1587 375 Β

63 392 302 451 ἐπόρθησαν
325 397 394 438 καὶ
422 397 679 454 παρέλαβον,
714 399 809 452 δίχα
829 395 958 454 μόνης
983 397 1113 441 Ἰλίου
1138 399 1206 440 καὶ
1229 398 1422 450 Κυζίκου.
1487 394 1539 455 ἦν

64 463 110 505 δὲ
149 464 454 516 Βουλουσιανός
497 465 586 516 υἱὸς
624 463 803 509 Γάλλου.
882 468 950 510 καὶ
993 465 1015 509 ὅ
1055 467 1131 522 μέν
1172 465 1334 518 Γάλλος
1380 465 1539 525 ἐσφάγη

63 529 281 575 καθεύδων
301 530 382 576 ὑπὸ
410 538 484 589 τῆς
509 535 618 585 ι’ὁιάς
642 532 854 592 γυναικός,
890 534 912 579 ὃ
933 537 978 580 ὁὲ
993 536 1298 589 Βουλουσιανός
1312 534 1392 580 ὕπὸ
1412 555 1539 595 στρα-

28 604 231 646 5τιωτῶν.

196 668 346 721 Δέκιος
365 669 623 725 ἐβασίλευσεν
639 669 707 728 ἔτη
726 670 784 727 β’.
852 667 971 729 οὗτος
988 672 1164 725 πολλοὺς
1181 672 1321 731 ἁγίους
1336 671 1538 731 ἐτιμωρή-

60 755 162 783 σατο
187 741 255 781 καὶ
274 737 446 798 θανάτῳ
464 741 686 798 παρέδωκε.
753 743 821 784 καὶ
846 739 867 784 ὅ
890 741 1003 798 ἅγιος
1024 744 1263 800 Κυπριανὸς
1289 745 1356 786 καὶ
1384 741 1411 799 ἦ
1440 741 1536 800 ἆγία

56 807 265 851 Ἰουστῖνα
285 807 587 867 ἐμαρτύρησαν,
622 813 689 853 καὶ
713 809 751 852 οἱ
771 812 814 853 ἐν
832 811 991 870 Ἐφέσῳ
1023 810 1124 855 ἑπτὰ
1145 814 1309 866 παῖδες,
1342 814 1410 855 καὶ
1429 817 1535 868 πλῆ-

59 881 142 928 θος
166 876 289 933 ἁγίων
315 869 434 921 πολύ.
503 873 622 929 οὗτος
647 880 858 923 ἐθέσπισεν
879 882 920 923 έν
936 879 1073 938 Ῥώμῃ
1091 881 1167 932 τὰς
1186 881 1442 939 Χριστιανᾶς
1459 899 1536 938 γυ-

5 953 52 989 10
63 953 204 997 ναΐκας
230 946 290 1002 μὴ
324 947 468 998 ἔξεΐναι
497 946 882 992 κατακαλύπτεσθαι
912 950 987 1004 τὴν
1015 949 1212 1008 κεφαλήν,
1258 949 1440 1006 οῗόμενος
1463 951 1534 993 διὰ

59 1020 132 1071 τῆς
151 1016 414 1072 νομιζομένης
431 1015 624 1072 αἰσχύνης
641 1016 793 1073 ταύτης
811 1021 868 1069 εἷς
888 1020 1220 1076 εἷὸιολολατρείαν
1241 1017 1419 1063 ἑλκύσαι.
1489 1019 1532 1062 αἶ
1556 1024 1588 1060 C
1608 1020 1610 1022 ’

61 1085 107 1127 δὲ
133 1088 290 1139 μᾶλλον
319 1084 650 1129 ἇκατακάλυπτοι
676 1085 904 1145 προῄεσαν,
946 1086 1070 1139 δόξαν
1094 1086 1314 1144 ἡγούμεναι
1337 1089 1411 1144 τὴν
1430 1086 1533 1147 ὗπέρ

59 1155 246 1211 Χριστοῦ
269 1155 472 1198 δοκοῦσαν
497 1156 661 1210 ἀτιμίαν
686 1156 800 1214 παρὰ
827 1163 912 1207 τοῖς
932 1156 1190 1215 ἀνθρώποις·
1225 1156 1325 1200 ὅθεν
1346 1157 1442 1215 ἄχρι
1460 1161 1535 1200 τοῦ

58 1226 133 1265 νῦν
151 1222 194 1265 αἱ
207 1223 283 1278 μὲν
299 1223 480 1280 ἀκριβεῖς
493 1226 754 1281 Χριστιανῶν
771 1232 954 1282 γυναῖκες
969 1225 1300 1270 ἄκατακάλυπτοι
1311 1228 1534 1284 προέρχον-

3 1298 49 1335 15
60 1309 151 1344 ται,
176 1346 178 1349 Ι
199 1291 242 1334 αἱ
265 1293 310 1335 δὲ
334 1292 536 1336 Ἰουδαῖοι
560 1296 626 1335 καὶ
659 1293 820 1337 ἄπιστοι
841 1293 1230 1338 κατακαλύπτονται.
1299 1296 1368 1354 ἔφ’
1393 1290 1443 1338 οὗ
1466 1297 1535 1338 καὶ

58 1357 259 1414 Βαβύλας
273 1361 514 1416 Ἀντιοχείας
530 1364 597 1404 καὶ
621 1363 856 1417 Φλαβιανὸς
868 1362 1027 1419 Ῥώμης
1044 1366 1111 1406 καὶ
1124 1363 1534 1422 ἈλέξανδροςἽερο-

58 1427 250 1484 σολῦμων
270 1431 337 1472 καὶ
358 1429 577 1481 Διονύσιος
601 1431 903 1490 Ἀλεξανδρείας
929 1431 1230 1491 ἐμαρτύρησαν.
1298 1435 1367 1476 καὶ
1386 1431 1534 1488 Νοβά-

57 1515 129 1549 τος
146 1496 419 1557 πρεσβύτερος
439 1499 495 1543 ὢν
515 1504 592 1555 τῆς
611 1501 823 1556 ἐκκλησίας
842 1501 993 1557 ἀπέστη
1006 1533 1020 1553 ,
1068 1502 1114 1552 ὃς
1134 1502 1231 1553 τοὺς
1257 1499 1535 1553 ἓπιθύσαντας

59 1567 101 1610 ἓν
123 1568 287 1626 διωγμῷ
309 1573 606 1622 μετανοοῦντας
627 1569 700 1612 οὔκ
721 1571 891 1624 ἐδέχετο.
960 1571 1025 1612 ἐπὶ
1050 1568 1199 1613 τούτου
1214 1571 1446 1621 Ἐλκεσαῖος
1467 1571 1534 1613 αἱ-

0 1634 279 1693 Ξθρεσιάρχης
306 1637 548 1695 ἔγνωρίζετο.
629 1637 811 1695 ἀνῃρέθη
834 1639 879 1682 δὲ
897 1638 1046 1690 Δέκιος
1065 1637 1145 1682 {md
1169 1642 1348 1683 Σκυθῶν
1366 1637 1534 1694 ὖποθή-

58 1723 150 1756 καις
167 1703 331 1748 Γάλλου
350 1707 392 1749 ἓν
413 1707 582 1761 τέλματι
601 1705 830 1765 ἀποπνιγεὶς
847 1708 952 1762 μετὰ
971 1712 1046 1751 τοῦ
1072 1709 1175 1751 ἲδίου
1201 1708 1316 1762 υἱοῦ,
1351 1706 1407 1759 ὥς
1426 1709 1530 1763 μηδὲ
1550 1715 1584 1751 D

56 1773 111 1832 τὰ
144 1772 315 1829 σώματα
345 1775 481 1819 αὐτῶν
510 1774 726 1834 εὑρεθῆναι
734 1808 749 1830 ,
796 1776 909 1829 ἄξιον
938 1781 1014 1833 τῆς
1042 1779 1273 1836 θηριωδιάς
1306 1777 1441 1822 αὐτῶν
1462 1776 1534 1821 τὸν

55 1840 241 1886 θάνατον
257 1840 482 1902 εὑράμενοι.

55 2043 209 2089 liamque
238 2045 350 2078 totam
378 2041 639 2079 incursionibus
672 2031 879 2091 depraedati
912 2046 1016 2088 sunt,
1050 2045 1089 2078 et
1108 2042 1227 2079 Asiam
1257 2046 1531 2089 occupaverunt,

56 2089 142 2125 solis
173 2089 240 2124 Ilio
277 2092 314 2124 et
345 2088 479 2133 Cyzico
519 2090 663 2124 urbibus
705 2091 878 2136 exceptis.
942 2089 1155 2124 Volusianus
1178 2089 1284 2134 &Galli
1313 2089 1406 2124 filius
1440 2094 1531 2125 erat.

54 2135 228 2217 gaggis.
249 2145 315 2170 sua
333 2146 444 2170 uxore
466 2135 642 2171 dormiens
664 2135 840 2183 iugulatus
864 2140 941 2172 est:
965 2135 1194 2171 Volusianum
1216 2135 1346 2171 milites
1371 2135 1530 2171 trucida-

147 2249 279 2285 Decius
301 2248 492 2295 imperavit
511 2248 705 2285 biennium.
751 2250 784 2285 is
816 2250 944 2286 multos
971 2253 1111 2286 sanctos
1145 2248 1319 2296 supplicio
1343 2249 1464 2285 affecit
1488 2261 1531 2285 ao

57 2295 138 2332 neci
160 2295 320 2332 tradidit.
368 2296 433 2330 sub
466 2307 509 2330 eo
539 2296 575 2330 b.
605 2295 806 2342 Cyprianus
836 2302 874 2332 et
899 2299 1004 2332 beata
1025 2296 1180 2341 Iustina,
1215 2302 1288 2331 tum
1311 2295 1448 2340 Ephesi
1471 2307 1531 2330 se-

56 2348 153 2390 ptem
186 2342 288 2388 pueri
321 2353 518 2387 magnaque
547 2349 746 2378 sanctorum
777 2343 960 2378 multitudo
985 2344 1030 2377 ob
1054 2354 1163 2377 verae
1186 2341 1368 2387 religionis
1389 2342 1529 2388 profes-

57 2390 193 2424 sionem
214 2388 330 2423 necati
353 2392 449 2425 sunt.
495 2387 527 2422 is
552 2389 664 2423 edixit
685 2401 730 2424 ne
751 2390 885 2424 Romae
908 2389 1070 2424 mulieres
1090 2388 1314 2422 Christianae
1336 2392 1444 2442 caput
1462 2399 1528 2422 ve-

55 2436 193 2478 larent,
226 2444 373 2479 sperans
402 2445 446 2468 ea
470 2433 708 2479 turpitudine,
742 2435 847 2470 sicuti
870 2437 1079 2482 putabatur,
1111 2435 1156 2468 ad
1178 2433 1300 2468 falsam
1323 2433 1530 2479 rehgionem

55 2479 219 2528 pertrahi
243 2491 304 2514 eas
327 2490 446 2525 posse.
492 2491 615 2515 verum
647 2493 710 2516 eae
740 2481 937 2516 maluerunt
965 2481 1058 2515 nudo
1092 2479 1211 2526 capite
1243 2479 1402 2526 prodire.
1448 2479 1532 2514 inde

59 2532 117 2563 est
137 2526 233 2572 quod
255 2526 293 2559 in
314 2525 409 2560 hunc
427 2536 538 2571 usque
566 2526 658 2561 diem
687 2526 911 2562 Christianae
941 2527 1101 2573 perfecte
1128 2525 1291 2561 mulieres
1313 2526 1406 2560 nudo
1428 2525 1529 2560 ince-

58 2574 148 2609 dunt
172 2571 306 2617 capite,
340 2571 493 2606 Iudaeae
516 2578 631 2607 autem
658 2577 696 2607 et
715 2574 877 2608 ethnicae
899 2577 1008 2608 tecto.
1055 2573 1121 2606 sub
1144 2572 1255 2606 Decio
1277 2571 1527 2618 Babylas‘An-

58 2618 232 2662 fiocheae,
254 2617 447 2653 Flavianus
463 2619 611 2663 Romae,
642 2618 842 2655 Alexander
864 2617 1133 2663 Hierosolymae
1158 2617 1420 2664 Dionysiusque
1442 2617 1527 2653 Ale-

58 2665 227 2701 xandriae
250 2663 410 2709 episcopi
435 2664 577 2699 veritati
606 2664 750 2700 divinae
777 2665 1014 2701 testimonium
1045 2663 1227 2698 toleranda
1249 2676 1335 2699 nece
1356 2663 1524 2698 tulerunt.

58 2718 98 2747 et
118 2711 281 2746 Novatus
301 2713 491 2756 presbyter
513 2712 558 2745 ab
584 2710 732 2746 ecclesia
753 2712 903 2756 defecit,
936 2721 997 2745 eos
1025 2709 1088 2755 qui
1118 2709 1154 2744 in
1186 2709 1430 2755 persecutione
1454 2708 1524 2744 diis

57 2756 312 2800 immolassent,
351 2757 602 2802 poenitentiam
634 2762 778 2801 agentes
808 2769 879 2792 non
911 2755 1101 2801 recipiens.
1148 2760 1233 2790 tunc
1265 2762 1302 2791 et
1330 2756 1524 2792 Elcesaeus

55 2803 247 2838 haereseos
268 2802 432 2850 princeps
449 2803 613 2838 innotuit.
639 2803 769 2839 Decius
792 2803 889 2838 Gaui
910 2802 1046 2837 artibus
1069 2805 1125 2837 est
1146 2813 1170 2837 a
1190 2801 1335 2846 Scythis
1353 2813 1423 2838 unu
1445 2813 1523 2838 cum

57 2849 131 2884 filio
153 2849 192 2883 iu
215 2848 342 2895 palude
363 2850 570 2895 suffocatus,
590 2860 811 2896 corporaque
832 2860 951 2885 eorum
972 2848 1117 2884 inventa
1136 2858 1206 2884 non
1225 2853 1322 2884 sunt.
1366 2849 1420 2885 ita
1439 2859 1525 2885 suae

56 2895 228 2932 saevitiae
251 2906 384 2942 poenas
406 2895 519 2932 dedit.
964 2917 967 2921 ·
