1742 3184
199 191 267 246 44
528 193 554 227 ι’·
568 194 579 213 ”
611 187 663 227 '³'-
675 186 931 239 {GEoRGn
959 185 1221 235 GEDREM

196 300 444 371 Ἀντιόπην,
451 309 626 371 Δ·’ἷε’ρ“ιειιᾶεν
640 304 773 357 ὀὖσαν
790 313 866 354 τοῦ
878 307 1042 362 ‘msam
1082 304 1281 361 Θεόβυιος
1302 302 1324 349 ὃ
1346 302 1436 355 υἱός
1455 299 1692 361 Βράτωνος,

155 383 158 387 ’
203 388 247 430 ἐκ
279 389 355 430 τοῦ
374 379 615 441 γε’νουςὲτοῦ
640 381 746 433 Διὸς
774 377 1072 436 καταγόμενος,
1110 376 1290 435 ἀδελφὸς
1319 375 1363 418 δὲ
1389 378 1464 418 τοῦ
1483 374 1692 426 Νυκτέως,

203 458 334 514 μιγεὶς
357 450 478 515 γεννᾷ
512 455 686 508 δίδυμα,
727 448 941 510 Ἀμφίωνά
968 461 1013 493 ’τε
1039 450 1107 492 καὶ
1129 451 1300 503 Ζῆθον,
1329 444 1420 497 -οῧς
1439 449 1490 503 τῇ
1513 441 1693 491 κελεύσει

203 532 277 571 τοῦ
302 517 491 583 ἀδελφοῦ
507 523 690 582 ῥίπτουσι
708 523 879 578 πλησίον
896 524 970 563 τοῦ
990 519 1296 577 Κιθαιρωνείου
1315 514 1451 573 ὅρους.
1515 514 1693 573 Ὀρδίων

204 597 253 640 δέ
278 614 340 647 τις
359 588 550 653 ’γέωργός
571 593 696 644 ἄπαις
718 591 775 635 ὢν
799 589 1019 646 ἀνελάβετο
1043 591 1112 632 καὶ
1137 582 1563 646 ἀνεθρέψατο·αὖτά.’
1617 588 1729 639 τῆςὸ

205 668 250 710 δὲ
271 663 483 720 Ἀντιόπης
510 659 623 721 παρὰ
645 667 695 721 τῇ
721 663 856 720 Δίρκῃ
883 660 1193 719 φυλαττομένης
1224 659 1287 701 ἐπὶ
1321 655 1367 700 τὸ
1403 658 1695 714 τιμωρηθῆναι

205 736 275 781 διὰ
296 737 343 780 τὸ
366 738 679 793 παρανομῆσαι,
703 735 804 776 ,ἐπεὶ
824 728 1003 787 πόλεμος
1023 733 1064 775 ἕν
1087 734 1138 788 τῇ
1160 729 1350 787 Ἀργείων
1371 724 1543 783 ἐκινήθη
1558 723 1694 785 χώρα,

148 813 180 847 D
204 811 278 851 τοῦ
298 804 459 850 ’Λύκου
475 806 736 863 ’χρονίζοντος
763 803 911 855 ἐκεῖσε,
948 799 975 858 ἦ
995 802 1130 859 Δίρκη
1153 800 1223 844 τὸν
1240 798 1407 842 Νυκτέα
1428 800 1697 846 θωπευτικιῦς

203 875 345 936 ἠρώτα
367 865 568 919 ἀπολῦσαι
581 872 807 930 Ἀντιόπην.
876 870 964 915 ὅδὲ
981 875 1140 927 μᾶλλον
1162 870 1384 928 προσέταξε
1404 866 1546 926 ταύρῳ·
1568 866 1697 923 ἀγρίῳ

201 945 354 1003 ταύτην
376 948 659 1005 προσδεθῆναι
681 947 748 988 καὶ
769 944 1008 995 ἀποθανεῖν,
1058 940 1114 994 ὡς
1143 942 1218 997 τὴν
1243 939 1472 998 παρθενίαν
1491 934 1695 993 -βεβηλῶ-
1709 942 1742 980 ss

204 1034 351 1061 σασαν.·
421 1013 668 1066 ἀκούσαντες
690 1016 734 1058 δὲ
753 1019 872 1058 τοῦτο
892 1017 1040 1069 Ζῆθος
1060 1014 1127 1056 καὶ
1145 1011 1362 1069 Ἀμφίων,
1388 1010 1462 1052 καὶ
1482 1007 1599 1066 παρὰ
1621 1010 1697 1050 τοῦ

207 1087 557 1142 ἄναθρεψαμένου
589 1083 759 1136 τούτους
784 1082 992 1141 μαθόντες
1015 1081 1071 1135 ὡς
1099 1082 1202 1138 αὕτη
1227 1083 1335 1125 ἐστὶν
1355 1078 1381 1136 ἦ
1402 1078 1539 1135 μήτηρ
1563 1078 1698 1121 αὐτῶν

201 1156 433 1212 Ἀντιόπη,
475 1155 562 1212 ἅμα
590 1157 769 1199 πλείοσιν
802 1156 1005 1213 ἀγροίκοις
1033 1151 1339 1203 ἐπεισπεσόντες
1353 1151 1452 1201 τοὺς
1474 1150 1549 1204 μὲν
1569 1165 1699 1206 στρα-

207 1226 357 1280 τιώτας
383 1228 711 1279 κατακτείνουσι,
760 1226 918 1283 Δίρκην
947 1226 991 1268 δὲ
1026 1229 1083 1283 τῷ
1113 1222 1253 1281 ταύρῳ
1284 1223 1592 1278 προσδεσμοῦσι
1630 1219 1700 1261 καὶ

210 1297 442 1357 φονεύουσι.
501 1297 576 1339 σὺν
595 1302 646 1354 τῇ
663 1298 788 1354 μητρὶ
808 1296 853 1339 δὲ
869 1293 1077 1352 Ἀντιόπῃ
1099 1297 1154 1344 εἷς
1175 1293 1249 1348 τὴν
1264 1292 1477 1335 Βοιωτίαν
1493 1288 1698 1340 ἐλθόντες,
1713 1297 1742 1334 12

210 1370 294 1411 ἐπεὶ
325 1366 346 1411 ὃ
377 1367 562 1418 Νυκτεὺς
590 1368 808 1422 τέθνηκεν,
858 1365 895 1408 οἳ
924 1366 1116 1420 μουσικοὶ
1138 1367 1287 1420 Ζῆθος
1315 1364 1382 1406 καὶ
1407 1362 1592 1419 Ἀμφίων
1617 1363 1700 1403 τῶν

208 1442 405 1481 Βοιωτῶν
432 1437 499 1493 ἔτη
525 1436 656 1479 πολλὰ
682 1434 961 1492 βασιλεύουσι.
1031 1437 1210 1487 κτίζουσι
1233 1435 1277 1476 δὲ
1298 1432 1417 1475 πόλιν
1440 1431 1621 1488 μεγάλην
1644 1431 1701 1481 εἰς

89 1518 118 1552 Ρ
141 1516 186 1555 25
212 1507 342 1564 ὄνομα
362 1511 436 1551 τοῦ
457 1507 653 1564 πατέρος,
702 1506 753 1562 ἣν
782 1508 850 1549 καὶ
878 1507 1080 1561 Θεοβοίου
1106 1503 1255 1560 Θήβας
1276 1502 1511 1558 ὠνόμασαν.
1583 1499 1604 1543 ὅ
1625 1500 1702 1556 μὲν

206 1579 433 1637 Εὐριπίδης
462 1582 521 1636 τῷ
554 1576 642 1619 ἔθει
671 1580 755 1619 τῶν
785 1581 963 1631 ποιητῶν
992 1579 1243 1631 μυθολογῶν
1270 1573 1341 1616 τὸν
1373 1574 1459 1615 Δία
1490 1574 1616 1630 φησὶν
1646 1572 1703 1622 εἰς

208 1647 398 1706 Σάτυρον
422 1647 738 1702 μεταβληθέντα
761 1646 834 1702 τὴν
851 1643 1064 1701 Ἀντιόπην
1086 1649 1273 1704 φθεῖραι,
1305 1645 1346 1696 ἐξ
1366 1637 1414 1700 ἧς
1429 1644 1614 1701 Ἀμφίων
1633 1643 1742 1685 καὶ24

210 1723 357 1774 Ζῆθος
381 1717 420 1760 οῗ
438 1718 640 1772 μουσικοί.
689 1722 809 1759 τοῦτο
833 1717 891 1769 δέ,
921 1717 1060 1774 φασίν,
1091 1713 1195 1758 εἶπεν
1217 1712 1273 1766 ὥς
1294 1714 1572 1768 καταχθέντος
1595 1712 1703 1755 Θεο-

208 1790 327 1845 βοίου
349 1789 392 1830 ἐκ
415 1791 490 1830 τοῦ
504 1789 641 1830 Πίκου
660 1791 734 1830 τοῦ
751 1788 819 1830 καὶ
839 1787 974 1842 Ζηνὸς
993 1786 1099 1829 κατὰ
1118 1782 1478 1841 μετεμψυχώσεως
1494 1781 1704 1839 μετάστα-

211 1873 299 1903 σιν·
346 1862 467 1901 τοῦτο
496 1857 576 1916 γὰρ
604 1859 792 1914 σημαίνει
813 1858 859 1901 τὸ
881 1856 1060 1916 σάτυρος
1086 1855 1218 1912 ὄνομα
1242 1855 1348 1899 κατὰ
1366 1854 1441 1911 τὴν
1461 1859 1542 1898 τῶν
1565 1856 1706 1897 Βοιω-

210 2005 288 2028 cum
311 1991 415 2027 huius
443 1991 517 2027 filia
534 1991 703 2038 Antiopa,
728 1992 914 2026 sacerdote
933 1991 1041 2036 Solis,
1066 1991 1283 2026 Theoboeus
1306 1988 1474 2025 Bratonis
1498 1989 1547 2024 F.
1575 2001 1596 2023 a
1617 1989 1707 2024 Iove

212 2051 324 2085 genus
348 2040 479 2074 ducens
504 2052 545 2074 ac
567 2040 678 2074 frater
699 2039 855 2084 Nyctei,
888 2051 1017 2086 corpus
1041 2039 1201 2084 miscuit,
1228 2039 1382 2083 indeque
1404 2035 1563 2082 geminos
1588 2048 1632 2070 ea
1651 2040 1708 2070 est

214 2087 336 2132 enixa,
370 2086 601 2132 Amphionem
631 2092 666 2121 et
695 2085 866 2129 Zethum3
914 2086 975 2132 qui
1008 2086 1107 2121 iussu
1137 2086 1258 2120 fratris
1294 2084 1560 2131 expositi-sunt
1592 2092 1708 2129 prope

213 2140 367 2168 montem
391 2133 657 2168 Cithaeronem.
706 2134 771 2168 sed
800 2133 942 2179 quidam
974 2134 1129 2169 rusticus
1162 2133 1274 2167 Ordio
1305 2132 1465 2176 nomine,
1503 2141 1580 2165 cum
1607 2130 1709 2176 prole

214 2185 375 2226 careret,
412 2180 554 2216 sustulit
586 2193 647 2216 eos
672 2187 779 2226 atque
803 2179 983 2215 educavit.
1032 2192 1108 2216 cum
1133 2187 1250 2215 autem
1275 2180 1431 2226 Antiopa
1455 2178 1550 2224 apud
1573 2177 1708 2212 Dircen

215 2232 483 2273 asservaretur,
515 2233 555 2263 ut
579 2233 726 2275 propter
749 2227 921 2273 flagitium
944 2228 1163 2262 commissum
1188 2239 1252 2262 suo
1285 2233 1447 2273 tempore
1472 2237 1607 2272 poenas
1630 2224 1707 2259 lue-

214 2280 294 2320 ret,
322 2286 398 2309 cum
420 2275 458 2309 in
477 2275 687 2320 Argivorum
711 2276 860 2320 regione
885 2275 1011 2310 bellum
1036 2275 1236 2310 exstitisset
1257 2274 1380 2321 ibique
1402 2274 1523 2319 Lycus
1549 2284 1708 2307 morare-

215 2328 293 2366 tur,
331 2322 440 2356 Dirce
463 2323 641 2366 Nycteum
669 2322 799 2358 blande
830 2322 1025 2358 solicitavit
1058 2323 1103 2357 de
1135 2322 1318 2357 liberanda
1347 2321 1515 2368 Antiopa.
1564 2320 1596 2354 is
1620 2331 1709 2353 vero

215 2374 317 2403 tauro
344 2381 418 2404 eam
437 2370 555 2415 potius
580 2370 658 2405 fero
686 2369 894 2415 alligandam
921 2369 1044 2415 itaque
1067 2370 1259 2404 necandam
1284 2370 1495 2415 profanatae
1517 2366 1708 2412 virginita-

216 2415 263 2450 tis
286 2428 391 2451 causa
413 2415 617 2463 imperavit.
666 2417 735 2452 hoc
758 2429 836 2452 cum
859 2417 1122 2452 inaudivissent
1145 2416 1321 2463 Amphion
1344 2422 1381 2451 et
1399 2415 1535 2450 Zethus
1549 2441 1559 2459 ,
1596 2415 1640 2449 ab
1666 2425 1708 2448 eo

215 2462 277 2507 qui
300 2462 397 2508 ipsos
422 2465 637 2499 educaverat
662 2465 781 2499 edocti
802 2464 980 2510 Antiopae
1003 2476 1042 2498 se
1067 2476 1147 2499 esse
1169 2464 1282 2507 filios,
1319 2475 1397 2498 cum
1419 2473 1524 2497 mann
1552 2460 1708 2495 rustico-

214 2520 291 2563 rum
314 2510 505 2555 irruerunt,
529 2511 736 2558 necatisque
759 2511 928 2546 militibus
953 2510 1087 2546 Dircen
1111 2517 1214 2546 tauro
1237 2511 1416 2556 alligatam
1435 2508 1708 2543 interfecerunt.

215 2555 287 2601 lpsi
320 2568 397 2591 cum
430 2564 541 2593 matre
564 2559 718 2604 Antiopa
752 2558 789 2593 in
813 2559 998 2594 Boeotiam
1031 2559 1206 2604 profecti,
1242 2570 1320 2593 cum
1343 2559 1412 2592 iam
1438 2556 1601 2600 Nycteus
1631 2555 1710 2590 vita

216 2603 450 2648 decessisset,
487 2604 539 2640 ita
564 2605 690 2640 musici
719 2606 895 2652 Amphion
925 2611 963 2640 et
991 2605 1126 2640 Zethus
1160 2606 1306 2640 Boeotis
1338 2604 1466 2639 multos
1499 2614 1564 2650 per
1597 2613 1710 2637 annos

214 2649 318 2704 regia
367 2654 516 2686 otestate
539 2652 816 2698 imperaverunt.
866 2653 902 2687 hi
927 2665 1087 2698 magnam
1110 2655 1232 2688 urbem
1254 2651 1508 2695 condiderunt,
1540 2656 1577 2684 et
1601 2662 1624 2684 a
1644 2661 1709 2695 pa-

215 2701 283 2730 tris
308 2696 342 2731 T
371 2698 494 2732 eoboei
526 2700 665 2734 nomine
697 2701 844 2736 Thebas
878 2706 1139 2746 nuncuparunt.
1187 2699 1380 2745 Euripides
1407 2709 1503 2731 more
1527 2703 1711 2742 poetarum

214 2743 372 2798 fabulam
393 2755 551 2790 narrans,
576 2747 696 2782 Iovem
721 2747 774 2782 ait
796 2753 938 2793 sumpta
960 2748 1085 2791 Satyri
1109 2748 1225 2791 figura
1247 2746 1425 2791 Antiopae
1449 2744 1577 2779 vitium
1603 2744 1710 2778 obtu-

216 2790 326 2825 lisse:
358 2803 400 2825 eo
423 2802 466 2826 ex
490 2794 680 2829 concubitu
706 2800 808 2830 natos
832 2794 1063 2841 Amphionem
1092 2801 1129 2829 et
1149 2794 1299 2830 Zethum
1324 2792 1492 2827 musicos.
1540 2791 1608 2826 hoc
1633 2801 1710 2825 eum

217 2837 300 2872 ideo
325 2837 460 2872 dixisse
482 2845 629 2885 putant,
664 2843 760 2886 quod
783 2842 1000 2878 Theoboeus
1026 2854 1048 2876 a
1071 2842 1186 2887 Pico,
1223 2840 1286 2886 qui
1313 2840 1406 2874 idem
1436 2838 1600 2885 ‚luppiter
1628 2837 1710 2881 fuit,

218 2884 443 2921 descenderit
465 2897 529 2931 per
553 2887 690 2922 animae
711 2888 750 2924 in
775 2888 844 2924 alia
869 2895 952 2935 post
977 2888 1046 2923 alia
1070 2900 1222 2934 corpora
1246 2887 1582 2932 commigrationem.
1632 2896 1711 2920 nam

219 2931 436 2968 Boeotorum
464 2943 629 2971 sermone
655 2935 809 2983 Satyrus
840 2937 978 2974 animae
1004 2936 1043 2972 in
1064 2936 1160 2972 aliud
1186 2934 1289 2970 vilius
1312 2946 1442 2981 corpus
1465 2932 1712 2978 migrationem
