<?xml version="1.0" encoding="UTF-8"?>
<!DOCTYPE html PUBLIC "-//W3C//DTD XHTML 1.0 Transitional//EN"
    "http://www.w3.org/TR/xhtml1/DTD/xhtml1-transitional.dtd">
<html xmlns="http://www.w3.org/1999/xhtml" xml:lang="en" lang="en">
 <head>
  <title>
</title>
<meta http-equiv="Content-Type" content="text/html;charset=utf-8" />
  <meta name='ocr-system' content='tesseract 3.04.00' />
  <meta name='ocr-capabilities' content='ocr_page ocr_carea ocr_par ocr_line ocrx_word'/>
</head>
<body>
  <div class='ocr_page' id='page_1' title='image "./corpusscriptorum13niebuoft_0603.png"; bbox 0 0 1742 3184; ppageno 0'>
   <div class='ocr_carea' id='block_1_1' title="bbox 401 164 1544 227">
    <p class='ocr_par' dir='ltr' id='par_1_1' title="bbox 401 164 1544 227">
     <span class='ocr_line' id='line_1_1' title="bbox 401 164 1544 227; baseline 0.006 -13"><span class='ocrx_word' id='word_1_1' title='bbox 401 164 794 219; x_wconf 69' lang='lat' dir='ltr'>fflSTORnRUm</span> <span class='ocrx_word' id='word_1_2' title='bbox 826 167 1218 221; x_wconf 76' lang='lat' dir='ltr'>coMPENDIUM.</span> <span class='ocrx_word' id='word_1_3' title='bbox 1440 173 1544 227; x_wconf 40' lang='lat'><strong>1579</strong></span> 
     </span>
    </p>
   </div>
   <div class='ocr_carea' id='block_1_2' title="bbox 44 283 1572 758">
    <p class='ocr_par' dir='ltr' id='par_1_2' title="bbox 44 283 1572 758">
     <span class='ocr_line' id='line_1_2' title="bbox 81 283 1559 345; baseline 0.003 -17"><span class='ocrx_word' id='word_1_4' title='bbox 81 283 262 343; x_wconf 69' lang='grc' dir='ltr'><strong><em>ἄτυφον,</em></strong></span> <span class='ocrx_word' id='word_1_5' title='bbox 291 285 359 328; x_wconf 82' lang='grc' dir='ltr'>καὶ</span> <span class='ocrx_word' id='word_1_6' title='bbox 391 285 574 343; x_wconf 79' lang='grc' dir='ltr'><strong><em>φοβερὸν</em></strong></span> <span class='ocrx_word' id='word_1_7' title='bbox 589 287 656 328; x_wconf 79' lang='grc' dir='ltr'>καὶ</span> <span class='ocrx_word' id='word_1_8' title='bbox 679 290 882 345; x_wconf 82' lang='grc' dir='ltr'><strong><em>προσηνῆ,</em></strong></span> <span class='ocrx_word' id='word_1_9' title='bbox 920 287 988 336; x_wconf 75' lang='grc' dir='ltr'>καὶ</span> <span class='ocrx_word' id='word_1_10' title='bbox 1017 286 1253 345; x_wconf 81' lang='grc' dir='ltr'><strong><em>ἂρχοντικόν</em></strong></span> <span class='ocrx_word' id='word_1_11' title='bbox 1274 289 1341 331; x_wconf 81' lang='grc' dir='ltr'>καὶ</span> <span class='ocrx_word' id='word_1_12' title='bbox 1362 295 1559 333; x_wconf 58' lang='lat' dir='ltr'>nocitum-⁷</span> 
     </span>
     <span class='ocr_line' id='line_1_3' title="bbox 80 354 1572 413; baseline 0.003 -17"><span class='ocrx_word' id='word_1_13' title='bbox 80 354 175 406; x_wconf 83' lang='grc' dir='ltr'><strong><em>κόν,</em></strong></span> <span class='ocrx_word' id='word_1_14' title='bbox 209 356 278 397; x_wconf 85' lang='grc' dir='ltr'>καὶ</span> <span class='ocrx_word' id='word_1_15' title='bbox 311 354 533 399; x_wconf 70' lang='grc' dir='ltr'><strong><em>ἀδίκαστον</em></strong></span> <span class='ocrx_word' id='word_1_16' title='bbox 563 357 630 398; x_wconf 84' lang='grc' dir='ltr'>καὶ</span> <span class='ocrx_word' id='word_1_17' title='bbox 658 354 976 413; x_wconf 71' lang='grc' dir='ltr'><strong><em>θεραπευτικόν,</em></strong></span> <span class='ocrx_word' id='word_1_18' title='bbox 1011 359 1078 400; x_wconf 85' lang='grc' dir='ltr'>καὶ</span> <span class='ocrx_word' id='word_1_19' title='bbox 1108 356 1295 400; x_wconf 67' lang='grc' dir='ltr'><strong><em>ταπεινὸν</em></strong></span> <span class='ocrx_word' id='word_1_20' title='bbox 1323 360 1390 400; x_wconf 82' lang='grc' dir='ltr'>καὶ</span> <span class='ocrx_word' id='word_1_21' title='bbox 1418 357 1572 401; x_wconf 62' lang='grc' dir='ltr'>οἰδού-ι</span> 
     </span>
     <span class='ocr_line' id='line_1_4' title="bbox 79 424 1542 483; baseline 0.003 -18"><span class='ocrx_word' id='word_1_22' title='bbox 79 426 232 475; x_wconf 86' lang='grc' dir='ltr'><strong><em>λωτον,</em></strong></span> <span class='ocrx_word' id='word_1_23' title='bbox 265 426 334 466; x_wconf 81' lang='grc' dir='ltr'>καὶ</span> <span class='ocrx_word' id='word_1_24' title='bbox 363 425 540 483; x_wconf 80' lang='grc' dir='ltr'><strong><em>φαιδρὸν</em></strong></span> <span class='ocrx_word' id='word_1_25' title='bbox 571 426 640 467; x_wconf 83' lang='grc' dir='ltr'>καὶ</span> <span class='ocrx_word' id='word_1_26' title='bbox 673 424 850 483; x_wconf 80' lang='grc' dir='ltr'><strong><em>ἥμερον,</em></strong></span> <span class='ocrx_word' id='word_1_27' title='bbox 884 427 952 468; x_wconf 75' lang='grc' dir='ltr'>ἵνα</span> <span class='ocrx_word' id='word_1_28' title='bbox 978 426 1080 483; x_wconf 85' lang='grc' dir='ltr'><strong><em>πρὸς</em></strong></span> <span class='ocrx_word' id='word_1_29' title='bbox 1107 430 1236 470; x_wconf 77' lang='grc' dir='ltr'><strong><em>ταῦτα</em></strong></span> <span class='ocrx_word' id='word_1_30' title='bbox 1263 425 1436 478; x_wconf 77' lang='grc' dir='ltr'><strong><em>εὕκόλως</em></strong></span> <span class='ocrx_word' id='word_1_31' title='bbox 1457 426 1542 483; x_wconf 77' lang='grc' dir='ltr'>μά-</span> 
     </span>
     <span class='ocr_line' id='line_1_5' title="bbox 74 492 1543 554; baseline 0.003 -20"><span class='ocrx_word' id='word_1_32' title='bbox 74 496 228 546; x_wconf 86' lang='grc' dir='ltr'><strong><em>χεσθαι</em></strong></span> <span class='ocrx_word' id='word_1_33' title='bbox 259 492 440 548; x_wconf 85' lang='grc' dir='ltr'><strong><em>δύνηται.</em></strong></span> <span class='ocrx_word' id='word_1_34' title='bbox 508 493 653 537; x_wconf 77' lang='grc' dir='ltr'><strong><em>οὐκοῦν</em></strong></span> <span class='ocrx_word' id='word_1_35' title='bbox 684 497 751 537; x_wconf 82' lang='grc' dir='ltr'>δεῖ</span> <span class='ocrx_word' id='word_1_36' title='bbox 771 495 841 538; x_wconf 84' lang='grc' dir='ltr'>τὸν</span> <span class='ocrx_word' id='word_1_37' title='bbox 869 493 1053 553; x_wconf 73' lang='grc' dir='ltr'>ἐνάρετον</span> <span class='ocrx_word' id='word_1_38' title='bbox 1074 497 1141 538; x_wconf 81' lang='grc' dir='ltr'>καὶ</span> <span class='ocrx_word' id='word_1_39' title='bbox 1163 496 1362 554; x_wconf 71' lang='grc' dir='ltr'><strong><em>ἐχέφρονα</em></strong></span> <span class='ocrx_word' id='word_1_40' title='bbox 1382 494 1543 554; x_wconf 78' lang='grc' dir='ltr'><strong><em>φεύγειν</em></strong></span> 
     </span>
     <span class='ocr_line' id='line_1_6' title="bbox 44 561 1542 621; baseline 0.003 -16"><span class='ocrx_word' id='word_1_41' title='bbox 44 562 124 605; x_wconf 82' lang='grc' dir='ltr'><strong><em>6τὸ</em></strong></span> <span class='ocrx_word' id='word_1_42' title='bbox 160 561 390 605; x_wconf 77' lang='grc' dir='ltr'><strong><em>κολακεύειν</em></strong></span> <span class='ocrx_word' id='word_1_43' title='bbox 417 564 486 605; x_wconf 81' lang='grc' dir='ltr'>καὶ</span> <span class='ocrx_word' id='word_1_44' title='bbox 515 561 834 616; x_wconf 82' lang='grc' dir='ltr'><strong><em>κολακεύεσθαι,</em></strong></span> <span class='ocrx_word' id='word_1_45' title='bbox 864 566 932 607; x_wconf 83' lang='grc' dir='ltr'>καὶ</span> <span class='ocrx_word' id='word_1_46' title='bbox 948 563 1049 620; x_wconf 84' lang='grc' dir='ltr'><strong><em>μήτε</em></strong></span> <span class='ocrx_word' id='word_1_47' title='bbox 1068 565 1303 617; x_wconf 77' lang='grc' dir='ltr'><strong><em>ἀλαζονικὸν</em></strong></span> <span class='ocrx_word' id='word_1_48' title='bbox 1322 563 1419 608; x_wconf 78' lang='grc' dir='ltr'><strong><em>εἶναι</em></strong></span> <span class='ocrx_word' id='word_1_49' title='bbox 1437 564 1542 621; x_wconf 83' lang='grc' dir='ltr'><strong><em>μήτε</em></strong></span> 
     </span>
     <span class='ocr_line' id='line_1_7' title="bbox 76 629 1542 691; baseline 0.003 -19"><span class='ocrx_word' id='word_1_50' title='bbox 76 629 252 683; x_wconf 81' lang='grc' dir='ltr'><strong><em>κόλακα,</em></strong></span> <span class='ocrx_word' id='word_1_51' title='bbox 286 631 381 673; x_wconf 71' lang='grc' dir='ltr'><strong><em>ἀλλ’</em></strong></span> <span class='ocrx_word' id='word_1_52' title='bbox 414 631 657 691; x_wconf 77' lang='grc' dir='ltr'><strong><em>ἀμφοτέρων</em></strong></span> <span class='ocrx_word' id='word_1_53' title='bbox 682 638 762 676; x_wconf 84' lang='grc' dir='ltr'>τῶν</span> <span class='ocrx_word' id='word_1_54' title='bbox 787 638 920 676; x_wconf 83' lang='grc' dir='ltr'><strong><em>κακῶν</em></strong></span> <span class='ocrx_word' id='word_1_55' title='bbox 948 631 1101 677; x_wconf 87' lang='grc' dir='ltr'><strong><em>τούτων</em></strong></span> <span class='ocrx_word' id='word_1_56' title='bbox 1130 632 1310 686; x_wconf 82' lang='grc' dir='ltr'><strong><em>κολάζειν</em></strong></span> <span class='ocrx_word' id='word_1_57' title='bbox 1334 634 1409 689; x_wconf 81' lang='grc' dir='ltr'>τὴν</span> <span class='ocrx_word' id='word_1_58' title='bbox 1439 635 1542 689; x_wconf 75' lang='grc' dir='ltr'><strong><em>ἀμε-</em></strong></span> 
     </span>
     <span class='ocr_line' id='line_1_8' title="bbox 75 699 1541 758; baseline 0.003 -17"><span class='ocrx_word' id='word_1_59' title='bbox 75 701 212 757; x_wconf 87' lang='grc' dir='ltr'><strong><em>τριάν,</em></strong></span> <span class='ocrx_word' id='word_1_60' title='bbox 257 701 323 742; x_wconf 80' lang='grc' dir='ltr'>καὶ</span> <span class='ocrx_word' id='word_1_61' title='bbox 361 699 575 758; x_wconf 75' lang='grc' dir='ltr'><strong><em>ἐλεύθερον</em></strong></span> <span class='ocrx_word' id='word_1_62' title='bbox 617 700 737 754; x_wconf 76' lang='grc' dir='ltr'><strong><em>εἶναι,</em></strong></span> <span class='ocrx_word' id='word_1_63' title='bbox 777 702 880 758; x_wconf 84' lang='grc' dir='ltr'><strong><em>μήτε</em></strong></span> <span class='ocrx_word' id='word_1_64' title='bbox 917 706 973 754; x_wconf 80' lang='grc' dir='ltr'>εἰς</span> <span class='ocrx_word' id='word_1_65' title='bbox 1012 700 1239 746; x_wconf 75' lang='grc' dir='ltr'><strong><em>αὐθάδειαν</em></strong></span> <span class='ocrx_word' id='word_1_66' title='bbox 1276 703 1541 746; x_wconf 80' lang='grc' dir='ltr'><strong><em>ἀποκλίνοντα</em></strong></span> 
     </span>
    </p>
   </div>
   <div class='ocr_carea' id='block_1_3' title="bbox 74 766 1660 830">
    <p class='ocr_par' dir='ltr' id='par_1_3' title="bbox 74 766 1660 830">
     <span class='ocr_line' id='line_1_9' title="bbox 74 766 1660 830; baseline 0.003 -19"><span class='ocrx_word' id='word_1_67' title='bbox 74 766 178 823; x_wconf 82' lang='grc' dir='ltr'><strong><em>μήτε</em></strong></span> <span class='ocrx_word' id='word_1_68' title='bbox 210 770 266 820; x_wconf 75' lang='grc' dir='ltr'>εἷς</span> <span class='ocrx_word' id='word_1_69' title='bbox 298 771 612 827; x_wconf 74' lang='grc' dir='ltr'><strong><em>δουλοπρέπειαν</em></strong></span> <span class='ocrx_word' id='word_1_70' title='bbox 635 774 947 815; x_wconf 81' lang='grc' dir='ltr'><strong><em>καταπίπτοντα.</em></strong></span> <span class='ocrx_word' id='word_1_71' title='bbox 1015 772 1117 829; x_wconf 84' lang='grc' dir='ltr'><strong><em>πρὸς</em></strong></span> <span class='ocrx_word' id='word_1_72' title='bbox 1140 773 1215 826; x_wconf 79' lang='grc' dir='ltr'><strong><em>μὲν</em></strong></span> <span class='ocrx_word' id='word_1_73' title='bbox 1236 772 1316 829; x_wconf 78' lang='grc' dir='ltr'><strong><em>γὰρ</em></strong></span> <span class='ocrx_word' id='word_1_74' title='bbox 1334 772 1540 830; x_wconf 77' lang='grc' dir='ltr'><strong><em>χρηστοῦς</em></strong></span> <span class='ocrx_word' id='word_1_75' title='bbox 1562 783 1593 819; x_wconf 88' lang='lat' dir='ltr'>c</span> <span class='ocrx_word' id='word_1_76' title='bbox 1656 796 1660 802; x_wconf 93' lang='lat'>·</span> 
     </span>
    </p>
   </div>
   <div class='ocr_carea' id='block_1_4' title="bbox 9 836 1589 1863">
    <p class='ocr_par' dir='ltr' id='par_1_4' title="bbox 9 836 1589 1863">
     <span class='ocr_line' id='line_1_10' title="bbox 73 836 1541 898; baseline 0.002 -18"><span class='ocrx_word' id='word_1_77' title='bbox 73 838 262 881; x_wconf 85' lang='grc' dir='ltr'><strong><em>ταπεινὸν</em></strong></span> <span class='ocrx_word' id='word_1_78' title='bbox 279 836 474 895; x_wconf 81' lang='grc' dir='ltr'><strong><em>ὖπάρχειν</em></strong></span> <span class='ocrx_word' id='word_1_79' title='bbox 490 838 597 897; x_wconf 85' lang='grc' dir='ltr'><strong><em>χρή,</em></strong></span> <span class='ocrx_word' id='word_1_80' title='bbox 636 841 739 898; x_wconf 84' lang='grc' dir='ltr'><strong><em>πρὸς</em></strong></span> <span class='ocrx_word' id='word_1_81' title='bbox 757 842 802 884; x_wconf 78' lang='grc' dir='ltr'>δὲ</span> <span class='ocrx_word' id='word_1_82' title='bbox 821 845 991 898; x_wconf 82' lang='grc' dir='ltr'><strong><em>θρασεῖς</em></strong></span> <span class='ocrx_word' id='word_1_83' title='bbox 1008 838 1190 895; x_wconf 73' lang='grc' dir='ltr'><strong><em>ὕψηλον,</em></strong></span> <span class='ocrx_word' id='word_1_84' title='bbox 1225 841 1390 898; x_wconf 78' lang='grc' dir='ltr'><strong><em>ἐπείπερ</em></strong></span> <span class='ocrx_word' id='word_1_85' title='bbox 1408 841 1446 883; x_wconf 80' lang='grc' dir='ltr'>οἳ</span> <span class='ocrx_word' id='word_1_86' title='bbox 1466 842 1541 895; x_wconf 75' lang='grc' dir='ltr'><strong><em>μὲν</em></strong></span> 
     </span>
     <span class='ocr_line' id='line_1_11' title="bbox 15 905 1542 968; baseline 0.003 -19"><span class='ocrx_word' id='word_1_87' title='bbox 15 913 66 949; x_wconf 34' lang='grc'>’10</span> <span class='ocrx_word' id='word_1_88' title='bbox 77 906 224 963; x_wconf 76' lang='grc' dir='ltr'><strong><em>ἀρετὴν</em></strong></span> <span class='ocrx_word' id='word_1_89' title='bbox 249 905 347 950; x_wconf 79' lang='grc' dir='ltr'><strong><em>εἶναι</em></strong></span> <span class='ocrx_word' id='word_1_90' title='bbox 375 908 449 962; x_wconf 86' lang='grc' dir='ltr'>τὴν</span> <span class='ocrx_word' id='word_1_91' title='bbox 468 909 677 953; x_wconf 76' lang='grc' dir='ltr'><strong><em>ἐπιείκειαν</em></strong></span> <span class='ocrx_word' id='word_1_92' title='bbox 695 908 915 966; x_wconf 73' lang='grc' dir='ltr'><strong><em>ἡγοῦνται,</em></strong></span> <span class='ocrx_word' id='word_1_93' title='bbox 951 910 989 953; x_wconf 79' lang='grc' dir='ltr'>οἱ</span> <span class='ocrx_word' id='word_1_94' title='bbox 1017 910 1061 952; x_wconf 77' lang='grc' dir='ltr'>δὲ</span> <span class='ocrx_word' id='word_1_95' title='bbox 1093 910 1260 967; x_wconf 76' lang='grc' dir='ltr'><strong><em>ἀνδρίαν</em></strong></span> <span class='ocrx_word' id='word_1_96' title='bbox 1280 910 1354 964; x_wconf 85' lang='grc' dir='ltr'>τὴν</span> <span class='ocrx_word' id='word_1_97' title='bbox 1374 908 1542 968; x_wconf 72' lang='grc' dir='ltr'><strong><em>θρασύ-</em></strong></span> 
     </span>
     <span class='ocr_line' id='line_1_12' title="bbox 74 977 1541 1036; baseline 0.001 -18"><span class='ocrx_word' id='word_1_98' title='bbox 74 993 190 1031; x_wconf 87' lang='grc' dir='ltr'><strong><em>τητα.</em></strong></span> <span class='ocrx_word' id='word_1_99' title='bbox 258 977 452 1028; x_wconf 79' lang='grc' dir='ltr'><strong><em>κάκείνοις</em></strong></span> <span class='ocrx_word' id='word_1_100' title='bbox 467 979 541 1032; x_wconf 77' lang='grc' dir='ltr'><strong><em>μὲν</em></strong></span> <span class='ocrx_word' id='word_1_101' title='bbox 556 978 630 1033; x_wconf 83' lang='grc' dir='ltr'>τὴν</span> <span class='ocrx_word' id='word_1_102' title='bbox 649 978 1022 1036; x_wconf 80' lang='grc' dir='ltr'><strong><em>ταπεινοφροσύνην</em></strong></span> <span class='ocrx_word' id='word_1_103' title='bbox 1041 979 1129 1022; x_wconf 77' lang='grc' dir='ltr'><strong><em>δέον</em></strong></span> <span class='ocrx_word' id='word_1_104' title='bbox 1149 979 1412 1036; x_wconf 74' lang='grc' dir='ltr'><strong><em>προσφέρειν,</em></strong></span> <span class='ocrx_word' id='word_1_105' title='bbox 1443 977 1541 1021; x_wconf 86' lang='grc' dir='ltr'><strong><em>τού-</em></strong></span> 
     </span>
     <span class='ocr_line' id='line_1_13' title="bbox 70 1045 1541 1104; baseline 0.001 -16"><span class='ocrx_word' id='word_1_106' title='bbox 70 1062 158 1095; x_wconf 87' lang='grc' dir='ltr'><strong><em>τοις</em></strong></span> <span class='ocrx_word' id='word_1_107' title='bbox 175 1045 220 1088; x_wconf 77' lang='grc' dir='ltr'>δὲ</span> <span class='ocrx_word' id='word_1_108' title='bbox 241 1045 314 1100; x_wconf 84' lang='grc' dir='ltr'>τὴν</span> <span class='ocrx_word' id='word_1_109' title='bbox 335 1046 506 1104; x_wconf 76' lang='grc' dir='ltr'><strong><em>ἀνδρίαν</em></strong></span> <span class='ocrx_word' id='word_1_110' title='bbox 535 1045 807 1101; x_wconf 80' lang='grc' dir='ltr'><strong><em>σβεννύουσαν</em></strong></span> <span class='ocrx_word' id='word_1_111' title='bbox 838 1047 971 1090; x_wconf 77' lang='grc' dir='ltr'><strong><em>αὐτῶν</em></strong></span> <span class='ocrx_word' id='word_1_112' title='bbox 992 1046 1065 1102; x_wconf 76' lang='grc' dir='ltr'>τὴν</span> <span class='ocrx_word' id='word_1_113' title='bbox 1087 1046 1167 1089; x_wconf 80' lang='grc' dir='ltr'><strong><em>ἀπὸ</em></strong></span> <span class='ocrx_word' id='word_1_114' title='bbox 1189 1050 1261 1102; x_wconf 83' lang='grc' dir='ltr'>τῆς</span> <span class='ocrx_word' id='word_1_115' title='bbox 1280 1045 1541 1104; x_wconf 73' lang='grc' dir='ltr'><strong><em>θρασύτητος</em></strong></span> 
     </span>
     <span class='ocr_line' id='line_1_14' title="bbox 72 1113 1535 1174; baseline 0.001 -18"><span class='ocrx_word' id='word_1_116' title='bbox 72 1113 217 1167; x_wconf 78' lang='grc' dir='ltr'><strong><em>δόξαν,</em></strong></span> <span class='ocrx_word' id='word_1_117' title='bbox 247 1115 317 1157; x_wconf 63' lang='grc' dir='ltr'><strong><em>ἰ’να</em></strong></span> <span class='ocrx_word' id='word_1_118' title='bbox 339 1116 435 1166; x_wconf 81' lang='grc' dir='ltr'><strong><em>τοὺς</em></strong></span> <span class='ocrx_word' id='word_1_119' title='bbox 457 1116 531 1170; x_wconf 74' lang='grc' dir='ltr'><strong><em>μὲν</em></strong></span> <span class='ocrx_word' id='word_1_120' title='bbox 556 1115 746 1174; x_wconf 80' lang='grc' dir='ltr'><strong><em>ὠφελήσῃ</em></strong></span> <span class='ocrx_word' id='word_1_121' title='bbox 757 1148 771 1168; x_wconf 89' lang='grc'><strong><em>,</em></strong></span> <span class='ocrx_word' id='word_1_122' title='bbox 805 1121 887 1159; x_wconf 82' lang='grc' dir='ltr'>τῶν</span> <span class='ocrx_word' id='word_1_123' title='bbox 911 1117 956 1159; x_wconf 77' lang='grc' dir='ltr'>δὲ</span> <span class='ocrx_word' id='word_1_124' title='bbox 977 1114 1203 1172; x_wconf 82' lang='grc' dir='ltr'><strong><em>ταπεινώσῃ</em></strong></span> <span class='ocrx_word' id='word_1_125' title='bbox 1227 1115 1273 1158; x_wconf 81' lang='grc' dir='ltr'><strong><em>τὸ</em></strong></span> <span class='ocrx_word' id='word_1_126' title='bbox 1298 1114 1535 1173; x_wconf 76' lang='grc' dir='ltr'><strong><em>φρόνημα.”</em></strong></span> 
     </span>
     <span class='ocr_line' id='line_1_15' title="bbox 71 1177 1537 1242; baseline 0.001 -17"><span class='ocrx_word' id='word_1_127' title='bbox 71 1182 171 1240; x_wconf 76' lang='grc' dir='ltr'><strong><em>ὅπερ</em></strong></span> <span class='ocrx_word' id='word_1_128' title='bbox 204 1177 276 1226; x_wconf 70' lang='grc' dir='ltr'><strong><em>οὖν</em></strong></span> <span class='ocrx_word' id='word_1_129' title='bbox 306 1186 374 1226; x_wconf 83' lang='grc' dir='ltr'>καὶ</span> <span class='ocrx_word' id='word_1_130' title='bbox 404 1182 578 1241; x_wconf 77' lang='grc' dir='ltr'><strong><em>δ’μὲγας</em></strong></span> <span class='ocrx_word' id='word_1_131' title='bbox 609 1187 824 1236; x_wconf 81' lang='grc' dir='ltr'><strong><em>Βασίλειος</em></strong></span> <span class='ocrx_word' id='word_1_132' title='bbox 852 1188 986 1239; x_wconf 84' lang='grc' dir='ltr'><strong><em>δηλῶν</em></strong></span> <span class='ocrx_word' id='word_1_133' title='bbox 1013 1184 1090 1242; x_wconf 68' lang='grc' dir='ltr'>ἔφη</span> <span class='ocrx_word' id='word_1_134' title='bbox 1121 1184 1166 1227; x_wconf 83' lang='grc' dir='ltr'><strong><em>τὸ</em></strong></span> <span class='ocrx_word' id='word_1_135' title='bbox 1195 1188 1269 1227; x_wconf 79' lang='grc' dir='ltr'><strong><em>τοῦ</em></strong></span> <span class='ocrx_word' id='word_1_136' title='bbox 1295 1183 1537 1241; x_wconf 81' lang='grc' dir='ltr'><strong><em>σοφωτάτου</em></strong></span> 
     </span>
     <span class='ocr_line' id='line_1_16' title="bbox 15 1251 1538 1312; baseline 0.001 -18"><span class='ocrx_word' id='word_1_137' title='bbox 15 1259 60 1295; x_wconf 84' lang='grc'>15</span> <span class='ocrx_word' id='word_1_138' title='bbox 72 1255 338 1307; x_wconf 79' lang='grc' dir='ltr'><strong><em>Σολομῶντος</em></strong></span> <span class='ocrx_word' id='word_1_139' title='bbox 365 1251 537 1311; x_wconf 78' lang='grc' dir='ltr'><strong><em>“καιρὸς</em></strong></span> <span class='ocrx_word' id='word_1_140' title='bbox 567 1259 624 1312; x_wconf 76' lang='grc' dir='ltr'><strong><em>τῷ</em></strong></span> <span class='ocrx_word' id='word_1_141' title='bbox 658 1256 779 1297; x_wconf 86' lang='grc' dir='ltr'><strong><em>παντὶ</em></strong></span> <span class='ocrx_word' id='word_1_142' title='bbox 811 1253 1019 1310; x_wconf 77' lang='grc' dir='ltr'><strong><em>πράγματι</em></strong></span> <span class='ocrx_word' id='word_1_143' title='bbox 1027 1253 1073 1306; x_wconf 78' lang='grc'>,”</span> <span class='ocrx_word' id='word_1_144' title='bbox 1107 1253 1252 1300; x_wconf 73' lang='grc' dir='ltr'><strong><em>εἰδέναι</em></strong></span> <span class='ocrx_word' id='word_1_145' title='bbox 1279 1253 1363 1310; x_wconf 86' lang='grc' dir='ltr'><strong><em>χρὴ</em></strong></span> <span class='ocrx_word' id='word_1_146' title='bbox 1387 1251 1448 1296; x_wconf 83' lang='grc' dir='ltr'>ὅτι</span> <span class='ocrx_word' id='word_1_147' title='bbox 1469 1254 1538 1295; x_wconf 82' lang='grc' dir='ltr'>καὶ</span> 
     </span>
     <span class='ocr_line' id='line_1_17' title="bbox 68 1320 1538 1379; baseline -0.001 -15"><span class='ocrx_word' id='word_1_148' title='bbox 68 1320 352 1377; x_wconf 86' lang='grc' dir='ltr'><strong><em>ταπεινότητος</em></strong></span> <span class='ocrx_word' id='word_1_149' title='bbox 378 1324 446 1365; x_wconf 81' lang='grc' dir='ltr'>καὶ</span> <span class='ocrx_word' id='word_1_150' title='bbox 477 1324 683 1375; x_wconf 79' lang='grc' dir='ltr'><strong><em>ἔξουσίας,</em></strong></span> <span class='ocrx_word' id='word_1_151' title='bbox 726 1325 793 1366; x_wconf 84' lang='grc' dir='ltr'>καὶ</span> <span class='ocrx_word' id='word_1_152' title='bbox 823 1324 986 1379; x_wconf 72' lang='grc' dir='ltr'><strong><em>ἐλέγχου</em></strong></span> <span class='ocrx_word' id='word_1_153' title='bbox 1018 1324 1085 1365; x_wconf 82' lang='grc' dir='ltr'>καὶ</span> <span class='ocrx_word' id='word_1_154' title='bbox 1112 1320 1426 1379; x_wconf 84' lang='grc' dir='ltr'><strong><em>παρακλήσεως,</em></strong></span> <span class='ocrx_word' id='word_1_155' title='bbox 1468 1322 1538 1363; x_wconf 83' lang='grc' dir='ltr'>καὶ</span> 
     </span>
     <span class='ocr_line' id='line_1_18' title="bbox 67 1390 1589 1448; baseline -0.001 -15"><span class='ocrx_word' id='word_1_156' title='bbox 67 1393 236 1448; x_wconf 81' lang='grc' dir='ltr'><strong><em>φειδοῦς</em></strong></span> <span class='ocrx_word' id='word_1_157' title='bbox 264 1393 331 1433; x_wconf 81' lang='grc' dir='ltr'>καὶ</span> <span class='ocrx_word' id='word_1_158' title='bbox 362 1393 615 1444; x_wconf 73' lang='grc' dir='ltr'><strong><em>παρρησίας,</em></strong></span> <span class='ocrx_word' id='word_1_159' title='bbox 663 1394 730 1430; x_wconf 75' lang='grc' dir='ltr'>καὶ</span> <span class='ocrx_word' id='word_1_160' title='bbox 762 1390 1039 1444; x_wconf 72' lang='grc' dir='ltr'><strong><em>χρηστότητος</em></strong></span> <span class='ocrx_word' id='word_1_161' title='bbox 1069 1391 1138 1431; x_wconf 82' lang='grc' dir='ltr'>καὶ</span> <span class='ocrx_word' id='word_1_162' title='bbox 1171 1391 1420 1443; x_wconf 80' lang='grc' dir='ltr'><strong><em>ἄποτομίας,</em></strong></span> <span class='ocrx_word' id='word_1_163' title='bbox 1467 1391 1533 1431; x_wconf 80' lang='grc' dir='ltr'>καὶ</span> <span class='ocrx_word' id='word_1_164' title='bbox 1556 1402 1589 1437; x_wconf 90' lang='lat' dir='ltr'>D</span> 
     </span>
     <span class='ocr_line' id='line_1_19' title="bbox 65 1455 1537 1514; baseline 0.001 -15"><span class='ocrx_word' id='word_1_165' title='bbox 65 1457 317 1507; x_wconf 76' lang='grc' dir='ltr'><strong><em>ἁπαξαπλῶς</em></strong></span> <span class='ocrx_word' id='word_1_166' title='bbox 345 1455 487 1513; x_wconf 90' lang='grc' dir='ltr'><strong><em>καιρός</em></strong></span> <span class='ocrx_word' id='word_1_167' title='bbox 513 1457 598 1499; x_wconf 73' lang='grc' dir='ltr'><strong><em>ἐστι</em></strong></span> <span class='ocrx_word' id='word_1_168' title='bbox 625 1456 777 1508; x_wconf 81' lang='grc' dir='ltr'><strong><em>παντὸς</em></strong></span> <span class='ocrx_word' id='word_1_169' title='bbox 804 1455 1041 1514; x_wconf 82' lang='grc' dir='ltr'><strong><em>πράγματος</em></strong></span> <span class='ocrx_word' id='word_1_170' title='bbox 1066 1458 1188 1510; x_wconf 76' lang='grc' dir='ltr'><strong><em>ἴδιος,</em></strong></span> <span class='ocrx_word' id='word_1_171' title='bbox 1224 1456 1327 1500; x_wconf 81' lang='grc' dir='ltr'><strong><em>ὥστε</em></strong></span> <span class='ocrx_word' id='word_1_172' title='bbox 1347 1458 1444 1500; x_wconf 78' lang='grc' dir='ltr'><strong><em>ποτὲ</em></strong></span> <span class='ocrx_word' id='word_1_173' title='bbox 1462 1458 1537 1511; x_wconf 72' lang='grc' dir='ltr'><strong><em>μὲν</em></strong></span> 
     </span>
     <span class='ocr_line' id='line_1_20' title="bbox 65 1523 1537 1582; baseline -0.001 -13"><span class='ocrx_word' id='word_1_174' title='bbox 65 1526 119 1569; x_wconf 74' lang='grc' dir='ltr'><strong><em>τὰ</em></strong></span> <span class='ocrx_word' id='word_1_175' title='bbox 140 1530 212 1582; x_wconf 79' lang='grc' dir='ltr'>τῆς</span> <span class='ocrx_word' id='word_1_176' title='bbox 229 1523 511 1580; x_wconf 86' lang='grc' dir='ltr'><strong><em>ταπεινότητος</em></strong></span> <span class='ocrx_word' id='word_1_177' title='bbox 530 1524 719 1569; x_wconf 77' lang='grc' dir='ltr'><strong><em>δεικνύειν</em></strong></span> <span class='ocrx_word' id='word_1_178' title='bbox 736 1528 803 1569; x_wconf 87' lang='grc' dir='ltr'>καὶ</span> <span class='ocrx_word' id='word_1_179' title='bbox 816 1530 1034 1582; x_wconf 76' lang='grc' dir='ltr'><strong><em>μιμεῖσθαι</em></strong></span> <span class='ocrx_word' id='word_1_180' title='bbox 1052 1527 1095 1569; x_wconf 75' lang='grc' dir='ltr'><strong><em>ἓν</em></strong></span> <span class='ocrx_word' id='word_1_181' title='bbox 1112 1525 1346 1569; x_wconf 81' lang='grc' dir='ltr'><strong><em>ταπεινώσει</em></strong></span> <span class='ocrx_word' id='word_1_182' title='bbox 1367 1527 1420 1568; x_wconf 83' lang='grc' dir='ltr'><strong><em>τὰ</em></strong></span> <span class='ocrx_word' id='word_1_183' title='bbox 1438 1544 1537 1568; x_wconf 88' lang='grc' dir='ltr'><strong><em>παι-</em></strong></span> 
     </span>
     <span class='ocr_line' id='line_1_21' title="bbox 9 1593 1534 1655; baseline -0.001 -17"><span class='ocrx_word' id='word_1_184' title='bbox 9 1597 139 1638; x_wconf 71' lang='grc' dir='ltr'><strong><em>Ξθδιά</em></strong></span> <span class='ocrx_word' id='word_1_185' title='bbox 167 1594 272 1637; x_wconf 82' lang='grc' dir='ltr'><strong><em>κατὰ</em></strong></span> <span class='ocrx_word' id='word_1_186' title='bbox 305 1593 380 1649; x_wconf 83' lang='grc' dir='ltr'>τὴν</span> <span class='ocrx_word' id='word_1_187' title='bbox 408 1595 604 1652; x_wconf 81' lang='grc' dir='ltr'><strong><em>κυριακὴν</em></strong></span> <span class='ocrx_word' id='word_1_188' title='bbox 635 1593 797 1653; x_wconf 79' lang='grc' dir='ltr'><strong><em>φωνήν,</em></strong></span> <span class='ocrx_word' id='word_1_189' title='bbox 831 1597 928 1638; x_wconf 74' lang='grc' dir='ltr'><strong><em>ποτε</em></strong></span> <span class='ocrx_word' id='word_1_190' title='bbox 954 1597 999 1638; x_wconf 76' lang='grc' dir='ltr'>δὲ</span> <span class='ocrx_word' id='word_1_191' title='bbox 1025 1600 1075 1652; x_wconf 85' lang='grc' dir='ltr'><strong><em>τῇ</em></strong></span> <span class='ocrx_word' id='word_1_192' title='bbox 1102 1596 1263 1655; x_wconf 74' lang='grc' dir='ltr'><strong><em>ἐξουσία</em></strong></span> <span class='ocrx_word' id='word_1_193' title='bbox 1293 1599 1534 1651; x_wconf 83' lang='grc' dir='ltr'><strong><em>κεχρῆσθαι,</em></strong></span> 
     </span>
     <span class='ocr_line' id='line_1_22' title="bbox 63 1661 1533 1721; baseline -0.001 -15"><span class='ocrx_word' id='word_1_194' title='bbox 63 1664 117 1721; x_wconf 81' lang='grc' dir='ltr'><strong><em>ἣν</em></strong></span> <span class='ocrx_word' id='word_1_195' title='bbox 137 1663 282 1706; x_wconf 65' lang='grc' dir='ltr'><strong><em>ἔδωκεν</em></strong></span> <span class='ocrx_word' id='word_1_196' title='bbox 305 1661 327 1705; x_wconf 83' lang='grc' dir='ltr'><strong>ὅ</strong></span> <span class='ocrx_word' id='word_1_197' title='bbox 351 1661 491 1720; x_wconf 89' lang='grc' dir='ltr'><strong><em>κύριος</em></strong></span> <span class='ocrx_word' id='word_1_198' title='bbox 512 1665 567 1714; x_wconf 78' lang='grc' dir='ltr'>εἷς</span> <span class='ocrx_word' id='word_1_199' title='bbox 586 1662 806 1720; x_wconf 78' lang='grc' dir='ltr'><strong><em>οἶκοδομὴν</em></strong></span> <span class='ocrx_word' id='word_1_200' title='bbox 826 1667 895 1707; x_wconf 87' lang='grc' dir='ltr'>καὶ</span> <span class='ocrx_word' id='word_1_201' title='bbox 916 1665 989 1707; x_wconf 71' lang='grc' dir='ltr'><strong><em>οὐκ</em></strong></span> <span class='ocrx_word' id='word_1_202' title='bbox 1012 1667 1070 1715; x_wconf 77' lang='grc' dir='ltr'>εἷς</span> <span class='ocrx_word' id='word_1_203' title='bbox 1090 1666 1353 1721; x_wconf 76' lang='grc' dir='ltr'><strong><em>καθαίρεσιν,</em></strong></span> <span class='ocrx_word' id='word_1_204' title='bbox 1388 1662 1533 1718; x_wconf 63' lang='grc' dir='ltr'><strong><em>ὅτανὴ</em></strong></span> 
     </span>
     <span class='ocr_line' id='line_1_23' title="bbox 62 1730 1538 1791; baseline -0.001 -15"><span class='ocrx_word' id='word_1_205' title='bbox 62 1735 180 1791; x_wconf 85' lang='grc' dir='ltr'><strong><em>χρεία</em></strong></span> <span class='ocrx_word' id='word_1_206' title='bbox 208 1734 372 1789; x_wconf 73' lang='grc' dir='ltr'><strong><em>ἕπιζητῇ</em></strong></span> <span class='ocrx_word' id='word_1_207' title='bbox 392 1732 466 1787; x_wconf 87' lang='grc' dir='ltr'>τὴν</span> <span class='ocrx_word' id='word_1_208' title='bbox 486 1735 718 1790; x_wconf 87' lang='grc' dir='ltr'><strong><em>παρρησίαν</em></strong></span> <span class='ocrx_word' id='word_1_209' title='bbox 727 1766 742 1785; x_wconf 87' lang='grc'><strong><em>,</em></strong></span> <span class='ocrx_word' id='word_1_210' title='bbox 775 1735 844 1776; x_wconf 85' lang='grc' dir='ltr'>καὶ</span> <span class='ocrx_word' id='word_1_211' title='bbox 865 1734 906 1776; x_wconf 76' lang='grc' dir='ltr'><strong><em>ἓν</em></strong></span> <span class='ocrx_word' id='word_1_212' title='bbox 928 1737 1058 1791; x_wconf 79' lang='grc' dir='ltr'><strong><em>καιρῷ</em></strong></span> <span class='ocrx_word' id='word_1_213' title='bbox 1071 1734 1152 1787; x_wconf 75' lang='grc' dir='ltr'><strong><em>μὲν</em></strong></span> <span class='ocrx_word' id='word_1_214' title='bbox 1174 1730 1464 1789; x_wconf 83' lang='grc' dir='ltr'><strong><em>παρακλήσεως</em></strong></span> <span class='ocrx_word' id='word_1_215' title='bbox 1482 1733 1538 1789; x_wconf 26' lang='grc' dir='ltr'><strong><em>τὸ,</em></strong></span> 
     </span>
     <span class='ocr_line' id='line_1_24' title="bbox 59 1801 1533 1863; baseline -0.003 -17"><span class='ocrx_word' id='word_1_216' title='bbox 59 1801 241 1861; x_wconf 79' lang='grc' dir='ltr'><strong><em>χρηστὸν</em></strong></span> <span class='ocrx_word' id='word_1_217' title='bbox 270 1802 573 1856; x_wconf 73' lang='grc' dir='ltr'><strong><em>ἐνδείκνυσθαι,</em></strong></span> <span class='ocrx_word' id='word_1_218' title='bbox 603 1803 646 1846; x_wconf 73' lang='grc' dir='ltr'><strong><em>ἓν</em></strong></span> <span class='ocrx_word' id='word_1_219' title='bbox 675 1807 805 1863; x_wconf 77' lang='grc' dir='ltr'><strong><em>καιρῷ</em></strong></span> <span class='ocrx_word' id='word_1_220' title='bbox 830 1803 877 1846; x_wconf 78' lang='grc' dir='ltr'>δὲ</span> <span class='ocrx_word' id='word_1_221' title='bbox 904 1803 1129 1857; x_wconf 85' lang='grc' dir='ltr'><strong><em>ἀποτομίας</em></strong></span> <span class='ocrx_word' id='word_1_222' title='bbox 1148 1801 1219 1845; x_wconf 84' lang='grc' dir='ltr'>τὸν</span> <span class='ocrx_word' id='word_1_223' title='bbox 1240 1803 1359 1856; x_wconf 81' lang='grc' dir='ltr'><strong><em>ζῆλον</em></strong></span> <span class='ocrx_word' id='word_1_224' title='bbox 1380 1801 1533 1858; x_wconf 74' lang='grc' dir='ltr'><strong><em>ἐμφαί-</em></strong></span> 
     </span>
    </p>
   </div>
   <div class='ocr_carea' id='block_1_5' title="bbox 19 1965 1535 2906">
    <p class='ocr_par' dir='ltr' id='par_1_5' title="bbox 19 1965 1535 2906">
     <span class='ocr_line' id='line_1_25' title="bbox 63 1965 1535 2024; baseline -0.003 -9"><span class='ocrx_word' id='word_1_225' title='bbox 63 1978 223 2022; x_wconf 85' lang='lat' dir='ltr'>ribilem‚</span> <span class='ocrx_word' id='word_1_226' title='bbox 258 1976 451 2024; x_wconf 83' lang='lat' dir='ltr'>placidum,</span> <span class='ocrx_word' id='word_1_227' title='bbox 486 1976 633 2023; x_wconf 86' lang='lat' dir='ltr'>imperio</span> <span class='ocrx_word' id='word_1_228' title='bbox 663 1965 838 2023; x_wconf 73' lang='lat' dir='ltr'>utentein,</span> <span class='ocrx_word' id='word_1_229' title='bbox 871 1977 1195 2022; x_wconf 79' lang='lat' dir='ltr'>communicantem,</span> <span class='ocrx_word' id='word_1_230' title='bbox 1229 1976 1456 2022; x_wconf 75' lang='lat' dir='ltr'>comptelas·</span> <span class='ocrx_word' id='word_1_231' title='bbox 1473 1986 1535 2011; x_wconf 88' lang='lat' dir='ltr'>re-</span> 
     </span>
     <span class='ocr_line' id='line_1_26' title="bbox 64 2022 1533 2072; baseline -0.004 -11"><span class='ocrx_word' id='word_1_232' title='bbox 64 2030 267 2072; x_wconf 82' lang='lat' dir='ltr'>spuentem,</span> <span class='ocrx_word' id='word_1_233' title='bbox 299 2023 500 2059; x_wconf 87' lang='lat' dir='ltr'>demerendi</span> <span class='ocrx_word' id='word_1_234' title='bbox 520 2035 685 2069; x_wconf 87' lang='lat' dir='ltr'>gnarum,</span> <span class='ocrx_word' id='word_1_235' title='bbox 714 2025 894 2070; x_wconf 87' lang='lat' dir='ltr'>humilem,</span> <span class='ocrx_word' id='word_1_236' title='bbox 919 2024 1024 2060; x_wconf 91' lang='lat' dir='ltr'>animi</span> <span class='ocrx_word' id='word_1_237' title='bbox 1046 2034 1263 2068; x_wconf 74' lang='lat' dir='ltr'>nequaquam</span> <span class='ocrx_word' id='word_1_238' title='bbox 1287 2023 1448 2066; x_wconf 88' lang='lat' dir='ltr'>obnoxii,</span> <span class='ocrx_word' id='word_1_239' title='bbox 1475 2022 1533 2055; x_wconf 78' lang='lat' dir='ltr'>hi·-</span> 
     </span>
     <span class='ocr_line' id='line_1_27' title="bbox 61 2067 1533 2117; baseline -0.003 -12"><span class='ocrx_word' id='word_1_240' title='bbox 61 2072 171 2107; x_wconf 81' lang='lat' dir='ltr'>larem</span> <span class='ocrx_word' id='word_1_241' title='bbox 195 2083 236 2105; x_wconf 90' lang='lat' dir='ltr'>ac</span> <span class='ocrx_word' id='word_1_242' title='bbox 258 2076 491 2115; x_wconf 78' lang='lat' dir='ltr'>mansuetum,</span> <span class='ocrx_word' id='word_1_243' title='bbox 524 2076 564 2105; x_wconf 86' lang='lat' dir='ltr'>ut</span> <span class='ocrx_word' id='word_1_244' title='bbox 585 2076 708 2104; x_wconf 81' lang='lat' dir='ltr'>contra</span> <span class='ocrx_word' id='word_1_245' title='bbox 730 2071 800 2105; x_wconf 85' lang='lat' dir='ltr'>ista</span> <span class='ocrx_word' id='word_1_246' title='bbox 821 2083 977 2117; x_wconf 80' lang='lat' dir='ltr'>pugnare</span> <span class='ocrx_word' id='word_1_247' title='bbox 1000 2070 1163 2115; x_wconf 86' lang='lat' dir='ltr'>expedite</span> <span class='ocrx_word' id='word_1_248' title='bbox 1191 2068 1315 2114; x_wconf 82' lang='lat' dir='ltr'><strong>possit.</strong></span> <span class='ocrx_word' id='word_1_249' title='bbox 1361 2079 1446 2112; x_wconf 88' lang='lat' dir='ltr'>ergo</span> <span class='ocrx_word' id='word_1_250' title='bbox 1472 2067 1533 2113; x_wconf 88' lang='lat' dir='ltr'>qui</span> 
     </span>
     <span class='ocr_line' id='line_1_28' title="bbox 62 2113 1532 2163; baseline -0.004 -10"><span class='ocrx_word' id='word_1_251' title='bbox 62 2117 197 2153; x_wconf 79' lang='lat' dir='ltr'>virtute</span> <span class='ocrx_word' id='word_1_252' title='bbox 221 2116 402 2163; x_wconf 83' lang='lat' dir='ltr'>praeditus</span> <span class='ocrx_word' id='word_1_253' title='bbox 425 2122 478 2151; x_wconf 83' lang='lat' dir='ltr'>est</span> <span class='ocrx_word' id='word_1_254' title='bbox 502 2127 544 2150; x_wconf 81' lang='lat' dir='ltr'>ac</span> <span class='ocrx_word' id='word_1_255' title='bbox 566 2117 752 2161; x_wconf 74' lang='lat' dir='ltr'>cordatus,</span> <span class='ocrx_word' id='word_1_256' title='bbox 785 2117 817 2151; x_wconf 85' lang='lat' dir='ltr'>is</span> <span class='ocrx_word' id='word_1_257' title='bbox 841 2128 966 2152; x_wconf 82' lang='lat' dir='ltr'>cavere</span> <span class='ocrx_word' id='word_1_258' title='bbox 990 2117 1094 2151; x_wconf 89' lang='lat' dir='ltr'>debet</span> <span class='ocrx_word' id='word_1_259' title='bbox 1118 2127 1162 2150; x_wconf 89' lang='lat' dir='ltr'>ne</span> <span class='ocrx_word' id='word_1_260' title='bbox 1184 2115 1242 2149; x_wconf 80' lang='lat' dir='ltr'>vel</span> <span class='ocrx_word' id='word_1_261' title='bbox 1264 2113 1397 2148; x_wconf 85' lang='lat' dir='ltr'>adulari</span> <span class='ocrx_word' id='word_1_262' title='bbox 1419 2125 1458 2148; x_wconf 87' lang='lat' dir='ltr'>se</span> <span class='ocrx_word' id='word_1_263' title='bbox 1480 2114 1532 2147; x_wconf 89' lang='lat' dir='ltr'>si·-</span> 
     </span>
     <span class='ocr_line' id='line_1_29' title="bbox 62 2160 1532 2207; baseline -0.005 -7"><span class='ocrx_word' id='word_1_264' title='bbox 62 2170 127 2200; x_wconf 84' lang='lat' dir='ltr'>nat</span> <span class='ocrx_word' id='word_1_265' title='bbox 147 2164 205 2198; x_wconf 85' lang='lat' dir='ltr'>vel</span> <span class='ocrx_word' id='word_1_266' title='bbox 229 2163 317 2198; x_wconf 81' lang='lat' dir='ltr'>alios</span> <span class='ocrx_word' id='word_1_267' title='bbox 339 2161 516 2205; x_wconf 78' lang='lat' dir='ltr'>aduletur3</span> <span class='ocrx_word' id='word_1_268' title='bbox 552 2167 588 2197; x_wconf 86' lang='lat' dir='ltr'>et</span> <span class='ocrx_word' id='word_1_269' title='bbox 609 2173 721 2207; x_wconf 89' lang='lat' dir='ltr'>neque</span> <span class='ocrx_word' id='word_1_270' title='bbox 744 2174 824 2197; x_wconf 86' lang='lat' dir='ltr'>arro</span> <span class='ocrx_word' id='word_1_271' title='bbox 850 2174 914 2198; x_wconf 81' lang='lat' dir='ltr'>ans</span> <span class='ocrx_word' id='word_1_272' title='bbox 937 2175 1015 2197; x_wconf 85' lang='lat' dir='ltr'>esse</span> <span class='ocrx_word' id='word_1_273' title='bbox 1038 2172 1152 2206; x_wconf 88' lang='lat' dir='ltr'>neque</span> <span class='ocrx_word' id='word_1_274' title='bbox 1174 2160 1353 2204; x_wconf 79' lang='lat' dir='ltr'>adulator,</span> <span class='ocrx_word' id='word_1_275' title='bbox 1377 2160 1439 2193; x_wconf 88' lang='lat' dir='ltr'>sed</span> <span class='ocrx_word' id='word_1_276' title='bbox 1457 2171 1532 2192; x_wconf 91' lang='lat' dir='ltr'>me-</span> 
     </span>
     <span class='ocr_line' id='line_1_30' title="bbox 62 2174 1533 2253; baseline -0.005 -7"><span class='ocrx_word' id='word_1_277' title='bbox 62 2211 158 2246; x_wconf 89' lang='lat' dir='ltr'>dium</span> <span class='ocrx_word' id='word_1_278' title='bbox 181 2211 275 2244; x_wconf 67' lang='lat' dir='ltr'>iutra</span> <span class='ocrx_word' id='word_1_279' title='bbox 296 2214 480 2253; x_wconf 82' lang='lat' dir='ltr'>utrumque</span> <span class='ocrx_word' id='word_1_280' title='bbox 504 2208 627 2243; x_wconf 79' lang='lat' dir='ltr'>vitium</span> <span class='ocrx_word' id='word_1_281' title='bbox 652 2220 796 2243; x_wconf 80' lang='lat' dir='ltr'>servare</span> <span class='ocrx_word' id='word_1_282' title='bbox 825 2174 989 2244; x_wconf 60' lang='lat' dir='ltr'>fibertate</span> <span class='ocrx_word' id='word_1_283' title='bbox 1019 2213 1178 2251; x_wconf 85' lang='lat' dir='ltr'>retenta,</span> <span class='ocrx_word' id='word_1_284' title='bbox 1213 2206 1264 2240; x_wconf 88' lang='lat' dir='ltr'>ita</span> <span class='ocrx_word' id='word_1_285' title='bbox 1287 2211 1327 2240; x_wconf 88' lang='lat' dir='ltr'>ut</span> <span class='ocrx_word' id='word_1_286' title='bbox 1349 2216 1464 2250; x_wconf 88' lang='lat' dir='ltr'>neque</span> <span class='ocrx_word' id='word_1_287' title='bbox 1486 2205 1533 2239; x_wconf 87' lang='lat' dir='ltr'>ad</span> 
     </span>
     <span class='ocr_line' id='line_1_31' title="bbox 19 2251 1532 2299; baseline -0.006 -7"><span class='ocrx_word' id='word_1_288' title='bbox 19 2277 26 2284; x_wconf 91' lang='lat'>·</span> <span class='ocrx_word' id='word_1_289' title='bbox 62 2256 285 2292; x_wconf 86' lang='lat' dir='ltr'>insolentiam</span> <span class='ocrx_word' id='word_1_290' title='bbox 306 2254 458 2291; x_wconf 82' lang='lat' dir='ltr'>declinet</span> <span class='ocrx_word' id='word_1_291' title='bbox 480 2266 595 2299; x_wconf 87' lang='lat' dir='ltr'>neque</span> <span class='ocrx_word' id='word_1_292' title='bbox 616 2255 763 2290; x_wconf 79' lang='lat' dir='ltr'>serviles</span> <span class='ocrx_word' id='word_1_293' title='bbox 785 2266 899 2289; x_wconf 89' lang='lat' dir='ltr'>mores</span> <span class='ocrx_word' id='word_1_294' title='bbox 921 2254 1094 2290; x_wconf 85' lang='lat' dir='ltr'>admittat.</span> <span class='ocrx_word' id='word_1_295' title='bbox 1142 2253 1271 2298; x_wconf 87' lang='lat' dir='ltr'>quippe</span> <span class='ocrx_word' id='word_1_296' title='bbox 1295 2262 1391 2295; x_wconf 86' lang='lat' dir='ltr'>-erga</span> <span class='ocrx_word' id='word_1_297' title='bbox 1421 2251 1532 2284; x_wconf 82' lang='lat' dir='ltr'>bonos</span> 
     </span>
     <span class='ocr_line' id='line_1_32' title="bbox 62 2296 1533 2346; baseline -0.007 -7"><span class='ocrx_word' id='word_1_298' title='bbox 62 2303 291 2346; x_wconf 77' lang='lat' dir='ltr'>submissum,</span> <span class='ocrx_word' id='word_1_299' title='bbox 327 2313 411 2346; x_wconf 84' lang='lat' dir='ltr'>erga</span> <span class='ocrx_word' id='word_1_300' title='bbox 433 2301 572 2336; x_wconf 85' lang='lat' dir='ltr'>feroces</span> <span class='ocrx_word' id='word_1_301' title='bbox 595 2300 720 2336; x_wconf 85' lang='lat' dir='ltr'>elatum</span> <span class='ocrx_word' id='word_1_302' title='bbox 743 2312 783 2336; x_wconf 85' lang='lat' dir='ltr'>se</span> <span class='ocrx_word' id='word_1_303' title='bbox 807 2306 909 2346; x_wconf 80' lang='lat' dir='ltr'><strong>gerat</strong></span> <span class='ocrx_word' id='word_1_304' title='bbox 930 2311 1018 2346; x_wconf 88' lang='lat' dir='ltr'>opus</span> <span class='ocrx_word' id='word_1_305' title='bbox 1042 2304 1115 2344; x_wconf 81' lang='lat' dir='ltr'>est,</span> <span class='ocrx_word' id='word_1_306' title='bbox 1145 2310 1222 2333; x_wconf 88' lang='lat' dir='ltr'>cum</span> <span class='ocrx_word' id='word_1_307' title='bbox 1244 2297 1295 2332; x_wconf 86' lang='lat' dir='ltr'>illi</span> <span class='ocrx_word' id='word_1_308' title='bbox 1319 2296 1533 2341; x_wconf 77' lang='lat' dir='ltr'>aequitatem</span> 
     </span>
     <span class='ocr_line' id='line_1_33' title="bbox 61 2341 1532 2397; baseline -0.007 -12"><span class='ocrx_word' id='word_1_309' title='bbox 61 2361 128 2397; x_wconf 83' lang='lat' dir='ltr'>pro</span> <span class='ocrx_word' id='word_1_310' title='bbox 154 2349 307 2393; x_wconf 85' lang='lat' dir='ltr'>virtute,</span> <span class='ocrx_word' id='word_1_311' title='bbox 338 2349 374 2382; x_wconf 91' lang='lat' dir='ltr'>hi</span> <span class='ocrx_word' id='word_1_312' title='bbox 399 2348 567 2382; x_wconf 78' lang='lat' dir='ltr'>ferociam</span> <span class='ocrx_word' id='word_1_313' title='bbox 600 2359 664 2392; x_wconf 88' lang='lat' dir='ltr'>pro</span> <span class='ocrx_word' id='word_1_314' title='bbox 696 2347 903 2383; x_wconf 83' lang='lat' dir='ltr'>fortitudine</span> <span class='ocrx_word' id='word_1_315' title='bbox 931 2347 1095 2381; x_wconf 83' lang='lat' dir='ltr'>habeant.</span> <span class='ocrx_word' id='word_1_316' title='bbox 1143 2345 1223 2379; x_wconf 88' lang='lat' dir='ltr'>ideo</span> <span class='ocrx_word' id='word_1_317' title='bbox 1246 2343 1315 2378; x_wconf 78' lang='lat' dir='ltr'>illis</span> <span class='ocrx_word' id='word_1_318' title='bbox 1337 2341 1532 2377; x_wconf 79' lang='lat' dir='ltr'>tractandis</span> 
     </span>
     <span class='ocr_line' id='line_1_34' title="bbox 61 2390 1532 2439; baseline -0.006 -9"><span class='ocrx_word' id='word_1_319' title='bbox 61 2396 260 2431; x_wconf 81' lang='lat' dir='ltr'>adhibenda</span> <span class='ocrx_word' id='word_1_320' title='bbox 283 2399 336 2429; x_wconf 80' lang='lat' dir='ltr'>est</span> <span class='ocrx_word' id='word_1_321' title='bbox 359 2394 466 2429; x_wconf 83' lang='lat' dir='ltr'>animi</span> <span class='ocrx_word' id='word_1_322' title='bbox 488 2393 658 2439; x_wconf 81' lang='lat' dir='ltr'>quaedam</span> <span class='ocrx_word' id='word_1_323' title='bbox 678 2393 855 2438; x_wconf 86' lang='lat' dir='ltr'>demissio,</span> <span class='ocrx_word' id='word_1_324' title='bbox 877 2393 932 2428; x_wconf 87' lang='lat' dir='ltr'>his</span> <span class='ocrx_word' id='word_1_325' title='bbox 955 2398 1068 2428; x_wconf 89' lang='lat' dir='ltr'>autem</span> <span class='ocrx_word' id='word_1_326' title='bbox 1091 2390 1273 2435; x_wconf 80' lang='lat' dir='ltr'>fortitudo,</span> <span class='ocrx_word' id='word_1_327' title='bbox 1300 2400 1390 2434; x_wconf 86' lang='lat' dir='ltr'>quae</span> <span class='ocrx_word' id='word_1_328' title='bbox 1413 2398 1532 2422; x_wconf 88' lang='lat' dir='ltr'>eorum</span> 
     </span>
     <span class='ocr_line' id='line_1_35' title="bbox 60 2429 1534 2488; baseline -0.007 -11"><span class='ocrx_word' id='word_1_329' title='bbox 60 2444 201 2478; x_wconf 84' lang='lat' dir='ltr'>feroces</span> <span class='ocrx_word' id='word_1_330' title='bbox 225 2441 371 2488; x_wconf 81' lang='lat' dir='ltr'>spiritus</span> <span class='ocrx_word' id='word_1_331' title='bbox 397 2441 582 2486; x_wconf 86' lang='lat' dir='ltr'>reprimat,</span> <span class='ocrx_word' id='word_1_332' title='bbox 614 2451 684 2483; x_wconf 87' lang='lat' dir='ltr'>quo</span> <span class='ocrx_word' id='word_1_333' title='bbox 707 2445 744 2475; x_wconf 90' lang='lat' dir='ltr'>et</span> <span class='ocrx_word' id='word_1_334' title='bbox 764 2439 835 2474; x_wconf 87' lang='lat' dir='ltr'>illis</span> <span class='ocrx_word' id='word_1_335' title='bbox 859 2439 972 2485; x_wconf 81' lang='lat' dir='ltr'>prosit</span> <span class='ocrx_word' id='word_1_336' title='bbox 995 2445 1032 2474; x_wconf 88' lang='lat' dir='ltr'>et</span> <span class='ocrx_word' id='word_1_337' title='bbox 1053 2439 1186 2473; x_wconf 86' lang='lat' dir='ltr'>animos</span> <span class='ocrx_word' id='word_1_338' title='bbox 1210 2437 1331 2471; x_wconf 82' lang='lat' dir='ltr'>horum</span> <span class='ocrx_word' id='word_1_339' title='bbox 1350 2429 1534 2469; x_wconf 80' lang='lat' dir='ltr'>deiiciat.”</span> 
     </span>
     <span class='ocr_line' id='line_1_36' title="bbox 58 2480 1531 2532; baseline -0.007 -8"><span class='ocrx_word' id='word_1_340' title='bbox 58 2489 154 2524; x_wconf 85' lang='lat' dir='ltr'>idem</span> <span class='ocrx_word' id='word_1_341' title='bbox 186 2488 338 2524; x_wconf 77' lang='lat' dir='ltr'>Basilius</span> <span class='ocrx_word' id='word_1_342' title='bbox 370 2497 513 2532; x_wconf 79' lang='lat' dir='ltr'>magnus</span> <span class='ocrx_word' id='word_1_343' title='bbox 546 2486 724 2530; x_wconf 82' lang='lat' dir='ltr'>indicans,</span> <span class='ocrx_word' id='word_1_344' title='bbox 769 2485 965 2520; x_wconf 86' lang='lat' dir='ltr'>Solomonis</span> <span class='ocrx_word' id='word_1_345' title='bbox 999 2485 1118 2520; x_wconf 82' lang='lat' dir='ltr'>verbis</span> <span class='ocrx_word' id='word_1_346' title='bbox 1152 2488 1269 2518; x_wconf 87' lang='lat' dir='ltr'>monet</span> <span class='ocrx_word' id='word_1_347' title='bbox 1299 2481 1337 2515; x_wconf 83' lang='lat' dir='ltr'>in</span> <span class='ocrx_word' id='word_1_348' title='bbox 1369 2480 1461 2514; x_wconf 89' lang='lat' dir='ltr'>omni</span> <span class='ocrx_word' id='word_1_349' title='bbox 1489 2490 1531 2514; x_wconf 89' lang='lat' dir='ltr'>re</span> 
     </span>
     <span class='ocr_line' id='line_1_37' title="bbox 62 2524 1532 2578; baseline -0.007 -8"><span class='ocrx_word' id='word_1_350' title='bbox 62 2547 159 2570; x_wconf 83' lang='lat' dir='ltr'>suam</span> <span class='ocrx_word' id='word_1_351' title='bbox 183 2546 261 2570; x_wconf 85' lang='lat' dir='ltr'>esse</span> <span class='ocrx_word' id='word_1_352' title='bbox 283 2533 341 2568; x_wconf 84' lang='lat' dir='ltr'>vel</span> <span class='ocrx_word' id='word_1_353' title='bbox 363 2532 588 2576; x_wconf 84' lang='lat' dir='ltr'>humilitatis,</span> <span class='ocrx_word' id='word_1_354' title='bbox 624 2532 682 2567; x_wconf 81' lang='lat' dir='ltr'>vel</span> <span class='ocrx_word' id='word_1_355' title='bbox 709 2532 892 2578; x_wconf 83' lang='lat' dir='ltr'>elationis,</span> <span class='ocrx_word' id='word_1_356' title='bbox 925 2532 983 2566; x_wconf 82' lang='lat' dir='ltr'>vel</span> <span class='ocrx_word' id='word_1_357' title='bbox 1014 2528 1269 2575; x_wconf 84' lang='lat' dir='ltr'>obiurgationis</span> <span class='ocrx_word' id='word_1_358' title='bbox 1291 2526 1346 2562; x_wconf 82' lang='lat' dir='ltr'>vel</span> <span class='ocrx_word' id='word_1_359' title='bbox 1370 2524 1532 2561; x_wconf 73' lang='lat' dir='ltr'>consola-</span> 
     </span>
     <span class='ocr_line' id='line_1_38' title="bbox 60 2572 1533 2626; baseline -0.006 -11"><span class='ocrx_word' id='word_1_360' title='bbox 60 2581 191 2626; x_wconf 82' lang='lat' dir='ltr'>tionis,</span> <span class='ocrx_word' id='word_1_361' title='bbox 226 2578 283 2615; x_wconf 84' lang='lat' dir='ltr'>vel</span> <span class='ocrx_word' id='word_1_362' title='bbox 303 2579 541 2624; x_wconf 66' lang='lat' dir='ltr'>indulgentiae</span> <span class='ocrx_word' id='word_1_363' title='bbox 563 2578 622 2613; x_wconf 82' lang='lat' dir='ltr'>vel</span> <span class='ocrx_word' id='word_1_364' title='bbox 644 2579 865 2623; x_wconf 82' lang='lat' dir='ltr'>severitatis,</span> <span class='ocrx_word' id='word_1_365' title='bbox 896 2577 953 2612; x_wconf 83' lang='lat' dir='ltr'>vel</span> <span class='ocrx_word' id='word_1_366' title='bbox 975 2577 1130 2612; x_wconf 85' lang='lat' dir='ltr'>leuitatis</span> <span class='ocrx_word' id='word_1_367' title='bbox 1154 2574 1212 2610; x_wconf 87' lang='lat' dir='ltr'>vel</span> <span class='ocrx_word' id='word_1_368' title='bbox 1235 2572 1471 2615; x_wconf 73' lang='lat' dir='ltr'>austeritatis,</span> <span class='ocrx_word' id='word_1_369' title='bbox 1496 2575 1533 2606; x_wconf 83' lang='lat' dir='ltr'>et</span> 
     </span>
     <span class='ocr_line' id='line_1_39' title="bbox 57 2624 1531 2670; baseline -0.007 -9"><span class='ocrx_word' id='word_1_370' title='bbox 57 2628 96 2662; x_wconf 85' lang='lat' dir='ltr'>in</span> <span class='ocrx_word' id='word_1_371' title='bbox 118 2638 250 2662; x_wconf 81' lang='lat' dir='ltr'>summa</span> <span class='ocrx_word' id='word_1_372' title='bbox 271 2626 425 2660; x_wconf 79' lang='lat' dir='ltr'>cuiusvis</span> <span class='ocrx_word' id='word_1_373' title='bbox 451 2625 506 2660; x_wconf 83' lang='lat' dir='ltr'>rei</span> <span class='ocrx_word' id='word_1_374' title='bbox 527 2636 625 2659; x_wconf 85' lang='lat' dir='ltr'>suam</span> <span class='ocrx_word' id='word_1_375' title='bbox 646 2625 954 2670; x_wconf 80' lang='lat' dir='ltr'>opportunitatem.</span> <span class='ocrx_word' id='word_1_376' title='bbox 980 2624 1121 2668; x_wconf 54' lang='lat' dir='ltr'>&gt;itaque</span> <span class='ocrx_word' id='word_1_377' title='bbox 1153 2630 1394 2666; x_wconf 86' lang='lat' dir='ltr'>nonnunquam</span> <span class='ocrx_word' id='word_1_378' title='bbox 1427 2624 1531 2652; x_wconf 84' lang='lat' dir='ltr'>uten-</span> 
     </span>
     <span class='ocr_line' id='line_1_40' title="bbox 56 2664 1528 2717; baseline -0.007 -8"><span class='ocrx_word' id='word_1_379' title='bbox 56 2675 140 2709; x_wconf 85' lang='lat' dir='ltr'>dum</span> <span class='ocrx_word' id='word_1_380' title='bbox 166 2679 222 2709; x_wconf 87' lang='lat' dir='ltr'>est</span> <span class='ocrx_word' id='word_1_381' title='bbox 243 2671 452 2707; x_wconf 85' lang='lat' dir='ltr'>demissione</span> <span class='ocrx_word' id='word_1_382' title='bbox 473 2671 596 2715; x_wconf 84' lang='lat' dir='ltr'>animi,</span> <span class='ocrx_word' id='word_1_383' title='bbox 626 2671 917 2717; x_wconf 70' lang='lat' dir='ltr'>puer-uictumque</span> <span class='ocrx_word' id='word_1_384' title='bbox 940 2670 1108 2705; x_wconf 82' lang='lat' dir='ltr'>imitanda</span> <span class='ocrx_word' id='word_1_385' title='bbox 1129 2666 1325 2710; x_wconf 81' lang='lat' dir='ltr'>humilitas,</span> <span class='ocrx_word' id='word_1_386' title='bbox 1348 2665 1440 2700; x_wconf 82' lang='lat' dir='ltr'>sicut</span> <span class='ocrx_word' id='word_1_387' title='bbox 1463 2664 1528 2698; x_wconf 88' lang='lat' dir='ltr'>do-</span> 
     </span>
     <span class='ocr_line' id='line_1_41' title="bbox 58 2709 1528 2763; baseline -0.008 -8"><span class='ocrx_word' id='word_1_388' title='bbox 58 2721 173 2756; x_wconf 84' lang='lat' dir='ltr'>minus</span> <span class='ocrx_word' id='word_1_389' title='bbox 207 2718 342 2754; x_wconf 87' lang='lat' dir='ltr'>monuit</span> <span class='ocrx_word' id='word_1_390' title='bbox 373 2718 518 2763; x_wconf 82' lang='lat' dir='ltr'>(Matth.</span> <span class='ocrx_word' id='word_1_391' title='bbox 547 2719 623 2760; x_wconf 87' lang='lat'>18):</span> <span class='ocrx_word' id='word_1_392' title='bbox 660 2717 846 2763; x_wconf 87' lang='lat' dir='ltr'>aliquando</span> <span class='ocrx_word' id='word_1_393' title='bbox 875 2721 1051 2762; x_wconf 73' lang='lat' dir='ltr'>potestate</span> <span class='ocrx_word' id='word_1_394' title='bbox 1074 2714 1238 2750; x_wconf 82' lang='lat' dir='ltr'>utendum</span> <span class='ocrx_word' id='word_1_395' title='bbox 1261 2717 1317 2747; x_wconf 85' lang='lat' dir='ltr'>est</span> <span class='ocrx_word' id='word_1_396' title='bbox 1338 2721 1440 2757; x_wconf 86' lang='lat' dir='ltr'>quam</span> <span class='ocrx_word' id='word_1_397' title='bbox 1462 2709 1528 2744; x_wconf 88' lang='lat' dir='ltr'>do·-</span> 
     </span>
     <span class='ocr_line' id='line_1_42' title="bbox 59 2756 1528 2809; baseline -0.007 -8"><span class='ocrx_word' id='word_1_398' title='bbox 59 2767 173 2801; x_wconf 83' lang='lat' dir='ltr'>minus</span> <span class='ocrx_word' id='word_1_399' title='bbox 197 2764 390 2809; x_wconf 82' lang='lat' dir='ltr'>concessit,</span> <span class='ocrx_word' id='word_1_400' title='bbox 424 2765 469 2799; x_wconf 90' lang='lat' dir='ltr'>ad</span> <span class='ocrx_word' id='word_1_401' title='bbox 492 2764 764 2807; x_wconf 83' lang='lat' dir='ltr'>aedificandum,</span> <span class='ocrx_word' id='word_1_402' title='bbox 797 2775 866 2798; x_wconf 88' lang='lat' dir='ltr'>nou</span> <span class='ocrx_word' id='word_1_403' title='bbox 890 2764 935 2798; x_wconf 87' lang='lat' dir='ltr'>ad</span> <span class='ocrx_word' id='word_1_404' title='bbox 958 2761 1229 2804; x_wconf 66' lang='lat' dir='ltr'>demoliendum,</span> <span class='ocrx_word' id='word_1_405' title='bbox 1267 2769 1343 2792; x_wconf 84' lang='lat' dir='ltr'>cum</span> <span class='ocrx_word' id='word_1_406' title='bbox 1363 2756 1528 2807; x_wconf 64' lang='lat' dir='ltr'>libertate</span> 
     </span>
     <span class='ocr_line' id='line_1_43' title="bbox 58 2803 1529 2858; baseline -0.008 -11"><span class='ocrx_word' id='word_1_407' title='bbox 58 2824 149 2858; x_wconf 83' lang='lat' dir='ltr'>opus</span> <span class='ocrx_word' id='word_1_408' title='bbox 184 2816 250 2848; x_wconf 56' lang='lat' dir='ltr'>esta</span> <span class='ocrx_word' id='word_1_409' title='bbox 296 2812 350 2846; x_wconf 84' lang='lat' dir='ltr'>ita</span> <span class='ocrx_word' id='word_1_410' title='bbox 382 2814 419 2846; x_wconf 80' lang='lat' dir='ltr'>et</span> <span class='ocrx_word' id='word_1_411' title='bbox 448 2811 509 2845; x_wconf 77' lang='lat' dir='ltr'>ubi</span> <span class='ocrx_word' id='word_1_412' title='bbox 542 2810 814 2845; x_wconf 83' lang='lat' dir='ltr'>consolationem</span> <span class='ocrx_word' id='word_1_413' title='bbox 837 2810 971 2855; x_wconf 67' lang='lat' dir='ltr'>teinpus</span> <span class='ocrx_word' id='word_1_414' title='bbox 991 2808 1170 2853; x_wconf 81' lang='lat' dir='ltr'>requiret,</span> <span class='ocrx_word' id='word_1_415' title='bbox 1203 2803 1402 2848; x_wconf 73' lang='lat' dir='ltr'>benignitas</span> <span class='ocrx_word' id='word_1_416' title='bbox 1424 2813 1529 2836; x_wconf 84' lang='lat' dir='ltr'>exer-</span> 
     </span>
     <span class='ocr_line' id='line_1_44' title="bbox 57 2849 1528 2906; baseline -0.007 -12"><span class='ocrx_word' id='word_1_417' title='bbox 57 2859 193 2906; x_wconf 65' lang='lat' dir='ltr'>cende,</span> <span class='ocrx_word' id='word_1_418' title='bbox 223 2864 262 2895; x_wconf 88' lang='lat' dir='ltr'>et</span> <span class='ocrx_word' id='word_1_419' title='bbox 290 2857 517 2895; x_wconf 77' lang='lat' dir='ltr'>severitatem</span> <span class='ocrx_word' id='word_1_420' title='bbox 545 2856 731 2894; x_wconf 70' lang='lat' dir='ltr'>occasione</span> <span class='ocrx_word' id='word_1_421' title='bbox 753 2856 954 2903; x_wconf 73' lang='lat' dir='ltr'>postulante</span> <span class='ocrx_word' id='word_1_422' title='bbox 975 2856 1104 2892; x_wconf 78' lang='lat' dir='ltr'>seriani</span> <span class='ocrx_word' id='word_1_423' title='bbox 1125 2851 1271 2902; x_wconf 67' lang='lat' dir='ltr'>pietatis</span> <span class='ocrx_word' id='word_1_424' title='bbox 1291 2849 1443 2886; x_wconf 79' lang='lat' dir='ltr'>studium</span> <span class='ocrx_word' id='word_1_425' title='bbox 1464 2849 1528 2884; x_wconf 85' lang='lat' dir='ltr'>de-</span> 
     </span>
    </p>
   </div>
  </div>
 </body>
</html>
