1742 3184
212 164 316 215 400
697 168 939 215 GEORGII
973 166 1222 213 CEDRENI

212 284 363 327 λιτείαν
391 282 455 327 ἐπὶ
481 286 557 327 τοῦ
588 283 762 340 ἀσεβοῦς
784 282 1008 340 Ἀντιόχου.
1078 283 1185 329 ἄλλά
1213 302 1258 342 γε
1286 284 1355 329 καὶ
1385 281 1477 329 τότε
1509 286 1694 344 παραδο-

212 355 356 406 θέντες
368 352 559 412 Ἀντιόχῳ
577 353 644 410 ἔτη
663 356 778 413 τρία,
809 355 860 397 τὰ
881 355 1052 413 λαμπρὰ
1072 355 1138 398 διὰ
1157 360 1239 399 τῶν
1258 357 1551 411 Μακκαβαίων
1571 350 1698 407 αὖθις

214 423 409 481 ἐστήσατε
445 422 636 482 τρόπαια.
707 425 814 466 ἀλλὰ
842 429 915 467 νῦν
943 429 1128 469 τοιοῦτον
1155 425 1295 478 οὐδέν,
1331 425 1438 468 ἀλλὰ
1460 426 1694 470 τούναντίον

211 492 324 537 ἅπαν
353 494 525 551 γέγονεν.
594 492 617 536 ὃ
652 495 720 536 καὶ
756 493 938 548 μάλιστα
970 494 1054 539 ἐστι
1084 494 1329 550 θαυμάσαι,
1365 494 1427 539 ὅτι
1454 495 1599 550 τὰμὲν
1619 501 1694 552 τῆς

209 565 356 614 κακίας
388 562 522 618 ἔληξε,
557 563 610 607 τὰ
643 564 688 606 δὲ
719 568 792 619 τῆς
825 566 1024 622 τιμωρίας
1053 566 1279 608 ἐπιτέταται
1311 567 1379 608 καὶ
1415 564 1506 608 οὐδ’
1547 566 1726 608 ἐλπίδἀὄ

209 634 302 676 τινὰ
332 636 565 692 μεταβολῆς
594 632 686 688 ἔχει.
757 633 804 676 οὗ
841 634 919 691 γὰρ
958 633 992 677 0'
1025 633 1094 690 ἔτι]
1130 639 1321 693 παρῆλθε
1349 632 1476 690 μόνον
1497 635 1605 677 ἀλλὰ
1626 637 1695 678 καὶ

209 706 351 762 πολλῷ
382 703 568 755 πλείονα,
599 707 667 745 καὶ
700 702 794 746 οὐδὲ
821 705 985 755 ἐλπίδος
1014 706 1132 748 σκιὰν
1157 705 1263 749 ἐστιν
1288 700 1437 763 ἐῦρεΐν,
1472 707 1540 748 καὶ
1563 710 1694 748 ταῦτα

207 771 305 816 οὐδὲ
335 771 740 830 εἴδωλολατρούντων
767 771 907 829 ὗμῶν,
944 773 1037 818 οὔτε
1069 774 1170 818 ἄλλο
1191 793 1232 819 τι
1252 773 1477 818 ποιούντων
1498 773 1600 832 ἅπερ
1621 774 1694 830 ἐμ-

206 845 391 900 προσθεν
412 842 654 896 ἐτολμᾶτε.”

151 923 184 960 Β
337 910 424 954 Ἵνα
442 913 488 955 δὲ
505 913 759 970 σαφέστερον
778 914 846 955 καὶ
868 910 1197 971 διεξοδικώτερον
1214 914 1267 958 τὰ
1283 916 1375 972 περὶ
1397 912 1551 957 τούτων
1571 912 1693 956 εἷ’πω-
1707 919 1742 954 1(

206 999 307 1036 μεν,
357 980 521 1024 ἄνωθεν
562 981 686 1024 πάλιν
724 980 965 1040 ἀρξώμεθα.
1033 990 1142 1041 τρεῖς
1176 985 1362 1035 δουλείας
1391 982 1624 1039 ὑπέστησαν
1657 982 1696 1026 οἳ

203 1050 404 1094 Ἰουὸαἴοι
435 1050 752 1106 χαλεπωτάτας,
788 1054 856 1094 καὶ
883 1053 979 1096 οὐδὲ
998 1055 1099 1108 μιάν
1114 1055 1245 1112 χωρὶς
1266 1051 1532 1112 προρρήσεως
1558 1052 1696 1103 αὐτοῖς

207 1120 406 1177 ἐπήγαγεν
438 1119 465 1176 ἡ
494 1123 590 1164 θεία
622 1124 736 1177 δίκη,
773 1122 880 1165 ἀλλὰ
910 1127 1191 1181 προλεχθῆναι
1223 1122 1524 1182 παρεσκεύασεν
1556 1122 1695 1174 αὐτοῖς

207 1193 275 1234 καὶ
306 1190 432 1233 τόπον
463 1192 532 1233 καὶ
557 1191 709 1249 χρόνον
743 1194 811 1234 καὶ
839 1191 991 1250 τρόπον
1014 1194 1083 1235 καὶ
1109 1191 1288 1237 κάκωσιν
1309 1195 1376 1236 καὶ
1400 1193 1474 1249 τὴν
1497 1191 1695 1236 ἐπάνοδον

207 1262 277 1303 καὶ
305 1255 437 1303 τᾶλλα
466 1259 600 1304 πάντα
630 1262 737 1317 μετὰ
763 1266 918 1317 πολλῆς
951 1263 1175 1321 ἀκριβείας.
1247 1265 1314 1306 καὶ
1343 1265 1434 1320 περὶ
1463 1262 1538 1317 μὲν
1559 1266 1632 1316 τῆς
1654 1264 1695 1305 ἐν
1707 1267 1742 1301 15

205 1328 408 1389 Αἰγύπτῳ
437 1330 604 1388 πρώτης
636 1330 921 1387 διαλεγόμενος
952 1330 973 1376 ὃ
1006 1333 1106 1383 θεὸς
1140 1332 1270 1384 οὕτως
1303 1332 1383 1391 ἔφη
1416 1337 1475 1391 τῷ
1502 1330 1696 1389 Ἀβραάμ

200 1397 441 1457 ((γινώσκων
470 1405 602 1456 γνῶθι
635 1399 698 1444 ὅτι
726 1400 924 1458 πάροικον
945 1402 1058 1446 ἔσται
1079 1403 1126 1445 τὸ
1148 1403 1312 1460 σπέρμα
1337 1419 1413 1445 σου
1432 1403 1474 1444 ἐν
1497 1406 1549 1459 γῇ
1571 1402 1696 1444 ἄλλο·

203 1471 299 1530 τρία
310 1503 322 1522 ,
359 1471 427 1512 καὶ
450 1469 731 1514 δουλώσουσιν
751 1471 852 1514 αὐτὸ
874 1473 942 1513 καὶ
964 1470 1221 1515 κακώσουσιν
1239 1471 1306 1527 ἔτη
1327 1469 1591 1529 τετρακόσια,
1627 1489 1694 1515 τε-

202 1538 334 1597 τάρτῃ
366 1540 410 1582 δὲ
442 1545 559 1600 γενεᾷ
592 1539 825 1584 ἐλεύσονται
857 1535 984 1585 ὧδε.”
1055 1543 1148 1598 περὶ
1183 1541 1228 1584 δὲ
1261 1545 1335 1596 τῆς
1365 1541 1558 1599 δευτέρας
1589 1538 1695 1583 εἶπεν

152 1615 184 1650 C
202 1607 411 1665 Ἱερεμίας
438 1607 601 1661 “οῧτως
631 1608 713 1653 εἶπε
743 1608 898 1667 κύριος.
969 1610 1067 1653 ὅταν
1093 1611 1222 1668 μέλλῃ
1244 1614 1509 1667 πληροῦσθαι
1530 1615 1580 1668 τῇ
1602 1613 1742 1653 Boe-2(

198 1683 356 1734 βυλῶνι
387 1676 421 1720 0'
455 1677 547 1733 ἔτη,
583 1680 857 1734 ἐπισκέψομαι
884 1677 1017 1748 ὖΛιιᾶΙς,
1054 1683 1122 1723 καὶ
1143 1678 1347 1736 ἐπιστήσω
1371 1680 1444 1737 ἐφ’
1467 1678 1578 1735 ὑμᾶς
1598 1681 1696 1731 τοὺς

201 1747 393 1804 ἀγαθοὺς
423 1746 570 1804 λόγους
595 1766 677 1803 μου
703 1754 782 1802 ’τοῦ
815 1749 1076 1807 ἀποστρέψαι
1107 1753 1164 1800 εἷς
1193 1750 1264 1793 τὸν
1294 1748 1422 1793 τόπον
1449 1747 1589 1804 ὑμῶν,
1625 1753 1694 1793 καὶ

202 1818 439 1876 ἐπιστρέψω
470 1817 543 1874 τὴν
578 1819 864 1874 αῗχμαλωσίαν
893 1817 1034 1873 ὑμῶν,
1069 1821 1138 1862 καὶ
1175 1819 1364 1877 ἀθροίσω
1399 1817 1510 1874 ὑμᾶς
1538 1821 1582 1862 ἐκ
1611 1825 1694 1863 τῶν

201 1887 336 1930 ἐθνῶν
365 1885 528 1930 πάντων
558 1890 627 1930 καὶ
660 1889 704 1931 ἐκ
736 1892 819 1931 τῶν
849 1886 986 1932 τόπων
1017 1887 1137 1944 ὑμῶν
1168 1888 1354 1942 πάντων,
1400 1884 1449 1932 οὗ
1486 1890 1694 1947 διέσπειρα

199 1955 310 2012 ὑμᾶς
329 1958 430 2010 ἐκεῖ,
467 1959 570 2016 φησὶ
588 1957 740 2016 κύριοςζ
811 1960 879 2001 καὶ
903 1959 1138 2018 ἐπιστρέψω
1155 1958 1264 2014 ὑμᾶς
1283 1961 1339 2011 εἷς
1359 1958 1430 2002 τὸν
1447 1957 1573 2002 τόπον
1593 1958 1693 2002 ὅθεν
1705 1967 1742 2002 ΞΕ

203 2102 270 2126 xus
306 2102 366 2135 es,
401 2089 578 2127 Antiocho
610 2090 718 2137 impio
747 2095 933 2137 regnante.
992 2095 1099 2139 atque
1128 2091 1211 2127 huic
1241 2096 1315 2127 tum
1345 2091 1536 2127 triennium
1570 2092 1695 2138 dediti,

203 2149 287 2172 mox
322 2138 619 2173 Maccahaeorum
655 2150 766 2186 opera
796 2150 934 2173 rursum
965 2139 1154 2185 praeclara
1186 2138 1362 2174 statuistis
1390 2143 1555 2185 tropaea.
1602 2151 1697 2175 nunc

202 2184 291 2219 nihil
310 2184 399 2230 tale,
436 2186 500 2220 sed
530 2197 676 2232 prorsus
708 2185 826 2220 omnia
858 2186 1038 2220 contraria
1062 2187 1171 2229 fiunt3
1206 2187 1303 2232 quod
1325 2186 1475 2221 maxime
1501 2186 1697 2222 mirandum

203 2236 272 2266 est.
320 2243 400 2266 nam
427 2237 464 2268 et
488 2233 706 2278 flagitiorum
729 2232 842 2266 minus
868 2238 923 2267 est
948 2238 984 2267 et
1007 2233 1084 2279 plus
1110 2245 1324 2279 poenarum,
1348 2244 1465 2279 neque
1488 2232 1556 2268 ulla
1580 2239 1697 2268 muta—

199 2277 309 2313 tionis
332 2290 430 2324 spes.
478 2291 595 2325 neque
615 2279 707 2315 enim
725 2280 773 2315 70
790 2283 925 2314 tantum
951 2280 1034 2314 anni
1059 2279 1170 2327 elapsi
1199 2286 1302 2324 suut,
1331 2280 1395 2314 sed
1421 2279 1527 2315 multo
1552 2280 1695 2326 plures3

200 2336 317 2370 neque
340 2325 398 2360 vel
423 2327 580 2361 umbram
605 2326 684 2372 spei
710 2325 796 2361 licet
826 2326 1010 2371 invenire,
1045 2332 1082 2362 et
1113 2326 1254 2373 quidem
1285 2338 1402 2373 neque
1432 2326 1696 2363 simulacrorum

202 2371 298 2408 cultu
322 2372 361 2407 id
385 2373 488 2408 vobis
513 2373 754 2418 merentibus,
785 2378 823 2408 ut
847 2372 950 2417 olim,
985 2385 1101 2419 neque
1126 2374 1203 2409 aliis
1228 2373 1343 2409 solitis
1366 2373 1601 2409 facinoribus.

295 2419 350 2454 Ut
384 2425 502 2454 autem
532 2421 691 2466 apertius
724 2424 831 2465 atque
862 2419 1000 2465 plenius
1024 2420 1095 2455 ista
1119 2432 1343 2466 enarremus,
1378 2419 1483 2456 altius
1507 2421 1610 2466 paulo
1635 2432 1696 2456 res

200 2467 397 2511 repetenda
420 2471 488 2502 est.
537 2472 594 2502 ter
618 2467 656 2502 in
678 2466 983 2505 servitutem,acti
1005 2474 1088 2502 sunt
1110 2467 1255 2513 Iudaei,
1294 2479 1469 2513 nunquam
1494 2479 1565 2502 non
1589 2479 1697 2515 prae-

200 2512 345 2547 dictam:
384 2524 463 2547 nam
495 2513 618 2548 divina
648 2513 787 2548 iustitia
819 2513 865 2548 iis
898 2518 934 2548 et
964 2518 1102 2560 tempus
1127 2521 1162 2549 et
1185 2514 1299 2549 locum
1325 2519 1361 2549 et
1384 2514 1523 2549 modum
1545 2519 1582 2550 et
1599 2515 1697 2549 affli-

200 2558 352 2593 ctionem
386 2564 421 2594 et
453 2561 604 2595 reditum
637 2560 776 2606 aliaque
809 2559 926 2595 omnia
959 2561 1225 2596 accuratissime
1256 2560 1417 2607 praedici
1449 2561 1600 2597 curavit.
1650 2562 1697 2596 de

200 2605 315 2650 prima
340 2618 402 2641 seu
426 2606 652 2653 Aegyptiaca
676 2608 763 2643 deus
787 2606 1021 2642 Abrahamum
1043 2608 1094 2643 ita
1117 2607 1341 2654 praemonuit
1370 2608 1485 2651 (Gen.
1508 2607 1570 2654 15)
1602 2605 1696 2643 “hoc

201 2656 299 2686 certo
322 2653 433 2698 scias,
470 2654 677 2700 progeniem
702 2660 796 2690 tuam
818 2653 857 2689 in
880 2654 1069 2700 peregrino
1104 2654 1180 2690 solo
1210 2654 1418 2700 inquilinam
1442 2655 1542 2700 fore,
1577 2656 1695 2690 servi-

200 2702 348 2743 tuteque
383 2711 543 2744 pressum
580 2708 616 2737 et
652 2701 824 2736 afflictum
853 2700 900 2736 iri
931 2713 1042 2736 annos
1076 2701 1158 2736 400.
1206 2701 1324 2736 seculo
1352 2706 1480 2747 quarto
1503 2701 1573 2736 huc
1595 2701 1694 2736 redi-

199 2740 326 2778 bunt.'’
372 2745 417 2780 de
442 2748 597 2783 secunda
621 2748 789 2783 Ieremias
821 2747 874 2783 ita
895 2748 1112 2784 vaticinatus
1135 2749 1252 2783 fuerat
1285 2748 1382 2794 (cap.
1403 2749 1467 2794 29)
1497 2744 1575 2782 “sic
1597 2749 1694 2783 fatur

200 2790 376 2827 dominus.
427 2794 558 2829 exactis
595 2795 781 2840 Babylone
812 2796 859 2831 70
887 2795 988 2830 annis
1021 2807 1086 2830 vos
1110 2795 1283 2838 invisam,
1322 2806 1364 2829 ac
1386 2793 1482 2831 laeta
1506 2805 1583 2828 mea
1606 2807 1693 2841 pros

201 2836 310 2871 missa
333 2837 497 2883 implebo.
546 2843 712 2876 reducam
732 2847 798 2877 'vos
821 2841 859 2876 in
878 2842 1029 2888 patriam
1051 2842 1225 2878 servitute
1244 2841 1436 2887 liberatos,
1462 2841 1693 2887 colligamque

202 2894 267 2918 vos
302 2895 347 2918 ex
382 2885 541 2922 omnibus
574 2889 718 2936 populis
752 2895 790 2925 et
819 2888 908 2925 locis
931 2900 1000 2936 quo
1023 2901 1089 2926 vos
1113 2889 1343 2934 disieceram,
1378 2888 1496 2936 inquit
1517 2888 1692 2924 dominus.
