<?xml version="1.0" encoding="UTF-8"?>
<!DOCTYPE html PUBLIC "-//W3C//DTD XHTML 1.0 Transitional//EN"
    "http://www.w3.org/TR/xhtml1/DTD/xhtml1-transitional.dtd">
<html xmlns="http://www.w3.org/1999/xhtml" xml:lang="en" lang="en">
 <head>
  <title>
</title>
<meta http-equiv="Content-Type" content="text/html;charset=utf-8" />
  <meta name='ocr-system' content='tesseract 3.04.00' />
  <meta name='ocr-capabilities' content='ocr_page ocr_carea ocr_par ocr_line ocrx_word'/>
</head>
<body>
  <div class='ocr_page' id='page_1' title='image "./corpusscriptorum13niebuoft_0602.png"; bbox 0 0 1742 3184; ppageno 0'>
   <div class='ocr_carea' id='block_1_1' title="bbox 183 147 1181 226">
    <p class='ocr_par' dir='ltr' id='par_1_1' title="bbox 183 147 1181 226">
     <span class='ocr_line' id='line_1_1' title="bbox 183 147 1181 226; baseline -0.006 0"><span class='ocrx_word' id='word_1_1' title='bbox 183 177 286 226; x_wconf 85' lang='lat'><strong>578</strong></span> <span class='ocrx_word' id='word_1_2' title='bbox 661 147 902 223; x_wconf 73' lang='lat' dir='ltr'>GEORGH</span> <span class='ocrx_word' id='word_1_3' title='bbox 935 162 1181 220; x_wconf 68' lang='lat' dir='ltr'><strong>cunnum</strong></span> 
     </span>
    </p>
   </div>
   <div class='ocr_carea' id='block_1_2' title="bbox 49 287 1726 2818">
    <p class='ocr_par' dir='ltr' id='par_1_2' title="bbox 49 287 1726 2818">
     <span class='ocr_line' id='line_1_2' title="bbox 185 287 1657 353; baseline -0.003 -16"><span class='ocrx_word' id='word_1_4' title='bbox 185 293 527 353; x_wconf 75' lang='grc' dir='ltr'><strong><em>ἔλευθεροστομίᾳ</em></strong></span> <span class='ocrx_word' id='word_1_5' title='bbox 559 309 602 337; x_wconf 86' lang='grc' dir='ltr'><strong>τε</strong></span> <span class='ocrx_word' id='word_1_6' title='bbox 633 291 738 351; x_wconf 84' lang='grc' dir='ltr'><strong><em>πρὸς</em></strong></span> <span class='ocrx_word' id='word_1_7' title='bbox 768 291 864 342; x_wconf 82' lang='grc' dir='ltr'><strong><em>τοὺς</em></strong></span> <span class='ocrx_word' id='word_1_8' title='bbox 894 287 1209 346; x_wconf 72' lang='grc' dir='ltr'><strong><em>ἐντυγχάνοντας</em></strong></span> <span class='ocrx_word' id='word_1_9' title='bbox 1237 287 1422 347; x_wconf 70' lang='grc' dir='ltr'><strong><em>ἀμέτρως</em></strong></span> <span class='ocrx_word' id='word_1_10' title='bbox 1454 287 1657 347; x_wconf 70' lang='grc' dir='ltr'><strong><em>ἐκέχρητο.</em></strong></span> 
     </span>
     <span class='ocr_line' id='line_1_3' title="bbox 133 354 1659 421; baseline -0.005 -14"><span class='ocrx_word' id='word_1_11' title='bbox 133 370 167 407; x_wconf 83' lang='grc' dir='ltr'><strong>Ι)</strong></span> <span class='ocrx_word' id='word_1_12' title='bbox 192 365 260 406; x_wconf 85' lang='grc' dir='ltr'><strong>καὶ</strong></span> <span class='ocrx_word' id='word_1_13' title='bbox 289 364 330 406; x_wconf 74' lang='grc' dir='ltr'><strong>ἐν</strong></span> <span class='ocrx_word' id='word_1_14' title='bbox 359 364 433 417; x_wconf 72' lang='grc' dir='ltr'><strong>μὲν</strong></span> <span class='ocrx_word' id='word_1_15' title='bbox 462 366 521 421; x_wconf 72' lang='grc' dir='ltr'><strong><em>τῷ</em></strong></span> <span class='ocrx_word' id='word_1_16' title='bbox 547 361 750 406; x_wconf 76' lang='grc' dir='ltr'><em>διδάσκειν</em></span> <span class='ocrx_word' id='word_1_17' title='bbox 782 360 910 411; x_wconf 81' lang='grc' dir='ltr'><strong><em>πολὺς</em></strong></span> <span class='ocrx_word' id='word_1_18' title='bbox 940 354 990 415; x_wconf 76' lang='grc' dir='ltr'><strong>ἦν</strong></span> <span class='ocrx_word' id='word_1_19' title='bbox 1016 359 1118 417; x_wconf 85' lang='grc' dir='ltr'><strong><em>πρὸς</em></strong></span> <span class='ocrx_word' id='word_1_20' title='bbox 1144 359 1368 417; x_wconf 77' lang='grc' dir='ltr'><strong><em>ὠφέλειαν,</em></strong></span> <span class='ocrx_word' id='word_1_21' title='bbox 1416 359 1458 402; x_wconf 76' lang='grc' dir='ltr'><strong>ἓν</strong></span> <span class='ocrx_word' id='word_1_22' title='bbox 1492 359 1536 401; x_wconf 76' lang='grc' dir='ltr'><strong><em>δὲ</em></strong></span> <span class='ocrx_word' id='word_1_23' title='bbox 1568 364 1659 408; x_wconf 78' lang='grc' dir='ltr'><strong><em>ταῖς</em></strong></span> 
     </span>
     <span class='ocr_line' id='line_1_4' title="bbox 186 427 1659 487; baseline -0.005 -11"><span class='ocrx_word' id='word_1_24' title='bbox 186 433 418 487; x_wconf 80' lang='grc' dir='ltr'><strong><em>συντυχίαις</em></strong></span> <span class='ocrx_word' id='word_1_25' title='bbox 453 429 688 485; x_wconf 82' lang='grc' dir='ltr'><strong><em>ἇλαζονικός</em></strong></span> <span class='ocrx_word' id='word_1_26' title='bbox 723 447 784 480; x_wconf 88' lang='grc' dir='ltr'><strong>τις</strong></span> <span class='ocrx_word' id='word_1_27' title='bbox 819 431 887 472; x_wconf 86' lang='grc' dir='ltr'><strong>καὶ</strong></span> <span class='ocrx_word' id='word_1_28' title='bbox 919 427 1148 486; x_wconf 70' lang='grc' dir='ltr'><em>ὑπερόπτης</em></span> <span class='ocrx_word' id='word_1_29' title='bbox 1181 430 1379 484; x_wconf 76' lang='grc' dir='ltr'><strong><em>ἐνομίζετο</em></strong></span> <span class='ocrx_word' id='word_1_30' title='bbox 1415 434 1500 478; x_wconf 80' lang='grc' dir='ltr'><strong><em>τοῖς</em></strong></span> <span class='ocrx_word' id='word_1_31' title='bbox 1535 427 1659 469; x_wconf 74' lang='grc' dir='ltr'><strong><em>αὐτὸν</em></strong></span> 
     </span>
     <span class='ocr_line' id='line_1_5' title="bbox 187 495 1666 558; baseline -0.005 -14"><span class='ocrx_word' id='word_1_32' title='bbox 187 503 392 558; x_wconf 81' lang='grc' dir='ltr'><strong><em>ἀγνοοῦσι.</em></strong></span> <span class='ocrx_word' id='word_1_33' title='bbox 460 500 523 543; x_wconf 86' lang='grc' dir='ltr'><strong>διὸ</strong></span> <span class='ocrx_word' id='word_1_34' title='bbox 560 502 626 542; x_wconf 78' lang='grc' dir='ltr'><strong>καὶ</strong></span> <span class='ocrx_word' id='word_1_35' title='bbox 655 500 720 541; x_wconf 71' lang='grc' dir='ltr'><strong><em>ἐπὶ</em></strong></span> <span class='ocrx_word' id='word_1_36' title='bbox 750 498 824 554; x_wconf 85' lang='grc' dir='ltr'><strong>τὴν</strong></span> <span class='ocrx_word' id='word_1_37' title='bbox 851 498 1070 553; x_wconf 71' lang='grc' dir='ltr'><strong><em>ἐπισκοπὴν</em></strong></span> <span class='ocrx_word' id='word_1_38' title='bbox 1092 499 1346 555; x_wconf 74' lang='grc' dir='ltr'><strong><em>προβληθεὶς</em></strong></span> <span class='ocrx_word' id='word_1_39' title='bbox 1362 499 1511 552; x_wconf 81' lang='grc' dir='ltr'><strong><em>μείζονι</em></strong></span> <span class='ocrx_word' id='word_1_40' title='bbox 1534 495 1666 553; x_wconf 79' lang='grc' dir='ltr'><strong><em>ὀφρύϊ</em></strong></span> 
     </span>
     <span class='ocr_line' id='line_1_6' title="bbox 187 565 1694 625; baseline -0.003 -11"><span class='ocrx_word' id='word_1_41' title='bbox 187 571 293 614; x_wconf 80' lang='grc' dir='ltr'><strong><em>κατὰ</em></strong></span> <span class='ocrx_word' id='word_1_42' title='bbox 315 574 396 613; x_wconf 84' lang='grc' dir='ltr'><strong>τῶν</strong></span> <span class='ocrx_word' id='word_1_43' title='bbox 416 566 605 624; x_wconf 71' lang='grc' dir='ltr'><strong><em>ὑπηκόων</em></strong></span> <span class='ocrx_word' id='word_1_44' title='bbox 624 569 835 625; x_wconf 75' lang='grc' dir='ltr'><strong><em>ἐκέχρητο,</em></strong></span> <span class='ocrx_word' id='word_1_45' title='bbox 865 567 969 625; x_wconf 88' lang='grc' dir='ltr'><strong><em>πρὸς</em></strong></span> <span class='ocrx_word' id='word_1_46' title='bbox 988 567 1213 625; x_wconf 72' lang='grc' dir='ltr'><strong><em>διόρθωσιν</em></strong></span> <span class='ocrx_word' id='word_1_47' title='bbox 1236 565 1407 610; x_wconf 71' lang='grc' dir='ltr'><strong><em>ἑκάστου</em></strong></span> <span class='ocrx_word' id='word_1_48' title='bbox 1433 568 1500 608; x_wconf 88' lang='grc' dir='ltr'><strong>καὶ</strong></span> <span class='ocrx_word' id='word_1_49' title='bbox 1523 583 1656 621; x_wconf 88' lang='grc' dir='ltr'><strong><em>σωτη-</em></strong></span> <span class='ocrx_word' id='word_1_50' title='bbox 1671 572 1694 609; x_wconf 82' lang='grc'><strong>5</strong></span> 
     </span>
     <span class='ocr_line' id='line_1_7' title="bbox 191 634 1662 697; baseline -0.004 -15"><span class='ocrx_word' id='word_1_51' title='bbox 191 641 281 697; x_wconf 82' lang='grc' dir='ltr'><strong><em>ρίαν</em></strong></span> <span class='ocrx_word' id='word_1_52' title='bbox 302 640 369 681; x_wconf 81' lang='grc' dir='ltr'><strong>καὶ</strong></span> <span class='ocrx_word' id='word_1_53' title='bbox 389 637 485 689; x_wconf 74' lang='grc' dir='ltr'><strong><em>τοὺς</em></strong></span> <span class='ocrx_word' id='word_1_54' title='bbox 505 636 681 695; x_wconf 85' lang='grc' dir='ltr'><strong><em>τρόπους</em></strong></span> <span class='ocrx_word' id='word_1_55' title='bbox 699 639 766 680; x_wconf 83' lang='grc' dir='ltr'><strong>καὶ</strong></span> <span class='ocrx_word' id='word_1_56' title='bbox 789 636 885 687; x_wconf 74' lang='grc' dir='ltr'><strong><em>τούς</em></strong></span> <span class='ocrx_word' id='word_1_57' title='bbox 903 635 1048 693; x_wconf 84' lang='grc' dir='ltr'><strong><em>λόγους</em></strong></span> <span class='ocrx_word' id='word_1_58' title='bbox 1066 634 1365 691; x_wconf 82' lang='grc' dir='ltr'><strong><em>μεταλλάττων.</em></strong></span> <span class='ocrx_word' id='word_1_59' title='bbox 1435 635 1483 678; x_wconf 82' lang='grc' dir='ltr'><strong><em>οὗ</em></strong></span> <span class='ocrx_word' id='word_1_60' title='bbox 1513 636 1662 686; x_wconf 80' lang='grc' dir='ltr'><strong><em>τοίνυν,</em></strong></span> 
     </span>
     <span class='ocr_line' id='line_1_8' title="bbox 190 698 1663 763; baseline -0.004 -12"><span class='ocrx_word' id='word_1_61' title='bbox 190 710 226 751; x_wconf 81' lang='grc' dir='ltr'><strong>εἷ</strong></span> <span class='ocrx_word' id='word_1_62' title='bbox 242 706 301 763; x_wconf 86' lang='grc' dir='ltr'><strong><em>μή</em></strong></span> <span class='ocrx_word' id='word_1_63' title='bbox 322 725 382 758; x_wconf 90' lang='grc' dir='ltr'><strong>τις</strong></span> <span class='ocrx_word' id='word_1_64' title='bbox 403 707 462 762; x_wconf 72' lang='grc' dir='ltr'><strong>εἴη</strong></span> <span class='ocrx_word' id='word_1_65' title='bbox 484 705 622 758; x_wconf 79' lang='grc' dir='ltr'><strong><em>κόλαξ,</em></strong></span> <span class='ocrx_word' id='word_1_66' title='bbox 657 711 800 750; x_wconf 79' lang='grc' dir='ltr'><strong><em>τοῦτον</em></strong></span> <span class='ocrx_word' id='word_1_67' title='bbox 822 705 998 759; x_wconf 83' lang='grc' dir='ltr'><strong><em>ἀλαζόνα</em></strong></span> <span class='ocrx_word' id='word_1_68' title='bbox 1016 704 1114 749; x_wconf 77' lang='grc' dir='ltr'><strong><em>εἶναι</em></strong></span> <span class='ocrx_word' id='word_1_69' title='bbox 1135 708 1306 760; x_wconf 81' lang='grc' dir='ltr'><strong><em>νομίζει·</em></strong></span> <span class='ocrx_word' id='word_1_70' title='bbox 1339 705 1433 748; x_wconf 77' lang='grc' dir='ltr'><strong><em>οὐδ’</em></strong></span> <span class='ocrx_word' id='word_1_71' title='bbox 1456 698 1508 747; x_wconf 74' lang='grc' dir='ltr'><strong>αὖ</strong></span> <span class='ocrx_word' id='word_1_72' title='bbox 1527 703 1663 756; x_wconf 81' lang='grc' dir='ltr'><strong><em>πάλιν,</em></strong></span> 
     </span>
     <span class='ocr_line' id='line_1_9' title="bbox 192 772 1663 834; baseline -0.003 -14"><span class='ocrx_word' id='word_1_73' title='bbox 192 779 226 820; x_wconf 83' lang='grc' dir='ltr'><strong>εἲ</strong></span> <span class='ocrx_word' id='word_1_74' title='bbox 245 776 370 827; x_wconf 82' lang='grc' dir='ltr'><strong><em>κόλαξ</em></strong></span> <span class='ocrx_word' id='word_1_75' title='bbox 392 776 452 831; x_wconf 68' lang='grc' dir='ltr'><strong>εἴη</strong></span> <span class='ocrx_word' id='word_1_76' title='bbox 471 778 540 818; x_wconf 80' lang='grc' dir='ltr'><strong>καὶ</strong></span> <span class='ocrx_word' id='word_1_77' title='bbox 563 774 755 832; x_wconf 80' lang='grc' dir='ltr'><strong><em>ἀγεννής,</em></strong></span> <span class='ocrx_word' id='word_1_78' title='bbox 788 779 932 818; x_wconf 76' lang='grc' dir='ltr'><strong><em>τοῦτον</em></strong></span> <span class='ocrx_word' id='word_1_79' title='bbox 952 774 1226 834; x_wconf 84' lang='grc' dir='ltr'><strong><em>μετριόφρονα</em></strong></span> <span class='ocrx_word' id='word_1_80' title='bbox 1249 775 1428 826; x_wconf 73' lang='grc' dir='ltr'><strong><em>καλέσει,</em></strong></span> <span class='ocrx_word' id='word_1_81' title='bbox 1464 773 1570 815; x_wconf 76' lang='grc' dir='ltr'><strong><em>ἀλλὰ</em></strong></span> <span class='ocrx_word' id='word_1_82' title='bbox 1592 772 1663 815; x_wconf 84' lang='grc' dir='ltr'><strong>τὸν</strong></span> 
     </span>
     <span class='ocr_line' id='line_1_10' title="bbox 191 840 1664 903; baseline -0.003 -15"><span class='ocrx_word' id='word_1_83' title='bbox 191 847 233 888; x_wconf 74' lang='grc' dir='ltr'><strong>ἓν</strong></span> <span class='ocrx_word' id='word_1_84' title='bbox 250 843 508 902; x_wconf 71' lang='grc' dir='ltr'><strong><em>προσηκούσῃ</em></strong></span> <span class='ocrx_word' id='word_1_85' title='bbox 528 843 638 897; x_wconf 81' lang='grc' dir='ltr'><strong><em>τάξει</em></strong></span> <span class='ocrx_word' id='word_1_86' title='bbox 656 852 739 896; x_wconf 84' lang='grc' dir='ltr'><strong><em>τοῖς</em></strong></span> <span class='ocrx_word' id='word_1_87' title='bbox 754 845 986 902; x_wconf 67' lang='grc' dir='ltr'><strong><em>ἐλευθέροις</em></strong></span> <span class='ocrx_word' id='word_1_88' title='bbox 1003 844 1210 903; x_wconf 77' lang='grc' dir='ltr'><strong><em>πρεπούσῃ</em></strong></span> <span class='ocrx_word' id='word_1_89' title='bbox 1230 843 1374 887; x_wconf 72' lang='grc' dir='ltr'><strong><em>ἑαυτὸν</em></strong></span> <span class='ocrx_word' id='word_1_90' title='bbox 1393 840 1664 900; x_wconf 80' lang='grc' dir='ltr'><strong><em>φυλάττοντα.</em></strong></span> 
     </span>
     <span class='ocr_line' id='line_1_11' title="bbox 189 911 1721 972; baseline -0.002 -15"><span class='ocrx_word' id='word_1_91' title='bbox 189 913 478 971; x_wconf 71' lang='grc' dir='ltr'><strong><em>μεγαλόψυχον</em></strong></span> <span class='ocrx_word' id='word_1_92' title='bbox 497 913 576 972; x_wconf 79' lang='grc' dir='ltr'><strong><em>γὰρ</em></strong></span> <span class='ocrx_word' id='word_1_93' title='bbox 601 912 699 957; x_wconf 80' lang='grc' dir='ltr'><strong><em>εἶναι</em></strong></span> <span class='ocrx_word' id='word_1_94' title='bbox 719 912 934 970; x_wconf 83' lang='grc' dir='ltr'><strong><em>προσήκει,</em></strong></span> <span class='ocrx_word' id='word_1_95' title='bbox 966 915 1041 969; x_wconf 75' lang='grc' dir='ltr'><strong><em>οὐχ</em></strong></span> <span class='ocrx_word' id='word_1_96' title='bbox 1058 913 1320 972; x_wconf 72' lang='grc' dir='ltr'><strong><em>ὑπερήφανον</em></strong></span> <span class='ocrx_word' id='word_1_97' title='bbox 1330 945 1343 965; x_wconf 96' lang='grc'><strong><em>,</em></strong></span> <span class='ocrx_word' id='word_1_98' title='bbox 1376 913 1582 969; x_wconf 77' lang='grc' dir='ltr'><strong><em>ἀνδρεῖον,</em></strong></span> <span class='ocrx_word' id='word_1_99' title='bbox 1615 911 1662 953; x_wconf 80' lang='grc' dir='ltr'><strong><em>οὗ</em></strong></span> <span class='ocrx_word' id='word_1_100' title='bbox 1677 918 1721 954; x_wconf 86' lang='grc'><strong>10</strong></span> 
     </span>
     <span class='ocr_line' id='line_1_12' title="bbox 49 982 1666 1041; baseline -0.004 -14"><span class='ocrx_word' id='word_1_101' title='bbox 49 998 78 1032; x_wconf 89' lang='grc' dir='ltr'><strong>Ρ</strong></span> <span class='ocrx_word' id='word_1_102' title='bbox 102 998 172 1034; x_wconf 80' lang='grc'><strong>330</strong></span> <span class='ocrx_word' id='word_1_103' title='bbox 191 983 377 1040; x_wconf 78' lang='grc' dir='ltr'><strong><em>θρασύν,</em></strong></span> <span class='ocrx_word' id='word_1_104' title='bbox 403 984 579 1038; x_wconf 74' lang='grc' dir='ltr'><strong><em>ἐπιεικῆ,</em></strong></span> <span class='ocrx_word' id='word_1_105' title='bbox 606 984 653 1027; x_wconf 84' lang='grc' dir='ltr'><strong><em>οὗ</em></strong></span> <span class='ocrx_word' id='word_1_106' title='bbox 681 986 960 1041; x_wconf 79' lang='grc' dir='ltr'><strong><em>δουλοπρεπῆ,</em></strong></span> <span class='ocrx_word' id='word_1_107' title='bbox 989 982 1286 1041; x_wconf 60' lang='grc' dir='ltr'><strong><em>ριετριόφρονα,</em></strong></span> <span class='ocrx_word' id='word_1_108' title='bbox 1316 982 1365 1025; x_wconf 82' lang='grc' dir='ltr'><strong><em>οὖ</em></strong></span> <span class='ocrx_word' id='word_1_109' title='bbox 1393 997 1666 1037; x_wconf 81' lang='grc' dir='ltr'><strong><em>ταπεινοφρο-</em></strong></span> 
     </span>
     <span class='ocr_line' id='line_1_13' title="bbox 192 1048 1664 1109; baseline -0.003 -13"><span class='ocrx_word' id='word_1_110' title='bbox 192 1051 316 1107; x_wconf 83' lang='grc' dir='ltr'><strong><em>σύνην</em></strong></span> <span class='ocrx_word' id='word_1_111' title='bbox 336 1050 675 1108; x_wconf 69' lang='grc' dir='ltr'><strong><em>ὑποκρινόμενον,</em></strong></span> <span class='ocrx_word' id='word_1_112' title='bbox 711 1051 943 1109; x_wconf 73' lang='grc' dir='ltr'><strong><em>ἐλευθέριον</em></strong></span> <span class='ocrx_word' id='word_1_113' title='bbox 947 1083 965 1103; x_wconf 83' lang='grc'><strong><em>,</em></strong></span> <span class='ocrx_word' id='word_1_114' title='bbox 1002 1052 1076 1094; x_wconf 75' lang='grc' dir='ltr'><strong>οὐκ</strong></span> <span class='ocrx_word' id='word_1_115' title='bbox 1099 1050 1421 1109; x_wconf 76' lang='grc' dir='ltr'><strong><em>ἀνδραποδώδη,</em></strong></span> <span class='ocrx_word' id='word_1_116' title='bbox 1454 1049 1589 1107; x_wconf 76' lang='grc' dir='ltr'><strong><em>ὥσπερ</em></strong></span> <span class='ocrx_word' id='word_1_117' title='bbox 1612 1048 1664 1104; x_wconf 84' lang='grc' dir='ltr'><strong><em>δὴ</em></strong></span> 
     </span>
     <span class='ocr_line' id='line_1_14' title="bbox 192 1114 1667 1178; baseline -0.002 -15"><span class='ocrx_word' id='word_1_118' title='bbox 192 1123 260 1164; x_wconf 84' lang='grc' dir='ltr'><strong>καὶ</strong></span> <span class='ocrx_word' id='word_1_119' title='bbox 286 1120 408 1171; x_wconf 76' lang='grc' dir='ltr'><strong><em>αὐτὸς</em></strong></span> <span class='ocrx_word' id='word_1_120' title='bbox 430 1114 549 1171; x_wconf 68' lang='grc' dir='ltr'><strong><em>οὗτος</em></strong></span> <span class='ocrx_word' id='word_1_121' title='bbox 573 1119 594 1163; x_wconf 86' lang='grc' dir='ltr'><em>ὃ</em></span> <span class='ocrx_word' id='word_1_122' title='bbox 616 1119 916 1178; x_wconf 84' lang='grc' dir='ltr'><strong><em>Χρυσόστομος</em></strong></span> <span class='ocrx_word' id='word_1_123' title='bbox 938 1121 1041 1177; x_wconf 74' lang='grc' dir='ltr'><strong><em>λέγει</em></strong></span> <span class='ocrx_word' id='word_1_124' title='bbox 1069 1118 1170 1163; x_wconf 59' lang='lat' dir='ltr'><strong>“aaa</strong></span> <span class='ocrx_word' id='word_1_125' title='bbox 1202 1125 1321 1164; x_wconf 77' lang='grc' dir='ltr'><strong><em>τοῦτο</em></strong></span> <span class='ocrx_word' id='word_1_126' title='bbox 1352 1121 1532 1163; x_wconf 88' lang='grc' dir='ltr'><strong><em>ποικίλον</em></strong></span> <span class='ocrx_word' id='word_1_127' title='bbox 1568 1116 1667 1161; x_wconf 80' lang='grc' dir='ltr'><strong><em>εἶναι</em></strong></span> 
     </span>
     <span class='ocr_line' id='line_1_15' title="bbox 194 1187 1668 1246; baseline -0.003 -13"><span class='ocrx_word' id='word_1_128' title='bbox 194 1193 262 1233; x_wconf 80' lang='grc' dir='ltr'><strong>δεῖ</strong></span> <span class='ocrx_word' id='word_1_129' title='bbox 275 1190 346 1233; x_wconf 81' lang='grc' dir='ltr'><strong>τὸν</strong></span> <span class='ocrx_word' id='word_1_130' title='bbox 365 1190 535 1245; x_wconf 79' lang='grc' dir='ltr'><strong><em>ποιμένα</em></strong></span> <span class='ocrx_word' id='word_1_131' title='bbox 554 1191 623 1232; x_wconf 86' lang='grc' dir='ltr'><strong>καὶ</strong></span> <span class='ocrx_word' id='word_1_132' title='bbox 645 1188 904 1233; x_wconf 79' lang='grc' dir='ltr'><strong><em>διδάσκαλον.</em></strong></span> <span class='ocrx_word' id='word_1_133' title='bbox 971 1191 1151 1232; x_wconf 88' lang='grc' dir='ltr'><strong><em>ποικίλον</em></strong></span> <span class='ocrx_word' id='word_1_134' title='bbox 1173 1190 1216 1232; x_wconf 80' lang='grc' dir='ltr'><strong><em>δὲ</em></strong></span> <span class='ocrx_word' id='word_1_135' title='bbox 1238 1190 1365 1246; x_wconf 77' lang='grc' dir='ltr'><strong><em>λέγω,</em></strong></span> <span class='ocrx_word' id='word_1_136' title='bbox 1398 1189 1472 1244; x_wconf 79' lang='grc' dir='ltr'><strong><em>οὐχ</em></strong></span> <span class='ocrx_word' id='word_1_137' title='bbox 1489 1187 1668 1230; x_wconf 71' lang='grc' dir='ltr'><strong><em>ὕπουλον</em></strong></span> 
     </span>
     <span class='ocr_line' id='line_1_16' title="bbox 195 1257 1722 1317; baseline -0.001 -16"><span class='ocrx_word' id='word_1_138' title='bbox 195 1260 291 1302; x_wconf 76' lang='grc' dir='ltr'><strong><em>οὐδὲ</em></strong></span> <span class='ocrx_word' id='word_1_139' title='bbox 317 1257 472 1301; x_wconf 84' lang='grc' dir='ltr'><strong><em>κόλακα</em></strong></span> <span class='ocrx_word' id='word_1_140' title='bbox 496 1260 565 1301; x_wconf 86' lang='grc' dir='ltr'><strong>καὶ</strong></span> <span class='ocrx_word' id='word_1_141' title='bbox 585 1257 807 1316; x_wconf 69' lang='grc' dir='ltr'><strong><em>ὕβριστήν,</em></strong></span> <span class='ocrx_word' id='word_1_142' title='bbox 843 1258 949 1302; x_wconf 80' lang='grc' dir='ltr'><strong><em>ἀλλὰ</em></strong></span> <span class='ocrx_word' id='word_1_143' title='bbox 972 1263 1125 1313; x_wconf 80' lang='grc' dir='ltr'><strong><em>πολλῆς</em></strong></span> <span class='ocrx_word' id='word_1_144' title='bbox 1147 1260 1382 1317; x_wconf 74' lang='grc' dir='ltr'><strong><em>ἐλευθερίας</em></strong></span> <span class='ocrx_word' id='word_1_145' title='bbox 1407 1259 1475 1301; x_wconf 86' lang='grc' dir='ltr'><strong>καὶ</strong></span> <span class='ocrx_word' id='word_1_146' title='bbox 1505 1274 1667 1314; x_wconf 84' lang='grc' dir='ltr'><strong><em>παρρη-</em></strong></span> <span class='ocrx_word' id='word_1_147' title='bbox 1679 1263 1722 1300; x_wconf 83' lang='grc'><strong>15</strong></span> 
     </span>
     <span class='ocr_line' id='line_1_17' title="bbox 194 1324 1669 1386; baseline 0 -16"><span class='ocrx_word' id='word_1_148' title='bbox 194 1330 289 1380; x_wconf 86' lang='grc' dir='ltr'><strong><em>σίας</em></strong></span> <span class='ocrx_word' id='word_1_149' title='bbox 318 1326 544 1383; x_wconf 80' lang='grc' dir='ltr'><strong><em>ἀνάμεστον</em></strong></span> <span class='ocrx_word' id='word_1_150' title='bbox 552 1360 565 1380; x_wconf 87' lang='grc'><strong><em>,</em></strong></span> <span class='ocrx_word' id='word_1_151' title='bbox 600 1327 741 1371; x_wconf 79' lang='grc' dir='ltr'><strong><em>εἷδότα</em></strong></span> <span class='ocrx_word' id='word_1_152' title='bbox 767 1330 835 1370; x_wconf 83' lang='grc' dir='ltr'><strong>καὶ</strong></span> <span class='ocrx_word' id='word_1_153' title='bbox 865 1329 1118 1385; x_wconf 77' lang='grc' dir='ltr'><strong><em>συγκατιὲναι</em></strong></span> <span class='ocrx_word' id='word_1_154' title='bbox 1142 1331 1380 1386; x_wconf 84' lang='grc' dir='ltr'><strong><em>χρησίμως,</em></strong></span> <span class='ocrx_word' id='word_1_155' title='bbox 1411 1325 1508 1370; x_wconf 80' lang='grc' dir='ltr'><strong><em>ὅταν</em></strong></span> <span class='ocrx_word' id='word_1_156' title='bbox 1532 1324 1558 1382; x_wconf 79' lang='grc' dir='ltr'><strong><em>ἦ</em></strong></span> <span class='ocrx_word' id='word_1_157' title='bbox 1588 1329 1669 1370; x_wconf 79' lang='grc' dir='ltr'><strong>τῶν</strong></span> 
     </span>
     <span class='ocr_line' id='line_1_18' title="bbox 195 1394 1670 1454; baseline -0.002 -15"><span class='ocrx_word' id='word_1_158' title='bbox 195 1395 445 1454; x_wconf 82' lang='grc' dir='ltr'><strong><em>πραγμάτων</em></strong></span> <span class='ocrx_word' id='word_1_159' title='bbox 474 1394 672 1446; x_wconf 70' lang='grc' dir='ltr'><strong><em>’ὑπόθεσις</em></strong></span> <span class='ocrx_word' id='word_1_160' title='bbox 701 1397 852 1450; x_wconf 82' lang='grc' dir='ltr'><strong><em>ἀπαιτῇ</em></strong></span> <span class='ocrx_word' id='word_1_161' title='bbox 883 1402 1025 1445; x_wconf 81' lang='grc' dir='ltr'><strong><em>τοῦτο,</em></strong></span> <span class='ocrx_word' id='word_1_162' title='bbox 1061 1399 1129 1435; x_wconf 77' lang='grc' dir='ltr'><strong>καὶ</strong></span> <span class='ocrx_word' id='word_1_163' title='bbox 1156 1398 1336 1451; x_wconf 80' lang='grc' dir='ltr'><strong><em>χρηστὸν</em></strong></span> <span class='ocrx_word' id='word_1_164' title='bbox 1355 1394 1454 1439; x_wconf 77' lang='grc' dir='ltr'><strong><em>εἶναι</em></strong></span> <span class='ocrx_word' id='word_1_165' title='bbox 1475 1394 1581 1451; x_wconf 82' lang='grc' dir='ltr'><strong><em>ὁμοῦ</em></strong></span> <span class='ocrx_word' id='word_1_166' title='bbox 1601 1396 1670 1437; x_wconf 86' lang='grc' dir='ltr'><strong>καὶ</strong></span> 
     </span>
     <span class='ocr_line' id='line_1_19' title="bbox 195 1457 1670 1522; baseline -0.004 -13"><span class='ocrx_word' id='word_1_167' title='bbox 195 1462 414 1522; x_wconf 82' lang='grc' dir='ltr'><strong><em>αὐστηρόν.</em></strong></span> <span class='ocrx_word' id='word_1_168' title='bbox 484 1465 531 1507; x_wconf 79' lang='grc' dir='ltr'><strong><em>οὗ</em></strong></span> <span class='ocrx_word' id='word_1_169' title='bbox 569 1465 648 1521; x_wconf 81' lang='grc' dir='ltr'><strong><em>γὰρ</em></strong></span> <span class='ocrx_word' id='word_1_170' title='bbox 690 1462 745 1506; x_wconf 74' lang='grc' dir='ltr'><strong><em>ἑνὶ</em></strong></span> <span class='ocrx_word' id='word_1_171' title='bbox 774 1461 912 1521; x_wconf 82' lang='grc' dir='ltr'><strong><em>τρόπῳ</em></strong></span> <span class='ocrx_word' id='word_1_172' title='bbox 937 1466 1127 1520; x_wconf 82' lang='grc' dir='ltr'><strong><em>χρῆσθαι</em></strong></span> <span class='ocrx_word' id='word_1_173' title='bbox 1156 1457 1240 1513; x_wconf 86' lang='grc' dir='ltr'><strong><em>τοῖς</em></strong></span> <span class='ocrx_word' id='word_1_174' title='bbox 1269 1462 1509 1519; x_wconf 75' lang='grc' dir='ltr'><strong><em>ἀρχομένοις</em></strong></span> <span class='ocrx_word' id='word_1_175' title='bbox 1540 1463 1670 1504; x_wconf 74' lang='grc' dir='ltr'><strong><em>ἅπασι</em></strong></span> 
     </span>
     <span class='ocr_line' id='line_1_20' title="bbox 196 1528 1670 1590; baseline -0.003 -14"><span class='ocrx_word' id='word_1_176' title='bbox 196 1535 311 1586; x_wconf 78' lang='grc' dir='ltr'><strong><em>δέον,</em></strong></span> <span class='ocrx_word' id='word_1_177' title='bbox 345 1534 429 1576; x_wconf 73' lang='grc' dir='ltr'><strong><em>ἐπεὶ</em></strong></span> <span class='ocrx_word' id='word_1_178' title='bbox 461 1533 568 1588; x_wconf 80' lang='grc' dir='ltr'><strong><em>μηδὲ</em></strong></span> <span class='ocrx_word' id='word_1_179' title='bbox 599 1535 750 1590; x_wconf 75' lang='grc' dir='ltr'><strong><em>ἰατρῶν</em></strong></span> <span class='ocrx_word' id='word_1_180' title='bbox 770 1533 910 1575; x_wconf 84' lang='grc' dir='ltr'><strong><em>παισὶν</em></strong></span> <span class='ocrx_word' id='word_1_181' title='bbox 933 1530 992 1574; x_wconf 71' lang='grc' dir='ltr'><strong><em>ἑνὶ</em></strong></span> <span class='ocrx_word' id='word_1_182' title='bbox 1015 1530 1220 1590; x_wconf 80' lang='grc' dir='ltr'><strong><em>φαρμάκῳ</em></strong></span> <span class='ocrx_word' id='word_1_183' title='bbox 1243 1536 1343 1574; x_wconf 81' lang='grc' dir='ltr'><strong><em>πᾶσι</em></strong></span> <span class='ocrx_word' id='word_1_184' title='bbox 1368 1537 1452 1581; x_wconf 78' lang='grc' dir='ltr'><strong><em>τοῖς</em></strong></span> <span class='ocrx_word' id='word_1_185' title='bbox 1471 1528 1670 1586; x_wconf 77' lang='grc' dir='ltr'><strong><em>κάμνουσι</em></strong></span> 
     </span>
     <span class='ocr_line' id='line_1_21' title="bbox 194 1598 1726 1661; baseline -0.003 -15"><span class='ocrx_word' id='word_1_186' title='bbox 194 1603 506 1661; x_wconf 70' lang='grc' dir='ltr'><strong><em>προσφέρεσθαι</em></strong></span> <span class='ocrx_word' id='word_1_187' title='bbox 539 1600 685 1654; x_wconf 88' lang='grc' dir='ltr'><strong><em>καλόν,</em></strong></span> <span class='ocrx_word' id='word_1_188' title='bbox 730 1603 836 1661; x_wconf 64' lang='grc' dir='ltr'><strong><em>μηδὲ</em></strong></span> <span class='ocrx_word' id='word_1_189' title='bbox 867 1600 1132 1658; x_wconf 80' lang='grc' dir='ltr'><strong><em>κυβερνήταις</em></strong></span> <span class='ocrx_word' id='word_1_190' title='bbox 1165 1603 1263 1656; x_wconf 87' lang='grc' dir='ltr'><strong><em>μίαν</em></strong></span> <span class='ocrx_word' id='word_1_191' title='bbox 1294 1598 1390 1643; x_wconf 83' lang='grc' dir='ltr'><strong><em>ὁδὸν</em></strong></span> <span class='ocrx_word' id='word_1_192' title='bbox 1419 1601 1566 1642; x_wconf 78' lang='grc' dir='ltr'><strong><em>εἲὸίναι</em></strong></span> <span class='ocrx_word' id='word_1_193' title='bbox 1596 1604 1726 1655; x_wconf 69' lang='grc' dir='ltr'><strong>τῆςὲῡ</strong></span> 
     </span>
     <span class='ocr_line' id='line_1_22' title="bbox 144 1665 1668 1727; baseline -0.001 -14"><span class='ocrx_word' id='word_1_194' title='bbox 144 1687 175 1723; x_wconf 90' lang='lat' dir='ltr'><strong>B</strong></span> <span class='ocrx_word' id='word_1_195' title='bbox 198 1672 300 1727; x_wconf 88' lang='grc' dir='ltr'><strong><em>πρὸς</em></strong></span> <span class='ocrx_word' id='word_1_196' title='bbox 330 1671 383 1715; x_wconf 82' lang='grc' dir='ltr'><strong><em>τὰ</em></strong></span> <span class='ocrx_word' id='word_1_197' title='bbox 410 1670 619 1725; x_wconf 80' lang='grc' dir='ltr'><strong><em>πνεύματα</em></strong></span> <span class='ocrx_word' id='word_1_198' title='bbox 645 1669 793 1726; x_wconf 82' lang='grc' dir='ltr'><strong><em>μάχης.</em></strong></span> <span class='ocrx_word' id='word_1_199' title='bbox 863 1669 1052 1725; x_wconf 75' lang='grc' dir='ltr'><strong><em>ἐννόησον</em></strong></span> <span class='ocrx_word' id='word_1_200' title='bbox 1081 1665 1152 1718; x_wconf 73' lang='grc' dir='ltr'><strong>οὖν</strong></span> <span class='ocrx_word' id='word_1_201' title='bbox 1177 1668 1318 1713; x_wconf 78' lang='grc' dir='ltr'><strong><em>ὁποῖόν</em></strong></span> <span class='ocrx_word' id='word_1_202' title='bbox 1345 1686 1434 1712; x_wconf 89' lang='grc' dir='ltr'><strong><em>τινα</em></strong></span> <span class='ocrx_word' id='word_1_203' title='bbox 1463 1667 1561 1711; x_wconf 80' lang='grc' dir='ltr'><strong><em>εἶναι</em></strong></span> <span class='ocrx_word' id='word_1_204' title='bbox 1583 1670 1668 1726; x_wconf 83' lang='grc' dir='ltr'><strong><em>χρὴ</em></strong></span> 
     </span>
     <span class='ocr_line' id='line_1_23' title="bbox 194 1736 1670 1797; baseline -0.003 -13"><span class='ocrx_word' id='word_1_205' title='bbox 194 1740 266 1784; x_wconf 80' lang='grc' dir='ltr'><strong>τὸν</strong></span> <span class='ocrx_word' id='word_1_206' title='bbox 288 1741 490 1796; x_wconf 81' lang='grc' dir='ltr'><strong><em>μέλλοντα</em></strong></span> <span class='ocrx_word' id='word_1_207' title='bbox 512 1739 616 1797; x_wconf 83' lang='grc' dir='ltr'><strong><em>πρὸς</em></strong></span> <span class='ocrx_word' id='word_1_208' title='bbox 632 1744 816 1795; x_wconf 82' lang='grc' dir='ltr'><strong><em>χειμῶνα</em></strong></span> <span class='ocrx_word' id='word_1_209' title='bbox 847 1743 1041 1783; x_wconf 79' lang='grc' dir='ltr'><strong><em>τοσοῦτον</em></strong></span> <span class='ocrx_word' id='word_1_210' title='bbox 1071 1739 1256 1789; x_wconf 61' lang='grc' dir='ltr'><strong><em>ἀνθέξειν</em></strong></span> <span class='ocrx_word' id='word_1_211' title='bbox 1279 1740 1347 1781; x_wconf 81' lang='grc' dir='ltr'><strong>καὶ</strong></span> <span class='ocrx_word' id='word_1_212' title='bbox 1373 1736 1562 1793; x_wconf 76' lang='grc' dir='ltr'><strong><em>τοιαύτην</em></strong></span> <span class='ocrx_word' id='word_1_213' title='bbox 1598 1736 1670 1790; x_wconf 77' lang='grc' dir='ltr'><strong>ζά-</strong></span> 
     </span>
     <span class='ocr_line' id='line_1_24' title="bbox 195 1805 1670 1864; baseline -0.001 -13"><span class='ocrx_word' id='word_1_214' title='bbox 195 1813 270 1864; x_wconf 82' lang='grc' dir='ltr'><strong>λην</strong></span> <span class='ocrx_word' id='word_1_215' title='bbox 296 1810 368 1856; x_wconf 77' lang='grc' dir='ltr'><strong>καὶ</strong></span> <span class='ocrx_word' id='word_1_216' title='bbox 398 1813 577 1851; x_wconf 79' lang='grc' dir='ltr'><strong><em>τοσαῦτα</em></strong></span> <span class='ocrx_word' id='word_1_217' title='bbox 608 1806 771 1862; x_wconf 88' lang='grc' dir='ltr'><strong><em>κύματα</em></strong></span> <span class='ocrx_word' id='word_1_218' title='bbox 779 1840 792 1860; x_wconf 92' lang='grc'><strong><em>,</em></strong></span> <span class='ocrx_word' id='word_1_219' title='bbox 822 1807 925 1864; x_wconf 82' lang='grc' dir='ltr'><strong><em>πρὸς</em></strong></span> <span class='ocrx_word' id='word_1_220' title='bbox 945 1807 991 1850; x_wconf 83' lang='grc' dir='ltr'><strong><em>τὸ</em></strong></span> <span class='ocrx_word' id='word_1_221' title='bbox 1014 1808 1206 1863; x_wconf 78' lang='grc' dir='ltr'><strong><em>γενέσθαι</em></strong></span> <span class='ocrx_word' id='word_1_222' title='bbox 1226 1814 1311 1858; x_wconf 80' lang='grc' dir='ltr'><strong><em>τοῖς</em></strong></span> <span class='ocrx_word' id='word_1_223' title='bbox 1331 1812 1431 1851; x_wconf 82' lang='grc' dir='ltr'><strong><em>πᾶσι</em></strong></span> <span class='ocrx_word' id='word_1_224' title='bbox 1450 1808 1499 1850; x_wconf 83' lang='grc' dir='ltr'><strong><em>τὰ</em></strong></span> <span class='ocrx_word' id='word_1_225' title='bbox 1523 1805 1670 1860; x_wconf 82' lang='grc' dir='ltr'><strong><em>πάντα,</em></strong></span> 
     </span>
     <span class='ocr_line' id='line_1_25' title="bbox 192 1874 1672 1934; baseline 0 -15"><span class='ocrx_word' id='word_1_226' title='bbox 192 1879 262 1920; x_wconf 73' lang='lat' dir='ltr'><strong>‘iva</strong></span> <span class='ocrx_word' id='word_1_227' title='bbox 294 1875 449 1926; x_wconf 82' lang='grc' dir='ltr'><strong><em>πάντας</em></strong></span> <span class='ocrx_word' id='word_1_228' title='bbox 477 1874 669 1934; x_wconf 80' lang='grc' dir='ltr'><strong><em>κερδήσῃ.</em></strong></span> <span class='ocrx_word' id='word_1_229' title='bbox 738 1878 805 1919; x_wconf 83' lang='grc' dir='ltr'><strong>καὶ</strong></span> <span class='ocrx_word' id='word_1_230' title='bbox 831 1876 911 1934; x_wconf 79' lang='grc' dir='ltr'><strong><em>γὰρ</em></strong></span> <span class='ocrx_word' id='word_1_231' title='bbox 932 1876 1077 1932; x_wconf 85' lang='grc' dir='ltr'><strong><em>σεμνὸν</em></strong></span> <span class='ocrx_word' id='word_1_232' title='bbox 1101 1874 1201 1919; x_wconf 76' lang='grc' dir='ltr'><strong><em>εἶναι</em></strong></span> <span class='ocrx_word' id='word_1_233' title='bbox 1225 1879 1291 1919; x_wconf 84' lang='grc' dir='ltr'><strong>δεῖ</strong></span> <span class='ocrx_word' id='word_1_234' title='bbox 1307 1877 1377 1919; x_wconf 87' lang='grc' dir='ltr'><strong>τὸν</strong></span> <span class='ocrx_word' id='word_1_235' title='bbox 1399 1880 1585 1919; x_wconf 81' lang='grc' dir='ltr'><strong><em>τοιοῦτον</em></strong></span> <span class='ocrx_word' id='word_1_236' title='bbox 1604 1877 1672 1924; x_wconf 80' lang='grc' dir='ltr'><strong>καὶ</strong></span> 
     </span>
     <span class='ocr_line' id='line_1_26' title="bbox 196 1983 1672 2031; baseline 0 -10"><span class='ocrx_word' id='word_1_237' title='bbox 196 1983 418 2031; x_wconf 70' lang='lat' dir='ltr'><strong>sequentior,</strong></span> <span class='ocrx_word' id='word_1_238' title='bbox 454 1983 637 2019; x_wconf 86' lang='lat' dir='ltr'><strong>immodica</strong></span> <span class='ocrx_word' id='word_1_239' title='bbox 660 1983 800 2019; x_wconf 81' lang='lat' dir='ltr'><strong>dicendi</strong></span> <span class='ocrx_word' id='word_1_240' title='bbox 822 1983 987 2020; x_wconf 85' lang='lat' dir='ltr'><strong>libertate</strong></span> <span class='ocrx_word' id='word_1_241' title='bbox 1010 1985 1176 2020; x_wconf 85' lang='lat' dir='ltr'><strong>utebatur</strong></span> <span class='ocrx_word' id='word_1_242' title='bbox 1198 1985 1369 2020; x_wconf 80' lang='lat' dir='ltr'><strong>adversus</strong></span> <span class='ocrx_word' id='word_1_243' title='bbox 1392 1985 1672 2031; x_wconf 79' lang='lat' dir='ltr'><strong>interpellantes.</strong></span> 
     </span>
     <span class='ocr_line' id='line_1_27' title="bbox 195 2030 1674 2077; baseline -0.001 -10"><span class='ocrx_word' id='word_1_244' title='bbox 195 2032 234 2067; x_wconf 90' lang='lat' dir='ltr'><strong>in</strong></span> <span class='ocrx_word' id='word_1_245' title='bbox 270 2031 427 2066; x_wconf 89' lang='lat' dir='ltr'><strong>docendo</strong></span> <span class='ocrx_word' id='word_1_246' title='bbox 462 2030 667 2066; x_wconf 85' lang='lat' dir='ltr'><strong>utilissimus</strong></span> <span class='ocrx_word' id='word_1_247' title='bbox 700 2031 912 2075; x_wconf 76' lang='lat' dir='ltr'>habebatur,</span> <span class='ocrx_word' id='word_1_248' title='bbox 949 2031 987 2066; x_wconf 91' lang='lat' dir='ltr'><strong>in</strong></span> <span class='ocrx_word' id='word_1_249' title='bbox 1021 2031 1203 2077; x_wconf 85' lang='lat' dir='ltr'><strong>colloquiis</strong></span> <span class='ocrx_word' id='word_1_250' title='bbox 1235 2043 1405 2077; x_wconf 80' lang='lat' dir='ltr'><strong>arrogans</strong></span> <span class='ocrx_word' id='word_1_251' title='bbox 1427 2032 1613 2067; x_wconf 88' lang='lat' dir='ltr'><strong>videbatur</strong></span> <span class='ocrx_word' id='word_1_252' title='bbox 1637 2036 1674 2066; x_wconf 89' lang='lat' dir='ltr'><strong>et</strong></span> 
     </span>
     <span class='ocr_line' id='line_1_28' title="bbox 198 2076 1673 2123; baseline -0.001 -11"><span class='ocrx_word' id='word_1_253' title='bbox 198 2082 418 2123; x_wconf 87' lang='lat' dir='ltr'><strong>contemptor</strong></span> <span class='ocrx_word' id='word_1_254' title='bbox 439 2076 612 2112; x_wconf 87' lang='lat' dir='ltr'><strong>hominum</strong></span> <span class='ocrx_word' id='word_1_255' title='bbox 635 2077 765 2123; x_wconf 16' lang='lat' dir='ltr'><strong>iiswqui</strong></span> <span class='ocrx_word' id='word_1_256' title='bbox 789 2089 866 2112; x_wconf 90' lang='lat' dir='ltr'><strong>eum</strong></span> <span class='ocrx_word' id='word_1_257' title='bbox 889 2089 959 2112; x_wconf 91' lang='lat' dir='ltr'><strong>non</strong></span> <span class='ocrx_word' id='word_1_258' title='bbox 982 2082 1121 2112; x_wconf 84' lang='lat' dir='ltr'><strong>norant.</strong></span> <span class='ocrx_word' id='word_1_259' title='bbox 1167 2078 1291 2123; x_wconf 80' lang='lat' dir='ltr'><strong>itaque</strong></span> <span class='ocrx_word' id='word_1_260' title='bbox 1323 2078 1428 2113; x_wconf 86' lang='lat' dir='ltr'><strong>etiam</strong></span> <span class='ocrx_word' id='word_1_261' title='bbox 1459 2077 1503 2113; x_wconf 88' lang='lat' dir='ltr'><strong>ad</strong></span> <span class='ocrx_word' id='word_1_262' title='bbox 1533 2078 1673 2123; x_wconf 85' lang='lat' dir='ltr'><strong>episco-</strong></span> 
     </span>
     <span class='ocr_line' id='line_1_29' title="bbox 198 2123 1675 2171; baseline 0 -12"><span class='ocrx_word' id='word_1_263' title='bbox 198 2129 318 2171; x_wconf 85' lang='lat' dir='ltr'><strong>patum</strong></span> <span class='ocrx_word' id='word_1_264' title='bbox 344 2128 488 2158; x_wconf 88' lang='lat' dir='ltr'><strong>evectus</strong></span> <span class='ocrx_word' id='word_1_265' title='bbox 512 2123 637 2158; x_wconf 86' lang='lat' dir='ltr'><strong>maiori</strong></span> <span class='ocrx_word' id='word_1_266' title='bbox 661 2123 849 2169; x_wconf 83' lang='lat' dir='ltr'><strong>supercilio</strong></span> <span class='ocrx_word' id='word_1_267' title='bbox 872 2124 1056 2158; x_wconf 86' lang='lat' dir='ltr'><strong>adversum</strong></span> <span class='ocrx_word' id='word_1_268' title='bbox 1080 2125 1239 2159; x_wconf 88' lang='lat' dir='ltr'><strong>subditos</strong></span> <span class='ocrx_word' id='word_1_269' title='bbox 1258 2125 1440 2170; x_wconf 86' lang='lat' dir='ltr'><strong>utebatur,</strong></span> <span class='ocrx_word' id='word_1_270' title='bbox 1464 2125 1509 2159; x_wconf 87' lang='lat' dir='ltr'><strong>ad</strong></span> <span class='ocrx_word' id='word_1_271' title='bbox 1527 2124 1675 2159; x_wconf 87' lang='lat' dir='ltr'><strong>salutem</strong></span> 
     </span>
     <span class='ocr_line' id='line_1_30' title="bbox 200 2169 1676 2215; baseline 0 -11"><span class='ocrx_word' id='word_1_272' title='bbox 200 2176 238 2205; x_wconf 87' lang='lat' dir='ltr'><strong>et</strong></span> <span class='ocrx_word' id='word_1_273' title='bbox 268 2170 519 2205; x_wconf 73' lang='lat' dir='ltr'><strong>correctionem</strong></span> <span class='ocrx_word' id='word_1_274' title='bbox 548 2169 762 2215; x_wconf 85' lang='lat' dir='ltr'><strong>singulorum</strong></span> <span class='ocrx_word' id='word_1_275' title='bbox 789 2175 909 2214; x_wconf 84' lang='lat' dir='ltr'><strong>gestus</strong></span> <span class='ocrx_word' id='word_1_276' title='bbox 935 2182 977 2204; x_wconf 90' lang='lat' dir='ltr'><strong>ac</strong></span> <span class='ocrx_word' id='word_1_277' title='bbox 1001 2171 1178 2205; x_wconf 85' lang='lat' dir='ltr'><strong>orationes</strong></span> <span class='ocrx_word' id='word_1_278' title='bbox 1199 2170 1397 2206; x_wconf 82' lang='lat' dir='ltr'><strong>immutans.</strong></span> <span class='ocrx_word' id='word_1_279' title='bbox 1445 2183 1546 2206; x_wconf 88' lang='lat' dir='ltr'><strong>nemo</strong></span> <span class='ocrx_word' id='word_1_280' title='bbox 1566 2170 1676 2215; x_wconf 82' lang='lat' dir='ltr'><strong>igitur</strong></span> 
     </span>
     <span class='ocr_line' id='line_1_31' title="bbox 199 2215 1675 2263; baseline 0.001 -13"><span class='ocrx_word' id='word_1_281' title='bbox 199 2215 293 2250; x_wconf 85' lang='lat' dir='ltr'><strong>hunc</strong></span> <span class='ocrx_word' id='word_1_282' title='bbox 322 2217 545 2262; x_wconf 80' lang='lat' dir='ltr'><strong>arrogantiae</strong></span> <span class='ocrx_word' id='word_1_283' title='bbox 576 2217 755 2251; x_wconf 84' lang='lat' dir='ltr'><strong>damnabit</strong></span> <span class='ocrx_word' id='word_1_284' title='bbox 784 2216 854 2250; x_wconf 88' lang='lat' dir='ltr'><strong>nisi</strong></span> <span class='ocrx_word' id='word_1_285' title='bbox 884 2217 1066 2258; x_wconf 73' lang='lat' dir='ltr'><strong>adulator3</strong></span> <span class='ocrx_word' id='word_1_286' title='bbox 1098 2228 1212 2263; x_wconf 87' lang='lat' dir='ltr'><strong>neque</strong></span> <span class='ocrx_word' id='word_1_287' title='bbox 1235 2216 1403 2252; x_wconf 88' lang='lat' dir='ltr'><strong>mediocri</strong></span> <span class='ocrx_word' id='word_1_288' title='bbox 1424 2218 1539 2252; x_wconf 88' lang='lat' dir='ltr'><strong>animo</strong></span> <span class='ocrx_word' id='word_1_289' title='bbox 1563 2216 1675 2251; x_wconf 78' lang='lat' dir='ltr'><strong>fuisse</strong></span> 
     </span>
     <span class='ocr_line' id='line_1_32' title="bbox 200 2262 1675 2308; baseline 0 -11"><span class='ocrx_word' id='word_1_290' title='bbox 200 2263 344 2307; x_wconf 82' lang='lat' dir='ltr'><strong>credet,</strong></span> <span class='ocrx_word' id='word_1_291' title='bbox 382 2263 444 2308; x_wconf 86' lang='lat' dir='ltr'><strong>qui</strong></span> <span class='ocrx_word' id='word_1_292' title='bbox 466 2262 545 2308; x_wconf 85' lang='lat' dir='ltr'><strong>ipse</strong></span> <span class='ocrx_word' id='word_1_293' title='bbox 567 2262 726 2297; x_wconf 81' lang='lat' dir='ltr'><strong>adulator</strong></span> <span class='ocrx_word' id='word_1_294' title='bbox 749 2262 797 2298; x_wconf 84' lang='lat' dir='ltr'><strong>sit</strong></span> <span class='ocrx_word' id='word_1_295' title='bbox 817 2268 854 2297; x_wconf 88' lang='lat' dir='ltr'><strong>et</strong></span> <span class='ocrx_word' id='word_1_296' title='bbox 877 2263 979 2307; x_wconf 87' lang='lat' dir='ltr'><strong>parvi</strong></span> <span class='ocrx_word' id='word_1_297' title='bbox 1002 2263 1120 2298; x_wconf 87' lang='lat' dir='ltr'><strong>animi.</strong></span> <span class='ocrx_word' id='word_1_298' title='bbox 1167 2274 1289 2298; x_wconf 84' lang='lat' dir='ltr'><strong>verum</strong></span> <span class='ocrx_word' id='word_1_299' title='bbox 1310 2263 1364 2298; x_wconf 83' lang='lat' dir='ltr'><strong>ita</strong></span> <span class='ocrx_word' id='word_1_300' title='bbox 1386 2263 1581 2299; x_wconf 84' lang='lat' dir='ltr'><strong>habendum</strong></span> <span class='ocrx_word' id='word_1_301' title='bbox 1606 2268 1675 2307; x_wconf 85' lang='lat' dir='ltr'><strong>est,</strong></span> 
     </span>
     <span class='ocr_line' id='line_1_33' title="bbox 200 2308 1676 2354; baseline 0 -10"><span class='ocrx_word' id='word_1_302' title='bbox 200 2319 279 2344; x_wconf 80' lang='lat' dir='ltr'><strong>eum</strong></span> <span class='ocrx_word' id='word_1_303' title='bbox 302 2313 429 2343; x_wconf 85' lang='lat' dir='ltr'><strong>statum</strong></span> <span class='ocrx_word' id='word_1_304' title='bbox 454 2309 546 2343; x_wconf 89' lang='lat' dir='ltr'><strong>hunc</strong></span> <span class='ocrx_word' id='word_1_305' title='bbox 568 2309 744 2354; x_wconf 84' lang='lat' dir='ltr'><strong>tenuisse,</strong></span> <span class='ocrx_word' id='word_1_306' title='bbox 782 2309 844 2354; x_wconf 91' lang='lat' dir='ltr'><strong>qui</strong></span> <span class='ocrx_word' id='word_1_307' title='bbox 873 2308 1019 2344; x_wconf 88' lang='lat' dir='ltr'><strong>liberum</strong></span> <span class='ocrx_word' id='word_1_308' title='bbox 1043 2311 1158 2345; x_wconf 90' lang='lat' dir='ltr'><strong>decet.</strong></span> <span class='ocrx_word' id='word_1_309' title='bbox 1205 2310 1458 2354; x_wconf 82' lang='lat' dir='ltr'><strong>magnanimum</strong></span> <span class='ocrx_word' id='word_1_310' title='bbox 1481 2309 1572 2344; x_wconf 87' lang='lat' dir='ltr'><strong>enim</strong></span> <span class='ocrx_word' id='word_1_311' title='bbox 1596 2321 1676 2344; x_wconf 82' lang='lat' dir='ltr'><strong>esse</strong></span> 
     </span>
     <span class='ocr_line' id='line_1_34' title="bbox 201 2355 1676 2401; baseline 0.001 -13"><span class='ocrx_word' id='word_1_312' title='bbox 201 2355 389 2398; x_wconf 89' lang='lat' dir='ltr'><strong>convenit,</strong></span> <span class='ocrx_word' id='word_1_313' title='bbox 422 2367 492 2390; x_wconf 91' lang='lat' dir='ltr'><strong>non</strong></span> <span class='ocrx_word' id='word_1_314' title='bbox 522 2356 732 2401; x_wconf 80' lang='lat' dir='ltr'><strong>superbum3</strong></span> <span class='ocrx_word' id='word_1_315' title='bbox 766 2356 912 2399; x_wconf 87' lang='lat' dir='ltr'><strong>fortem,</strong></span> <span class='ocrx_word' id='word_1_316' title='bbox 945 2368 1014 2390; x_wconf 92' lang='lat' dir='ltr'><strong>non</strong></span> <span class='ocrx_word' id='word_1_317' title='bbox 1036 2355 1280 2398; x_wconf 87' lang='lat' dir='ltr'><strong>temerarium;</strong></span> <span class='ocrx_word' id='word_1_318' title='bbox 1312 2356 1572 2401; x_wconf 89' lang='lat' dir='ltr'><strong>aequanimum,</strong></span> <span class='ocrx_word' id='word_1_319' title='bbox 1605 2367 1676 2390; x_wconf 90' lang='lat' dir='ltr'><strong>non</strong></span> 
     </span>
     <span class='ocr_line' id='line_1_35' title="bbox 199 2401 1674 2446; baseline 0.001 -11"><span class='ocrx_word' id='word_1_320' title='bbox 199 2401 331 2435; x_wconf 80' lang='lat' dir='ltr'><strong>abiecti</strong></span> <span class='ocrx_word' id='word_1_321' title='bbox 363 2401 489 2444; x_wconf 84' lang='lat' dir='ltr'><strong>animi3</strong></span> <span class='ocrx_word' id='word_1_322' title='bbox 523 2403 759 2446; x_wconf 88' lang='lat' dir='ltr'><strong>moderatum,</strong></span> <span class='ocrx_word' id='word_1_323' title='bbox 783 2413 854 2436; x_wconf 89' lang='lat' dir='ltr'><strong>non</strong></span> <span class='ocrx_word' id='word_1_324' title='bbox 877 2401 1080 2437; x_wconf 87' lang='lat' dir='ltr'><strong>humilitatis</strong></span> <span class='ocrx_word' id='word_1_325' title='bbox 1104 2402 1359 2446; x_wconf 82' lang='lat' dir='ltr'><strong>simulatorem,</strong></span> <span class='ocrx_word' id='word_1_326' title='bbox 1383 2402 1576 2446; x_wconf 87' lang='lat' dir='ltr'><strong>liberalem,</strong></span> <span class='ocrx_word' id='word_1_327' title='bbox 1602 2413 1674 2436; x_wconf 87' lang='lat' dir='ltr'><strong>non</strong></span> 
     </span>
     <span class='ocr_line' id='line_1_36' title="bbox 197 2444 1675 2495; baseline 0.001 -14"><span class='ocrx_word' id='word_1_328' title='bbox 197 2446 377 2482; x_wconf 81' lang='lat' dir='ltr'><strong>servilem.</strong></span> <span class='ocrx_word' id='word_1_329' title='bbox 424 2447 706 2493; x_wconf 87' lang='lat' dir='ltr'><strong>quemadmodum</strong></span> <span class='ocrx_word' id='word_1_330' title='bbox 731 2453 767 2482; x_wconf 90' lang='lat' dir='ltr'><strong>et</strong></span> <span class='ocrx_word' id='word_1_331' title='bbox 790 2448 868 2494; x_wconf 85' lang='lat' dir='ltr'><strong>ipse</strong></span> <span class='ocrx_word' id='word_1_332' title='bbox 888 2448 1161 2494; x_wconf 78' lang='lat' dir='ltr'><strong>chrysostomus</strong></span> <span class='ocrx_word' id='word_1_333' title='bbox 1182 2447 1270 2483; x_wconf 87' lang='lat' dir='ltr'><strong>dicit</strong></span> <span class='ocrx_word' id='word_1_334' title='bbox 1298 2444 1517 2495; x_wconf 75' lang='lat' dir='ltr'><strong>“propterea</strong></span> <span class='ocrx_word' id='word_1_335' title='bbox 1536 2448 1675 2483; x_wconf 84' lang='lat' dir='ltr'><strong>varium</strong></span> 
     </span>
     <span class='ocr_line' id='line_1_37' title="bbox 201 2493 1676 2540; baseline 0.001 -13"><span class='ocrx_word' id='word_1_336' title='bbox 201 2504 281 2528; x_wconf 86' lang='lat' dir='ltr'><strong>esse</strong></span> <span class='ocrx_word' id='word_1_337' title='bbox 315 2499 457 2539; x_wconf 86' lang='lat' dir='ltr'><strong>oportet</strong></span> <span class='ocrx_word' id='word_1_338' title='bbox 490 2500 664 2540; x_wconf 81' lang='lat' dir='ltr'><strong>pastorem</strong></span> <span class='ocrx_word' id='word_1_339' title='bbox 697 2499 803 2539; x_wconf 84' lang='lat' dir='ltr'><strong>atque</strong></span> <span class='ocrx_word' id='word_1_340' title='bbox 837 2494 1030 2530; x_wconf 83' lang='lat' dir='ltr'><strong>doctorem.</strong></span> <span class='ocrx_word' id='word_1_341' title='bbox 1076 2495 1212 2530; x_wconf 84' lang='lat' dir='ltr'><strong>varium</strong></span> <span class='ocrx_word' id='word_1_342' title='bbox 1245 2493 1345 2539; x_wconf 85' lang='lat' dir='ltr'><strong>dico,</strong></span> <span class='ocrx_word' id='word_1_343' title='bbox 1379 2507 1450 2530; x_wconf 88' lang='lat' dir='ltr'><strong>nou</strong></span> <span class='ocrx_word' id='word_1_344' title='bbox 1472 2494 1676 2536; x_wconf 75' lang='lat' dir='ltr'><strong>subdolum3</strong></span> 
     </span>
     <span class='ocr_line' id='line_1_38' title="bbox 201 2539 1676 2588; baseline 0.001 -15"><span class='ocrx_word' id='word_1_345' title='bbox 201 2550 317 2584; x_wconf 91' lang='lat' dir='ltr'><strong>neque</strong></span> <span class='ocrx_word' id='word_1_346' title='bbox 341 2539 554 2576; x_wconf 86' lang='lat' dir='ltr'><strong>adulatorem</strong></span> <span class='ocrx_word' id='word_1_347' title='bbox 578 2545 638 2575; x_wconf 88' lang='lat' dir='ltr'><strong>aut</strong></span> <span class='ocrx_word' id='word_1_348' title='bbox 661 2540 923 2585; x_wconf 84' lang='lat' dir='ltr'><strong>insultatorem,</strong></span> <span class='ocrx_word' id='word_1_349' title='bbox 957 2542 1020 2576; x_wconf 88' lang='lat' dir='ltr'><strong>sed</strong></span> <span class='ocrx_word' id='word_1_350' title='bbox 1044 2540 1181 2588; x_wconf 86' lang='lat' dir='ltr'><strong>plenum</strong></span> <span class='ocrx_word' id='word_1_351' title='bbox 1205 2552 1353 2586; x_wconf 81' lang='lat' dir='ltr'><strong>magnae</strong></span> <span class='ocrx_word' id='word_1_352' title='bbox 1376 2540 1574 2583; x_wconf 79' lang='lat' dir='ltr'><strong>libertatis3</strong></span> <span class='ocrx_word' id='word_1_353' title='bbox 1612 2540 1676 2585; x_wconf 89' lang='lat' dir='ltr'><strong>qui</strong></span> 
     </span>
     <span class='ocr_line' id='line_1_39' title="bbox 202 2586 1674 2634; baseline 0.003 -16"><span class='ocrx_word' id='word_1_354' title='bbox 202 2589 239 2619; x_wconf 90' lang='lat' dir='ltr'><strong>et</strong></span> <span class='ocrx_word' id='word_1_355' title='bbox 263 2587 455 2621; x_wconf 84' lang='lat' dir='ltr'><strong>concedere</strong></span> <span class='ocrx_word' id='word_1_356' title='bbox 475 2586 610 2621; x_wconf 89' lang='lat' dir='ltr'><strong>utiliter</strong></span> <span class='ocrx_word' id='word_1_357' title='bbox 628 2586 761 2633; x_wconf 89' lang='lat' dir='ltr'><strong>possit,</strong></span> <span class='ocrx_word' id='word_1_358' title='bbox 792 2587 854 2621; x_wconf 89' lang='lat' dir='ltr'><strong>ubi</strong></span> <span class='ocrx_word' id='word_1_359' title='bbox 871 2587 925 2623; x_wconf 86' lang='lat' dir='ltr'><strong>rei</strong></span> <span class='ocrx_word' id='word_1_360' title='bbox 944 2594 1183 2632; x_wconf 78' lang='lat' dir='ltr'><strong>argumentum</strong></span> <span class='ocrx_word' id='word_1_361' title='bbox 1201 2587 1237 2622; x_wconf 85' lang='lat' dir='ltr'><strong>id</strong></span> <span class='ocrx_word' id='word_1_362' title='bbox 1259 2586 1437 2634; x_wconf 84' lang='lat' dir='ltr'><strong>requiret,</strong></span> <span class='ocrx_word' id='word_1_363' title='bbox 1468 2593 1505 2622; x_wconf 88' lang='lat' dir='ltr'><strong>et</strong></span> <span class='ocrx_word' id='word_1_364' title='bbox 1527 2592 1597 2622; x_wconf 89' lang='lat' dir='ltr'><strong>tam</strong></span> <span class='ocrx_word' id='word_1_365' title='bbox 1620 2586 1674 2621; x_wconf 80' lang='lat' dir='ltr'><strong>le-</strong></span> 
     </span>
     <span class='ocr_line' id='line_1_40' title="bbox 202 2633 1676 2679; baseline 0.002 -15"><span class='ocrx_word' id='word_1_366' title='bbox 202 2641 281 2665; x_wconf 89' lang='lat' dir='ltr'><strong>nem</strong></span> <span class='ocrx_word' id='word_1_367' title='bbox 305 2643 344 2666; x_wconf 86' lang='lat' dir='ltr'><strong>se</strong></span> <span class='ocrx_word' id='word_1_368' title='bbox 369 2644 471 2678; x_wconf 81' lang='lat' dir='ltr'><strong>quam</strong></span> <span class='ocrx_word' id='word_1_369' title='bbox 494 2638 670 2674; x_wconf 84' lang='lat' dir='ltr'><strong>austerum</strong></span> <span class='ocrx_word' id='word_1_370' title='bbox 694 2633 878 2679; x_wconf 87' lang='lat' dir='ltr'><strong>praebere.</strong></span> <span class='ocrx_word' id='word_1_371' title='bbox 927 2645 1041 2678; x_wconf 87' lang='lat' dir='ltr'><strong>neque</strong></span> <span class='ocrx_word' id='word_1_372' title='bbox 1063 2635 1154 2669; x_wconf 83' lang='lat' dir='ltr'><strong>enim</strong></span> <span class='ocrx_word' id='word_1_373' title='bbox 1178 2645 1295 2668; x_wconf 85' lang='lat' dir='ltr'><strong>omnes</strong></span> <span class='ocrx_word' id='word_1_374' title='bbox 1322 2634 1445 2668; x_wconf 85' lang='lat' dir='ltr'><strong>eodem</strong></span> <span class='ocrx_word' id='word_1_375' title='bbox 1468 2633 1570 2668; x_wconf 85' lang='lat' dir='ltr'><strong>modo</strong></span> <span class='ocrx_word' id='word_1_376' title='bbox 1594 2636 1676 2668; x_wconf 78' lang='lat' dir='ltr'><strong>sunt</strong></span> 
     </span>
     <span class='ocr_line' id='line_1_41' title="bbox 202 2678 1676 2725; baseline 0.003 -16"><span class='ocrx_word' id='word_1_377' title='bbox 202 2678 378 2712; x_wconf 85' lang='lat' dir='ltr'><strong>tractandi</strong></span> <span class='ocrx_word' id='word_1_378' title='bbox 396 2678 545 2723; x_wconf 88' lang='lat' dir='ltr'><strong>subditi,</strong></span> <span class='ocrx_word' id='word_1_379' title='bbox 570 2680 708 2724; x_wconf 90' lang='lat' dir='ltr'><strong>quando</strong></span> <span class='ocrx_word' id='word_1_380' title='bbox 730 2690 845 2725; x_wconf 90' lang='lat' dir='ltr'><strong>neque</strong></span> <span class='ocrx_word' id='word_1_381' title='bbox 867 2680 994 2715; x_wconf 81' lang='lat' dir='ltr'><strong>medici</strong></span> <span class='ocrx_word' id='word_1_382' title='bbox 1015 2680 1059 2715; x_wconf 86' lang='lat' dir='ltr'><strong>ad</strong></span> <span class='ocrx_word' id='word_1_383' title='bbox 1082 2692 1201 2715; x_wconf 88' lang='lat' dir='ltr'><strong>omnes</strong></span> <span class='ocrx_word' id='word_1_384' title='bbox 1225 2681 1364 2715; x_wconf 84' lang='lat' dir='ltr'><strong>morbos</strong></span> <span class='ocrx_word' id='word_1_385' title='bbox 1386 2679 1507 2715; x_wconf 87' lang='lat' dir='ltr'><strong>eodem</strong></span> <span class='ocrx_word' id='word_1_386' title='bbox 1531 2684 1676 2714; x_wconf 88' lang='lat' dir='ltr'><strong>utuntur</strong></span> 
     </span>
     <span class='ocr_line' id='line_1_42' title="bbox 203 2723 1675 2771; baseline 0.004 -16"><span class='ocrx_word' id='word_1_387' title='bbox 203 2723 379 2768; x_wconf 88' lang='lat' dir='ltr'><strong>remedio,</strong></span> <span class='ocrx_word' id='word_1_388' title='bbox 403 2737 517 2771; x_wconf 85' lang='lat' dir='ltr'><strong>neque</strong></span> <span class='ocrx_word' id='word_1_389' title='bbox 539 2726 766 2770; x_wconf 84' lang='lat' dir='ltr'><strong>gubernatori</strong></span> <span class='ocrx_word' id='word_1_390' title='bbox 788 2725 892 2762; x_wconf 87' lang='lat' dir='ltr'><strong>unica</strong></span> <span class='ocrx_word' id='word_1_391' title='bbox 913 2731 970 2761; x_wconf 87' lang='lat' dir='ltr'><strong>est</strong></span> <span class='ocrx_word' id='word_1_392' title='bbox 991 2727 1108 2762; x_wconf 76' lang='lat' dir='ltr'><strong>ventis</strong></span> <span class='ocrx_word' id='word_1_393' title='bbox 1130 2726 1316 2762; x_wconf 77' lang='lat' dir='ltr'><strong>resistendi</strong></span> <span class='ocrx_word' id='word_1_394' title='bbox 1336 2726 1442 2762; x_wconf 80' lang='lat' dir='ltr'><strong>ratio.</strong></span> <span class='ocrx_word' id='word_1_395' title='bbox 1490 2726 1675 2761; x_wconf 71' lang='lat' dir='ltr'><strong>considera</strong></span> 
     </span>
     <span class='ocr_line' id='line_1_43' title="bbox 204 2770 1672 2818; baseline 0.003 -17"><span class='ocrx_word' id='word_1_396' title='bbox 204 2779 300 2812; x_wconf 82' lang='lat' dir='ltr'><strong>ergo</strong></span> <span class='ocrx_word' id='word_1_397' title='bbox 314 2770 448 2815; x_wconf 87' lang='lat' dir='ltr'><strong>qualem</strong></span> <span class='ocrx_word' id='word_1_398' title='bbox 473 2777 635 2818; x_wconf 89' lang='lat' dir='ltr'><strong>oporteat</strong></span> <span class='ocrx_word' id='word_1_399' title='bbox 658 2772 750 2807; x_wconf 87' lang='lat' dir='ltr'><strong>hunc</strong></span> <span class='ocrx_word' id='word_1_400' title='bbox 775 2784 875 2818; x_wconf 80' lang='lat' dir='ltr'><strong>esse,</strong></span> <span class='ocrx_word' id='word_1_401' title='bbox 935 2772 972 2807; x_wconf 91' lang='lat' dir='ltr'><strong>ui</strong></span> <span class='ocrx_word' id='word_1_402' title='bbox 995 2778 1123 2809; x_wconf 88' lang='lat' dir='ltr'><strong>tantam</strong></span> <span class='ocrx_word' id='word_1_403' title='bbox 1146 2772 1319 2808; x_wconf 87' lang='lat' dir='ltr'><strong>sustinere</strong></span> <span class='ocrx_word' id='word_1_404' title='bbox 1342 2777 1586 2818; x_wconf 83' lang='lat' dir='ltr'><strong>tempestatem</strong></span> <span class='ocrx_word' id='word_1_405' title='bbox 1608 2771 1672 2806; x_wconf 89' lang='lat' dir='ltr'><strong>de-</strong></span> 
     </span>
    </p>
   </div>
   <div class='ocr_carea' id='block_1_3' title="bbox 201 2813 1673 2913">
    <p class='ocr_par' dir='ltr' id='par_1_3' title="bbox 201 2813 1673 2913">
     <span class='ocr_line' id='line_1_44' title="bbox 202 2813 1671 2864; baseline 0.003 -17"><span class='ocrx_word' id='word_1_406' title='bbox 202 2813 288 2848; x_wconf 88' lang='lat' dir='ltr'><strong>beat</strong></span> <span class='ocrx_word' id='word_1_407' title='bbox 318 2819 520 2862; x_wconf 89' lang='lat' dir='ltr'><strong>tantumque</strong></span> <span class='ocrx_word' id='word_1_408' title='bbox 551 2823 686 2853; x_wconf 89' lang='lat' dir='ltr'><strong>aestum</strong></span> <span class='ocrx_word' id='word_1_409' title='bbox 710 2824 816 2863; x_wconf 87' lang='lat' dir='ltr'><strong>atque</strong></span> <span class='ocrx_word' id='word_1_410' title='bbox 838 2823 893 2855; x_wconf 74' lang='lat' dir='ltr'><strong>tot</strong></span> <span class='ocrx_word' id='word_1_411' title='bbox 943 2824 1063 2864; x_wconf 82' lang='lat' dir='ltr'><strong>uetus,</strong></span> <span class='ocrx_word' id='word_1_412' title='bbox 1098 2823 1137 2855; x_wconf 85' lang='lat' dir='ltr'><strong>ut</strong></span> <span class='ocrx_word' id='word_1_413' title='bbox 1160 2819 1318 2854; x_wconf 88' lang='lat' dir='ltr'><strong>omnibus</strong></span> <span class='ocrx_word' id='word_1_414' title='bbox 1342 2819 1457 2853; x_wconf 86' lang='lat' dir='ltr'><strong>omnia</strong></span> <span class='ocrx_word' id='word_1_415' title='bbox 1479 2819 1562 2863; x_wconf 85' lang='lat' dir='ltr'><strong>fiat,</strong></span> <span class='ocrx_word' id='word_1_416' title='bbox 1602 2828 1671 2862; x_wconf 86' lang='lat' dir='ltr'><strong>quo</strong></span> 
     </span>
     <span class='ocr_line' id='line_1_45' title="bbox 201 2861 1673 2913; baseline 0.005 -19"><span class='ocrx_word' id='word_1_417' title='bbox 201 2870 321 2896; x_wconf 75' lang='lat' dir='ltr'><strong>omnes</strong></span> <span class='ocrx_word' id='word_1_418' title='bbox 343 2861 512 2901; x_wconf 80' lang='lat' dir='ltr'><strong>lucretur.</strong></span> <span class='ocrx_word' id='word_1_419' title='bbox 559 2869 702 2911; x_wconf 84' lang='lat' dir='ltr'><strong>oportet</strong></span> <span class='ocrx_word' id='word_1_420' title='bbox 726 2864 817 2901; x_wconf 88' lang='lat' dir='ltr'><strong>euim</strong></span> <span class='ocrx_word' id='word_1_421' title='bbox 840 2865 933 2911; x_wconf 63' lang='lat' dir='ltr'><strong>huuc</strong></span> <span class='ocrx_word' id='word_1_422' title='bbox 955 2877 1034 2902; x_wconf 83' lang='lat' dir='ltr'><strong>esse</strong></span> <span class='ocrx_word' id='word_1_423' title='bbox 1052 2876 1220 2912; x_wconf 81' lang='lat' dir='ltr'><strong>gravem,</strong></span> <span class='ocrx_word' id='word_1_424' title='bbox 1242 2866 1355 2901; x_wconf 77' lang='lat' dir='ltr'><strong>fastus</strong></span> <span class='ocrx_word' id='word_1_425' title='bbox 1378 2870 1572 2913; x_wconf 82' lang='lat' dir='ltr'><strong>expertem,</strong></span> <span class='ocrx_word' id='word_1_426' title='bbox 1597 2869 1673 2910; x_wconf 64' lang='grc' dir='ltr'><strong><em>φτ·-</em></strong></span> 
     </span>
    </p>
   </div>
  </div>
 </body>
</html>
