1742 3184
149 171 154 176 “
214 174 314 227 482
688 177 930 223 GEORGn
965 176 1213 221 CEDRENI

214 291 352 352 κλήρῳ
374 289 623 348 δοθήσεται,
657 291 894 351 προείρηκεν
914 287 936 333 ὃ
956 288 1081 340 αὐτὸς
1101 286 1317 348 προφήτης
1338 287 1464 346 λέγων
1487 284 1688 346 εδιεμερί-

215 380 340 407 σαντο
359 362 410 406 τὰ
432 361 574 417 ἱμάτιά
594 380 677 418 μου
698 363 740 405 ἐν
760 358 938 411 ἑαυτοῖς,
982 361 1051 404 καὶ
1070 360 1133 401 ἐπὶ
1153 358 1224 402 τὸν
1243 356 1462 415 ἱματισμόν
1482 375 1563 412 μου
1586 357 1688 411 ἔβα-

216 437 288 476 λον
308 431 490 490 κλῆρον]
543 430 605 474 ὅτι
627 431 671 473 δὲ
696 432 763 473 καὶ
783 429 896 486 παρὰ
913 426 1271 486 ψευδομαρτύρων
1290 424 1688 485 κατηγορηθήσεται,

180 537 184 547 »
215 501 239 544 ὃ
261 500 382 552 αὐτὸς
401 498 614 558 προφήτης
632 497 736 542 εἶπεν
763 496 777 512 ‘
792 497 1068 553 ἐπανέστησαν
1087 515 1159 553 μοι
1182 496 1388 555 μάρτυρες
1410 495 1578 541 ἄδικοιῖ
1626 493 1690 537 ὅτι

218 571 262 613 δὲ
293 571 362 613 καὶ
394 567 599 618 ἀκάνθαις
631 566 1020 625 στεφανωθήσεται,
1068 568 1304 624 προείρηκεν
1331 564 1527 622 Ἱερεμίας
1565 563 1724 619 λέγων5

210 637 436 695 ςἀκάνθαις
453 642 533 681 τῶν
553 636 701 680 ἑαυτοῦ
724 633 1034 692 πταισμάτωνὸ
1055 636 1156 687 λαὸς
1175 629 1294 686 οὗτος
1312 633 1603 692 περιεστοίχισέ
1613 631 1689 686 m?

219 707 284 751 ὅτι
306 708 352 750 δὲ
372 708 439 750 καὶ
453 707 582 761 χολὴν
601 703 857 764 τραφήσεται
878 706 946 748 καὶ
967 704 1058 756 ὅξος
1079 703 1396 760 ποτισθήσεται,
1432 700 1454 745 ὃ
1479 700 1695 758 προφήτης

220 777 365 831 Δαβὶδ
386 775 489 831 λέγει
513 774 693 818 ςἔδωκαν
717 776 773 825 εἷς
794 775 840 819 τὸ
859 773 1012 832 βρῶμά
1027 790 1110 829 μου
1124 772 1269 829 χολήν,
1303 775 1372 816 καὶ
1398 773 1454 822 εἲς
1474 771 1548 826 τὴν
1564 771 1694 824 δίψαν

220 863 301 900 μου
323 841 514 887 ἐπότισάν
545 862 597 899 με
629 843 754 896 ὅξος)
827 842 889 887 ὅτι
917 844 962 887 δὲ
989 841 1339 898 ἐμπαιχθήσεται,
1376 839 1572 898 Ἱερεμίας
1593 839 1696 895 λέγει

170 925 200 960 Β
218 913 294 964 εεἷς
318 912 546 970 ε’μπαιγμὸν
565 910 756 970 ἐγενόμην
777 916 837 971 τῷ
851 916 940 971 λαῷ
957 911 1120 970 τούτῳ.’
1193 910 1255 954 ὅτι
1277 911 1320 954 δὲ
1341 911 1409 953 καὶ
1430 915 1515 959 τοῖς
1533 910 1696 961 δεσμοῖς
1709 915 1742 950 1(

222 983 358 1026 αὐτῶν
385 980 606 1037 δεθήσεται
635 984 703 1025 καὶ
734 979 1074 1038 σταυρωθήσεται
1104 982 1167 1023 ἐπὶ
1200 979 1321 1031 ξύλου
1348 978 1460 1036 παρὰ
1494 982 1572 1021 τῶν
1593 978 1699 1020 Ἰου-

225 1053 375 1104 δαίων,
413 1051 516 1107 λέγει
543 1050 566 1094 ὁ
585 1050 766 1109 Ἔσδρας
789 1049 803 1065 ‘
817 1049 991 1107 ἐδήσατέ
1006 1067 1058 1106 με
1080 1050 1154 1105 οὐχ
1175 1047 1230 1100 ὥς
1248 1049 1405 1105 πατέρα
1425 1047 1495 1090 τὸν
1519 1044 1699 1104 ῥυσάμε-

223 1139 294 1164 νον
313 1119 424 1175 ὑμᾶς
443 1121 487 1162 ἐκ
506 1124 581 1176 γῆς
602 1118 832 1176 Αἰγύπτου.
899 1119 1112 1177 κράζοντες
1139 1120 1203 1161 ἐπὶ
1222 1122 1296 1162 τοῦ
1313 1116 1502 1173 βήματος
1518 1119 1592 1157 τοῦ
1610 1132 1701 1171 κρι-

224 1194 298 1234 τοῦ
326 1187 620 1233 ἐταπεινώσατὲ
647 1206 722 1244 με,
766 1193 1053 1246 κρεμασθῆναι
1085 1189 1148 1230 ἐπὶ
1179 1192 1253 1230 τοῦ
1285 1187 1408 1238 ξύλου
1439 1182 1705 1242 παρεδώκατὲ

226 1258 310 1315 pe?
382 1256 446 1301 ὅτι
476 1258 521 1300 δὲ
552 1260 620 1301 καὶ
653 1255 903 1316 ταφήσεται,
933 1256 1127 1315 Ἱερεμίας
1148 1256 1251 1312 λέγει
1271 1253 1285 1270 ‘
1301 1257 1343 1298 ἐν
1365 1260 1415 1312 τῇ
1440 1258 1554 1311 ταφῇ
1575 1254 1702 1295 αὐτοῦ
1715 1259 1742 1295 11

230 1325 611 1386 ζωοποιηθήσονται
645 1326 684 1369 οἳ
715 1326 879 1384 νεκροί.’
951 1327 993 1368 ἓν
1023 1326 1102 1383 γὰρ
1128 1331 1187 1384 τῷ
1218 1328 1350 1382 καιρῷ
1378 1325 1513 1381 ἐκείνῳ
1522 1355 1536 1374 ,
1585 1320 1651 1365 ὅτε
1681 1319 1703 1363 ὅ

230 1395 429 1451 δεσπότης
458 1393 577 1451 ἡμῶν
602 1395 760 1451 Ἰησοῦς
790 1397 832 1438 ἓν
863 1398 922 1453 τῷ
951 1396 1070 1452 τιμίῳ
1101 1394 1228 1438 αὐτοῦ
1260 1392 1388 1437 πάθει
1419 1392 1628 1450 παρέδωκε
1657 1390 1704 1434 τὸ

230 1469 413 1520 πνεῦμα,
448 1464 488 1512 οἳ
509 1463 635 1523 τάφοι
656 1463 942 1523 ἠνεῴχθησαν,
982 1466 1050 1506 καὶ
1074 1464 1206 1506 πολλὰ
1225 1461 1398 1517 σώματα
1415 1466 1497 1504 τῶν
1516 1477 1707 1514 κεκοιμη-

231 1535 363 1589 μένων
390 1532 515 1590 ἇγίων
541 1533 727 1591 ἠγέρθη,
772 1531 793 1575 ὃ
825 1531 940 1588 ἣλιος
972 1533 1216 1588 ἐσκοτίσθη,
1250 1531 1297 1575 τὸ
1317 1531 1611 1584 καταπέτασμα
1634 1532 1709 1572 τοῦ

231 1608 334 1646 ναοῦ
364 1603 538 1657 ἐσχίσθη
553 1634 566 1655 ,
612 1604 681 1645 καὶ
716 1602 881 1657 σεισμὸς
906 1602 1035 1659 μέγας
1063 1602 1169 1645 κατὰ
1197 1605 1335 1644 πᾶσαν
1363 1600 1438 1655 τὴν
1469 1598 1742 1654 οῗκουμένην2

182 1680 213 1715 C
239 1672 404 1727 ἐγένετο.
471 1675 604 1714 ταῦτα
627 1669 762 1714 πάντα
793 1673 828 1714 εἲ
858 1672 1065 1729 δυνηθῇς,
1103 1665 1137 1714 ὦ
1159 1672 1353 1722 Ἰουδαΐε,
1396 1669 1456 1725 μὴ
1478 1666 1576 1711 εἶναι
1594 1667 1709 1724 παρὰ

235 1744 318 1784 τῶν
348 1738 554 1797 ὓμετὲρων
580 1744 804 1798 προφητῶν
831 1740 1194 1797 προκηρυχθέντα,
1230 1738 1285 1790 ὥς
1313 1737 1497 1794 ψεύστην
1527 1734 1713 1791 ἐνίκησας

236 1826 305 1863 με.
371 1810 406 1851 εἰ
426 1808 470 1851 ‹5’
499 1808 671 1864 ἀληθῶς
696 1808 800 1867 παρ’
831 1808 990 1853 ἐκείνων
1020 1808 1360 1867 προφητευθέντα
1381 1807 1480 1860 εἶσί,
1521 1812 1605 1857 τοῖς
1627 1810 1714 1855 σοῖς

330 1927 376 1963 21
400 1925 573 1973 δυνηθῇς
597 1925 749 1971 δεῖξαιῒ

238 2027 471 2075 spoliandum,
495 2040 628 2075 easque
649 2033 749 2065 sorte
769 2030 921 2067 divisum
944 2030 991 2066 iri
1014 2031 1127 2078 (Psal.
1146 2031 1210 2077 21)
1232 2028 1478 2077 “diviserunt,
1501 2030 1630 2077 inquit,
1653 2042 1719 2065 ve-

240 2082 313 2112 stes
336 2086 453 2118 meas,
488 2080 524 2111 et
555 2080 654 2111 sorte
686 2076 867 2113 amiculum
900 2090 1013 2113 meum
1047 2078 1235 2114 duxerunt.
1282 2084 1482 2114 accusatum
1505 2078 1597 2112 iria
1620 2076 1721 2112 falsis

241 2121 393 2158 testibus
416 2121 510 2157 idem
532 2127 634 2157 vates
656 2122 912 2159 demonstravit
934 2124 1049 2170 (Psal.
1067 2126 1128 2167 26)
1153 2121 1459 2169 “insurrexerunt‚
1480 2124 1609 2171 inquit,
1633 2136 1719 2158 con-

241 2173 300 2204 tra
322 2179 378 2202 me
399 2172 511 2205 testes
533 2168 670 2204 iniusti.
718 2170 831 2216 spinis
853 2172 1088 2207 coronandum
1108 2171 1276 2207 Ieremias
1299 2171 1479 2217 praedixit
1499 2171 1554 2205 his
1577 2170 1697 2205 verbis
1710 2181 1721 2203 t

242 2214 394 2268 populus
416 2213 475 2248 hic
498 2214 611 2262 spinis
633 2227 774 2252 suorum
797 2224 1021 2262 peccatorum
1045 2229 1100 2253 rue
1121 2218 1365 2253 circumdedit.
1414 2218 1509 2264 quod
1534 2222 1650 2252 autem
1672 2215 1723 2250 fel

270 2272 310 2295 ro
345 2261 426 2295 c1bo
458 2265 496 2296 et
521 2266 658 2297 acetum
689 2274 753 2307 pro
783 2269 870 2308 potu
889 2264 921 2298 aa*
948 2264 1181 2299 exhibendum
1202 2264 1388 2310 aliquando
1412 2268 1528 2308 esset,
1562 2262 1723 2298 Davidus

271 2318 314 2341 oe
330 2306 473 2342 oraculo
490 2307 712 2352 praemonuit
727 2308 840 2355 (Psal.
856 2311 900 2346 68
903 2317 938 2354 j:
956 2310 1005 2345 fel
1021 2311 1058 2346 in
1079 2311 1196 2346 cibum
1214 2322 1326 2345 meum
1341 2310 1571 2353 immiserunt,
1595 2308 1723 2344 sitien-

244 2353 345 2398 tique
373 2358 508 2389 acetum
541 2354 732 2390 bibendum
761 2355 976 2392 obtulerunt.
1023 2356 1175 2392 ludibrio
1200 2356 1355 2392 habitum
1379 2356 1427 2391 iri
1449 2355 1619 2391 Ieremias
1642 2367 1724 2390 rur-

244 2410 321 2435 sum
345 2398 499 2435 indicat:
533 2399 745 2445 ludibrium,
779 2402 915 2448 inquit,
948 2404 1063 2438 factus
1086 2415 1162 2438 sum
1187 2403 1269 2438 huic
1291 2403 1435 2450 populo.
1483 2401 1578 2448 quod
1600 2400 1726 2437 Iudaei

246 2456 325 2480 eum
343 2445 499 2480 vincturi
518 2451 554 2482 et
571 2447 608 2482 in
632 2447 782 2492 ligneam
805 2460 942 2484 crucem
966 2449 1080 2485 acturi
1104 2455 1236 2495 essent,
1259 2450 1395 2485 Esdras
1413 2448 1607 2495 praedixit:
1631 2447 1725 2492 liga-

247 2490 313 2526 stis
337 2502 392 2526 me
411 2504 482 2527 non
499 2498 542 2532 ut
562 2497 718 2540 patrem,
744 2494 806 2540 qni
829 2506 894 2530 vos
919 2507 964 2530 ex
984 2495 1150 2542 Aegypto
1173 2496 1379 2538 liberasset3
1415 2494 1566 2530 clamore
1589 2495 1634 2530 ad
1659 2494 1725 2529 tri-

247 2537 356 2572 bunal
384 2537 513 2574 iudicis
543 2551 599 2576 me
632 2552 652 2574 o
679 2541 881 2586 pugnastis,
915 2542 1144 2588 oppressistis
1176 2554 1251 2589 me,
1285 2554 1327 2577 ac
1348 2541 1546 2577 tradidistis
1569 2541 1607 2575 in
1623 2540 1725 2586 iigno

247 2584 543 2637 suspendendum.
570 2598 659 2633 sepu
673 2593 785 2622 turam
807 2599 948 2633 quoque
971 2589 1047 2624 eius
1069 2589 1237 2624 Ieremias
1261 2588 1460 2635 praedixit=
1484 2599 1573 2632 cum,
1597 2586 1726 2632 inquit,

247 2640 280 2662 ιε
303 2630 519 2677 sepelietur,
544 2644 588 2667 ea
610 2644 669 2668 res
691 2634 838 2670 mortuis
861 2636 970 2670 vitam
993 2636 1133 2673 reddet.
1180 2647 1250 2681 quo
1269 2635 1361 2670 enim
1384 2639 1543 2680 tempore
1565 2633 1726 2669 dominus

252 2680 372 2709 noster
395 2677 561 2714 Christus
591 2678 750 2726 pretiosa
783 2692 849 2717 sua
879 2680 917 2715 in
947 2682 1115 2727 passione
1144 2681 1358 2727 exspiravit,
1395 2692 1438 2716 eo
1460 2679 1624 2726 sepulcra
1647 2682 1730 2714 sunt

252 2726 390 2765 aperta,
415 2723 583 2770 multique
600 2731 814 2762 mortuorum
835 2731 1033 2763 sanctorum
1054 2728 1278 2770 revixerunt3
1307 2727 1361 2762 sol
1384 2728 1637 2762 obtenebratus
1661 2728 1727 2770 est,

252 2766 368 2801 velum
392 2769 514 2815 templi
536 2771 703 2818 scissum,
736 2785 954 2820 magnusque
976 2786 1042 2820 per
1063 2779 1174 2812 totum
1203 2775 1324 2809 orbem
1355 2780 1475 2809 terrae
1508 2778 1623 2808 motus
1644 2770 1727 2806 fuit·

252 2810 342 2846 haec
365 2815 500 2868 mania,
523 2817 678 2863 Iudaee,
704 2818 737 2854 si
760 2831 889 2865 negare
913 2825 1016 2875 potes
1037 2832 1060 2856 a
1079 2820 1209 2857 vestris
1231 2820 1343 2855 fuisse
1366 2819 1549 2866 praedicta
1570 2818 1727 2862 vatibus,

253 2857 424 2895 mendacii
446 2871 532 2898 sane
556 2875 612 2901 me
633 2865 846 2904 conviceris.
892 2877 951 2905 sm
982 2879 1026 2906 ea
1056 2879 1142 2907 vere
1172 2871 1255 2905 sunt
1284 2866 1441 2915 ipsorum
1462 2864 1625 2912 oracula,
1656 2863 1730 2901 ‘¹¹3⁸
