1742 3184
197 166 296 214 368
678 165 917 212 GEORGII
950 165 1195 210 GEDRENI

194 281 310 339 ὖμεΐς
341 283 508 340 πονηροὶ
538 281 649 334 ὄντες
678 281 813 326 οἷ’δατε
850 280 1011 337 δόματα
1041 280 1185 339 ἀγαθὰ
1218 277 1376 325 διδόναι
1406 287 1491 333 τοῖς
1516 280 1666 334 τέκνοις

194 351 334 408 ὗμῶν,
370 351 483 411 πόσῳ
510 357 667 408 μᾶλλον
687 351 707 395 ὃ
728 351 861 408 πατὴρ
889 351 1004 407 ὑμῶν
1023 350 1043 395 ὃ
1068 350 1254 409 οὐράνιος
1275 350 1395 395 δώσει
1421 351 1561 407 ἀγαθὰ
1583 358 1668 402 τοῖς

196 426 379 482 αἷτοῦσιν
402 420 523 466 αὐτόν
537 423 571 476 ‚·'
611 423 677 465 καὶ
700 427 783 471 τοῖς
807 423 994 464 δοκοῦσιν
1016 421 1138 464 αὐτὸν
1157 425 1316 464 θυσιῶν
1338 420 1552 478 ὀρέγεσθαι
1577 422 1665 476 διη-

193 491 384 550 γόρευσεν
403 490 442 534 ιὃ
468 492 568 542 θεὸς
592 490 700 542 ἵλεος
723 491 835 533 θέλει
857 493 924 533 καὶ
949 491 996 533 οὗ
1017 490 1198 542 θυσίαις)
1271 492 1339 533 καὶ
1367 496 1453 540 τοῖς
1479 487 1668 544 ὗπολαμ-

191 560 366 616 βάνουσι
387 561 510 603 κακὸν
531 560 654 603 αὐτὸν
676 558 774 603 εἶναι
795 565 1003 617 παραινῶν
1024 559 1124 615 ἐβόα
1145 558 1323 616 “γίνεσθε
1343 560 1591 617 οῗκτίρμονες
1613 558 1700 611 ῶς5

52 635 80 671 P
102 637 172 673 210
195 633 263 674 καὶ
294 629 314 674 ὁ
346 631 480 687 πατὴρ
510 628 626 685 ὑμῶν
648 627 668 671 ὃ
690 628 907 685 οὖράνιος.’
981 629 1049 672 διὰ
1078 630 1122 672 δὲ
1143 630 1239 680 τοὺς
1260 629 1550 684 ἀπατωμένους
1568 633 1669 672 πολ-

195 701 294 751 λοὺς
319 700 444 750 θεοὺς
471 698 664 756 ὑπάρχειν
693 699 770 756 ἔφη
794 696 886 741 (ἵνα
917 698 1146 755 γινώσκωσί
1171 717 1216 742 σε
1238 699 1309 742 τὸν
1329 696 1455 753 μόνον
1473 698 1669 754 ἀληθινὸν

194 768 319 822 θεόν,
365 771 432 812 καὶ
461 768 506 812 ὃν
535 769 771 818 ἀπέστειλας
797 768 955 824 Ἰησοῦν
983 767 1168 827 Χριστόν
1177 768 1207 821 ,²
1244 770 1312 810 καὶ
1333 765 1673 824 (ἐξομολογοῦμαί

195 857 262 884 σοι
285 837 412 896 πάτερ
435 836 546 895 κύριε
569 842 643 881 τοῦ
664 838 841 895 οὐρανοῦ
862 840 930 881 καὶ
949 842 1021 893 τῆς
1037 838 1139 894 γῆς’
1212 839 1279 880 καὶ
1307 837 1443 892 μέντοι
1468 837 1571 895 πρὸς
1599 837 1670 880 τὸν

195 906 505 966 ἐπερωτήσαντα
533 908 776 964 γραμματέα
797 909 895 950 ποιά
917 909 1000 951 ἐστὶ
1021 906 1161 965 πρώτη
1182 911 1323 950 πασῶν
1343 907 1534 958 ἐντολῶν,
1571 906 1669 950 ἀπε·
1682 912 1726 947 10

196 980 323 1037 κρίθη
348 976 489 1020 εἄκουε
505 976 694 1035 Ἰσραήλ,
724 975 862 1035 κύριος
883 975 904 1020 ὃ
927 975 1026 1028 θεός
1046 994 1119 1020 σου
1141 976 1279 1034 κύριος
1301 974 1357 1027 εἷς
1375 976 1490 1018 ἐστί.>
1502 976 1529 992 ²'

328 1046 378 1091 Ὅ
404 1048 448 1090 δὲ
469 1048 609 1102 Σίμων
630 1046 803 1090 συνιδών
826 1047 887 1089 ὅτι
909 1044 929 1089 ὃ
947 1048 1108 1102 Πέτρος
1130 1046 1253 1090 αὐτὸν
1275 1044 1436 1102 συνάγει
1457 1052 1546 1096 ταῖς
1567 1062 1671 1103 γρα-

197 1124 297 1176 φαῖς
331 1120 386 1168 εἷς
416 1116 486 1159 τὸν
517 1118 608 1173 περὶ
636 1120 739 1159 θεοῦ
771 1114 913 1172 λόγον,
949 1116 1166 1170 ἐξετασμὸν
1192 1116 1382 1172 γενέσθαι
1406 1115 1464 1169 μὴ
1490 1115 1672 1169 θελήσας

198 1185 427 1244 ἀνεχώρησε
448 1186 551 1241 μετὰ
572 1189 724 1241 πολλῆς
747 1185 940 1240 αἳσχύνης
959 1187 1026 1228 καὶ
1043 1184 1179 1241 ἥττης.
1249 1179 1298 1240 ἦν
1320 1184 1400 1241 γὰρ
1422 1182 1443 1226 ὅ
1466 1183 1672 1241 ἐξάγιστος

197 1255 441 1312 πολύπειρος
461 1256 534 1310 μὲν
550 1256 591 1297 ἐν
609 1263 697 1306 ταῖς
720 1257 972 1309 διαβολικαΐς
997 1256 1232 1312 ἐνεργείαις,
1269 1253 1433 1310 ἄπειρος
1455 1254 1499 1296 δὲ
1522 1255 1563 1296 ἐν
1583 1260 1672 1304 ταῖς
1684 1262 1726 1297 15

144 1334 174 1370 Β
199 1331 485 1381 πνευματικαῖς
523 1326 816 1375 διδασκαλίαις.
886 1326 952 1367 καὶ
983 1324 1061 1381 γὰρ
1092 1324 1221 1374 οὕτως
1253 1323 1519 1379 ἐξησκημένος
1549 1317 1598 1378 ἦν
1631 1324 1672 1365 ἐν

194 1403 285 1446 ταῖς
311 1397 498 1451 μαγείαις
525 1397 593 1437 καὶ
620 1396 856 1449 μεθοδειάις
886 1398 958 1437 τοῦ
986 1396 1126 1436 Σατᾶν
1158 1392 1213 1444 ὥς
1239 1393 1312 1436 οὔκ
1345 1392 1468 1443 ἄλλος
1500 1409 1562 1443 τις
1592 1396 1673 1435 τῶν

194 1464 274 1522 πρὸ
302 1465 428 1508 αὐτοῦ
455 1465 597 1519 σχεδὸν
618 1466 708 1522 περὶ
731 1470 820 1514 ταῖς
843 1465 1096 1518 διαβολικαῖς
1116 1464 1307 1513 ἐπινοίαις
1328 1464 1394 1505 καὶ
1414 1463 1674 1519 κακουργίαις

194 1534 539 1589 διαβεβοημένων.
609 1531 853 1590 ἀνδριάντας
873 1533 951 1589 γὰρ
973 1533 1094 1575 ἐποιέι
1117 1539 1370 1590 περιπατεῖν,
1407 1533 1463 1582 εἷς
1488 1535 1569 1588 πῦρ
1598 1549 1673 1574 κυ-

194 1602 381 1658 λιόμενος
415 1603 488 1646 οὐκ
517 1604 670 1646 ἐκαίετο
681 1635 694 1654 ,
732 1605 787 1653 εἷς
810 1602 911 1659 ἀέρα
931 1603 1102 1653 ἵπτατο,
1139 1603 1182 1644 ἐκ
1206 1603 1337 1643 λίθων
1362 1599 1511 1658 ἄρτους
1534 1602 1727 1653 ἐποίει,20

193 1671 355 1729 δράκων
383 1673 551 1728 ἐγίνετο,
589 1675 645 1722 εἷς
662 1672 817 1728 χρυσὸν
838 1669 1130 1725 μετεβάλλετο,
1165 1672 1233 1713 καὶ
1255 1672 1311 1721 εἷς
1331 1669 1444 1728 ὄφεις
1465 1672 1532 1712 καὶ
1556 1670 1672 1728 ἕτερα

193 1744 278 1800 ζῷα
295 1745 603 1798 μετεμορφοῦτο
617 1773 630 1793 ,
667 1738 925 1798 διπρόσωπος
945 1741 1115 1796 ἐγίνετο,
1149 1738 1286 1797 θύρας
1305 1739 1583 1793 κεκλεισμένας
1605 1742 1673 1782 καὶ

193 1811 523 1867 μεμοχλευμένας
540 1809 697 1867 ἤνοιγε,
732 1812 882 1868 σιδηρᾶ
907 1809 1038 1864 δεσμὰ
1063 1809 1240 1862 διέλυεν,
1275 1811 1316 1852 ἐν
1333 1810 1506 1861 δείπνοις
1524 1809 1674 1853 εἴδωλα

194 1948 255 1980 tur
279 1943 424 1989 (Matth-
445 1940 516 1988 9)
519 1939 659 1989 quodsi
692 1954 776 1987 vos,
808 1941 870 1988 qui
896 1942 977 1977 mali
1005 1941 1110 1987 estis,
1142 1940 1265 1976 liberis
1288 1941 1419 1976 vestris
1444 1941 1556 1976 nostis
1578 1943 1672 1978 bona

194 1992 288 2026 dona
313 1992 504 2037 praebere,
539 1995 669 2048 quanto
702 1988 810 2034 magis
839 1994 940 2034 pater
971 1995 1091 2023 vester
1124 1988 1287 2023 caelestis
1318 1989 1410 2023 bona
1436 1988 1637 2043 largietur
1627 1990 1673 2024 lis

194 2037 256 2083 qui
280 2049 301 2071 a
323 2050 363 2072 se
388 2034 592 2092 poscent2”
641 2035 704 2090 qui
721 2048 797 2070 cum
817 2036 1066 2070 sacrificiorum
1086 2035 1248 2080 cupidum
1269 2039 1446 2080 putarent,
1474 2035 1518 2069 iis
1541 2035 1675 2071 diserte

197 2084 308 2118 edixit
332 2084 478 2127 (Matth.
501 2078 573 2127 5)
575 2078 861 2117 misericordiam
894 2095 915 2116 a
944 2083 1009 2116 deo
1033 2082 1186 2126 requiri,
1218 2093 1287 2115 non
1319 2078 1567 2116 sacrificium-'³
1613 2082 1674 2127 qui

195 2136 364 2176 putarent
387 2141 465 2164 eum
489 2141 568 2164 esse
592 2129 736 2173 malum,
758 2141 821 2163 eos
845 2128 897 2163 sic
924 2130 1128 2163 exhortatur
1152 2108 1293 2172 (I'oann.
1322 2124 1414 2172 17)
1417 2125 1676 2164 ‘misericordes

197 2181 332 2222 estote,
367 2176 460 2211 sicut
492 2181 529 2210 et
561 2183 662 2221 pater
691 2181 811 2210 vester
834 2172 1034 2210 caelestis?²
1082 2175 1143 2220 qui
1169 2187 1232 2220 per
1256 2186 1410 2209 errorem
1433 2175 1677 2210 existimarent

196 2223 322 2258 multos
347 2235 426 2257 esse
449 2224 558 2266 deos,
591 2234 709 2257 eorum
734 2233 839 2256 causa
862 2221 948 2256 haec
972 2222 1022 2256 ait
1050 2222 1196 2265 (Matth.
1224 2217 1326 2266 11)
1330 2217 1381 2256 ‘ut
1405 2227 1619 2278 cognoscant
1637 2227 1675 2256 te

197 2269 310 2304 solum
333 2281 454 2304 verum
479 2270 602 2314 deum,
636 2275 672 2304 et
696 2280 798 2314 quem
823 2268 951 2325 misisti
973 2269 1089 2302 Iesum
1116 2263 1331 2302 Christumss'
1377 2267 1462 2302 item
1484 2264 1674 2313 “praedico

195 2321 233 2350 te
267 2320 388 2362 pater,
424 2315 564 2350 domine
598 2315 687 2350 caeli
720 2320 756 2350 et
786 2312 928 2349 terrae.2
995 2320 1100 2360 atque
1133 2314 1237 2349 etiam
1272 2313 1411 2348 scribae
1442 2314 1677 2371 interroganti

196 2363 370 2407 quodnam
395 2367 490 2397 esset
511 2362 659 2408 primum
694 2361 782 2406 legis
816 2366 1063 2419 praeceptum,
1097 2360 1282 2407 respondit
1315 2360 1447 2405 (Marci
1473 2362 1533 2405 12)
1570 2357 1676 2395 “audi

194 2408 327 2452 Israel,
356 2409 515 2443 dominus
541 2409 627 2444 deus
653 2412 732 2443 tuus
757 2408 878 2443 unicus
904 2405 986 2445 est?

289 2455 454 2490 Ceterum
478 2455 602 2489 Simon
625 2454 749 2489 videns
774 2466 795 2489 a
818 2454 925 2489 Petro
949 2466 988 2489 se
1012 2465 1188 2488 sacrarum
1212 2452 1389 2487 literarum
1409 2452 1620 2487 testimoniis
1638 2453 1676 2487 in

194 2500 436 2546 disputatione
468 2502 514 2536 de
547 2503 612 2536 deo
648 2502 687 2535 in
723 2506 835 2535 artum
868 2500 968 2545 cogi,
1005 2501 1126 2548 nolens
1158 2499 1324 2534 iudicium
1359 2500 1404 2533 de
1433 2499 1678 2534 controversia

194 2547 295 2590 fieri,
333 2547 449 2582 victus
475 2559 552 2582 cum
574 2559 698 2593 magno
723 2548 896 2582 dedecore
919 2559 998 2581 sese
1006 2543 1198 2581 subduxit.
1248 2550 1325 2580 erat
1348 2545 1440 2580 enim
1463 2546 1677 2580 scelestissi-

195 2604 271 2627 mus
293 2593 372 2638 ille,
397 2594 647 2629 diabolicarum
670 2594 892 2628 effectionum
918 2593 1206 2628 instructissimus
1226 2591 1375 2636 peritia,
1401 2593 1465 2626 sed
1483 2592 1676 2637 spiritualis

197 2639 380 2674 doctrinae
415 2653 556 2686 expers.
606 2641 738 2687 quippe
775 2641 864 2675 adeo
900 2640 969 2674 fuit
1001 2640 1144 2684 magicis
1169 2639 1303 2672 artibus
1328 2649 1370 2672 ac
1393 2638 1548 2674 Satanae
1571 2650 1676 2692 prae-

196 2684 315 2729 stigiis
348 2687 578 2730 exercitatus,
613 2694 654 2722 ut
685 2698 803 2721 eorum
836 2686 898 2731 qui
930 2692 1012 2722 ante
1044 2685 1228 2721 diabolicis
1252 2684 1407 2719 inventis
1431 2697 1473 2719 ac
1496 2684 1678 2720 maleficiis

197 2730 355 2765 celebres
383 2733 527 2768 fuerunt
557 2745 657 2768 nemo
684 2732 790 2768 facile
817 2744 893 2767 cum
929 2745 969 2767 eo
1001 2732 1156 2767 conferri
1188 2737 1321 2776 posset.
1373 2742 1451 2766 nam
1475 2736 1614 2766 statuae
1638 2735 1679 2765 ut

197 2776 403 2812 incederent
439 2780 638 2823 efficiebat,
676 2786 711 2814 et
745 2780 782 2814 in
812 2779 928 2824 ignem
959 2779 1138 2814 volutatus
1174 2789 1243 2812 non
1275 2779 1463 2822 urebatur,
1497 2778 1535 2812 in
1561 2778 1678 2812 aetem

198 2822 427 2867 subvolabat,
461 2825 596 2870 lapides
620 2826 657 2860 in
682 2837 793 2872 panes
818 2827 1068 2870 convertebat,
1092 2825 1198 2859 draco
1222 2824 1351 2866 fiebat,
1376 2823 1413 2857 in
1438 2835 1556 2858 aurum
1581 2828 1617 2857 et
1639 2823 1677 2857 in

198 2880 334 2915 angues
357 2869 496 2915 aliaque
519 2873 685 2909 animalia
707 2873 926 2919 mutabatur,
962 2872 1049 2908 duas
1073 2871 1183 2907 facies
1207 2871 1375 2916 gerebat,
1401 2870 1496 2907 fores
1520 2869 1678 2906 occlusas
