1742 3184
383 151 783 196 fflsTomARUM
823 151 1218 200 COMPENDIUM.
1436 157 1537 206 623

192 265 262 310 Ἐν
283 265 423 317 αὗτοῖς
442 266 488 310 δὲ
514 272 599 317 τοῖς
616 264 782 324 χρόνοις
799 265 986 325 Περόζης
1003 266 1025 311 ὃ
1048 273 1130 311 τῶν
1148 272 1325 327 Περσῶν
1345 274 1539 326 βασιλεῦς

59 333 182 378 πάλιν
211 334 527 394 ἐπιστρατεύσας
558 338 621 380 ἐπὶ
640 336 738 388 τοὺς
757 338 925 388 λευκοὺς
950 337 1132 389 Οῧννους
1150 339 1246 390 τοὺς
1268 345 1539 399 Νεφθαλίτας
1560 362 1592 396 c

60 404 246 449 ἀπώλετο
267 407 505 464 πανστρατί.
575 404 792 463 ὀρύξαντες
818 406 897 464 γὰρ
926 405 1087 465 τάφρον
1113 412 1293 462 βαθεῖαν
1322 414 1388 452 καὶ
1410 412 1541 455 καλά-

58 491 164 528 μους
197 476 406 525 ἐπιθέντες
435 477 503 517 nai
530 479 608 531 γῆν
641 474 910 530 ε’πιχώσαντες
945 476 1090 531 ἕμεναν
1127 477 1264 531 ἔνδον,
1309 478 1469 535 ὄλίγους
1498 484 1542 526 δὲ

25 541 290 599 εὖπαντῆσαι
321 542 482 594 τούτοις
514 543 682 600 ἀφέντες
689 577 702 596 ,
739 547 806 587 καὶ
833 540 958 597 αὖθις
983 549 1040 597 εἷς
1065 547 1198 604 φυγὴν
1226 550 1444 606 τραπέντες
1474 554 1541 594 καὶ

57 612 109 655 τὰ
139 613 260 656 στενὰ
291 612 530 667 διαβάντες,
579 612 606 655 ἃ
636 616 753 672 σφίσι
781 613 967 672 γνώριμα
985 613 1183 672 ὑπῆρχον.
1253 618 1290 660 οἶ
1314 619 1359 661 δὲ
1378 620 1541 677 Πέρσαι

56 683 186 737 μηδὲν
204 681 335 725 δεινὸν
358 680 683 734 ὑποπτεύσαντες
702 684 892 741 ἀκρατῶς
910 684 1080 736 τούτους
1097 687 1277 739 ἐδίωκον,
1313 690 1379 730 καὶ
1394 689 1540 741 πάντες

58 749 164 806 ὃμοῦ
184 751 261 794 σὺν
277 755 336 808 τῷ
355 750 522 808 Περόζῃ
543 755 612 795 καὶ
636 759 723 804 τοῖς
742 751 870 796 αὐτοῦ
891 757 1035 798 παισὶν
1055 757 1110 805 εἷς
1129 755 1175 798 τὸ
1191 755 1414 814 βάραθρον
1432 776 1541 813 συμ-

57 818 246 870 πεσόντες
276 818 504 862 ἆπώλοντο.
574 820 596 862 ὃ
620 824 664 865 δὲ
679 821 869 880 Περόζης
899 823 1151 878 αἰσθόμενος
1178 830 1254 867 τοῦ
1282 827 1441 878 δεινοῦ,
1470 829 1540 870 τὸν

3 901 49 936 10
56 887 272 946 μάργαρον
291 887 338 931 ὃν
358 886 436 943 εἶχε
454 888 697 933 λευκότατον
714 894 782 934 καὶ
798 894 940 948 μέγαν,
977 897 1034 944 εἶς
1053 892 1286 951 ὑπερβολὴν
1305 892 1541 953 ὖπέρτιμον,

57 960 98 1010 ἕξ
119 958 223 1009 ὠτὸς
243 962 318 1000 τοῦ
341 960 477 1010 δεξιοῦ
499 959 751 1016 ἀφελόμενος
775 961 955 1018 ἔρριψεν,
1000 966 1068 1005 ἵνα
1094 963 1152 1019 μή
1175 981 1239 1014 τις
1264 965 1392 1007 ὀπίσω
1414 966 1540 1008 αὐτοῦ

42 1031 202 1070 ’τοῦτον
222 1028 369 1085 φοροίη
393 1028 419 1084 ἢ
443 1027 646 1086 γνώριμος
668 1031 830 1085 γένηται
853 1029 909 1082 ὡς
928 1031 1143 1085 βασιλεύς,
1163 1059 1167 1063 -
1191 1035 1273 1076 ἐπεὶ
1297 1034 1542 1085 ἀξιοθέατος

54 1094 276 1155 ὑπερφυῶς
294 1091 356 1152 ἦν.
425 1100 492 1140 καὶ
518 1097 624 1140 οὕτω
643 1099 832 1156 Περόζης
849 1100 1059 1159 διεφθάρη
1089 1102 1164 1145 σὺν
1192 1101 1305 1159 πάσῃ
1336 1108 1386 1160 τῇ
1408 1121 1535 1161 στρα-
1558 1116 1599 1162 D!

54 1171 136 1226 τιᾷ.
205 1161 335 1225 ἦρξαν
357 1167 400 1209 δὲ
418 1169 595 1223 Περσῶν
615 1168 654 1209 οἳ
671 1167 879 1226 βάρβαροι
905 1169 1082 1226 χρόνους
1104 1170 1179 1213 δύο
1201 1174 1257 1223 εἷς
1278 1170 1412 1229 φόρου
1431 1176 1541 1215 ἀπα-

1 1233 203 1292 15γωγήν.
272 1237 344 1278 καὶ
372 1235 494 1280 πάλιν
525 1237 564 1279 οἱ
592 1235 909 1296 ὑπολειφθέντες
938 1239 1146 1296 Καβάδην
1173 1241 1245 1284 τὸν
1272 1239 1419 1285 τούτου
1449 1242 1539 1286 υἱὸν

56 1303 162 1360 εἶχον
182 1305 372 1359 βασιλέα.

191 1377 299 1431 Περὶ
318 1375 364 1419 δὲ
384 1378 459 1417 τοῦ
475 1375 746 1433 μαργαρίτου,
780 1380 867 1427 πῶς
886 1378 952 1418 καὶ
974 1378 1076 1435 ποίῳ
1096 1376 1235 1436 τρόπῳ
1253 1377 1419 1436 εὑρέθη,
1453 1397 1540 1423 τοι-

55 1441 183 1498 αύτην
202 1443 371 1501 εὕρομεν
391 1444 586 1500 ἱστορίαν.
657 1446 699 1486 ἓν
719 1448 777 1503 τῷ
797 1448 993 1503 Περσικῷ
1017 1447 1155 1505 κόλπῳ
1174 1452 1234 1505 τῷ
1258 1448 1360 1505 πρὸς
1381 1453 1541 1507 βορρᾶν

55 1513 223 1571 κειμένῳ
256 1518 330 1568 τῆς
354 1514 539 1571 ἐρυθρᾶς
566 1513 786 1569 θαλάσσης
812 1516 1030 1573 τρέφονται
1055 1524 1304 1574 μαργαρῖται
1337 1515 1415 1560 ὕπὸ
1447 1536 1542 1561 κτε-

0 1586 148 1634 Ξονιῑίν,
177 1581 250 1634 οὓς
265 1600 372 1634 τινες
390 1582 607 1637 ζάμβακας
627 1583 886 1638 ὀνομάζουσι.
936 1584 1092 1628 τούτων
1114 1592 1194 1628 τῶν
1218 1591 1365 1629 κτενῶν
1388 1585 1538 1643 εὑρέθη

53 1652 214 1709 τρέφων
230 1650 427 1711 ἓν.ἕαυτιῇ
447 1654 553 1702 κτεὶς
577 1650 634 1703 εἷς
652 1655 909 1711 μαργαρίτην
929 1652 1120 1713 ὑπερφυῆ
1140 1657 1208 1698 καὶ
1236 1655 1539 1713 λαμπρότατον.

54 1722 304 1776 αὐξηθέντος
336 1723 380 1764 δὲ
415 1721 562 1765 τούτου
593 1725 660 1764 καὶ
690 1723 806 1780 παρὰ
837 1724 883 1765 τὸ
910 1725 1060 1781 μέτρον
1090 1723 1300 1781 γεγονότος
1330 1724 1459 1782 αὐγάς
1495 1743 1538 1769 τε

53 1792 168 1846 δίκην
185 1791 400 1848 ἀστραπῆς
422 1792 782 1845 ἇκτινοβολοῧντος
801 1797 868 1835 καὶ
891 1795 1189 1848 διαπέμποντος
1197 1827 1210 1846 ,
1239 1794 1409 1852 ἠράσθη
1430 1793 1540 1837 κύων

50 1859 278 1911 θαλάττιος
304 1867 379 1917 τῆς
406 1861 533 1917 αὐγῆς
552 1866 625 1905 τοῦ
645 1863 916 1920 μαργαρίτου,
950 1866 1018 1906 καὶ
1039 1869 1114 1920 τῆς
1137 1864 1264 1908 αὐτοῦ
1287 1862 1538 1922 ὡραιότητος
1558 1883 1588 1919 p
1612 1884 1682 1921 356

142 2015 280 2050 Eodem
310 2019 471 2061 tempore
499 2016 653 2051 Perozes
678 2017 864 2052 Persarum
896 2030 981 2063 rex,
1018 2031 1094 2054 cum
1125 2019 1241 2054 denuo
1273 2019 1535 2064 expeditionem

51 2061 223 2097 adversus
243 2062 343 2098 albos
365 2063 527 2107 Ηωιιιοε,
552 2063 614 2108 qui
633 2070 806 2098 vocantur
820 2065 1086 2110 Nephthalitae‚
1112 2065 1340 2111 suscepisset,
1364 2077 1439 2100 cum
1458 2072 1534 2102 toto

51 2109 211 2143 exercitu
246 2109 367 2154 periit.
416 2121 495 2144 nam
524 2109 646 2144 Hunni
679 2120 755 2143 cum
783 2112 992 2155 profundam
1026 2113 1157 2146 fossam
1194 2111 1352 2157 egissent
1387 2124 1535 2158 eamque

49 2155 192 2191 calamis
217 2155 519 2199 constravissent,
547 2167 702 2202 superne
725 2162 822 2190 terra
844 2157 995 2201 iniecta,
1028 2158 1122 2192 iutra
1146 2170 1220 2192 eam
1244 2170 1325 2192 sese
1349 2158 1535 2193 continue-

50 2208 154 2247 runt,
178 2202 300 2248 paucis
324 2202 460 2237 emissis
485 2202 546 2247 qui
570 2202 663 2236 hosti
689 2210 915 2237 occurrerent
941 2215 982 2237 ac
1006 2215 1086 2238 mox
1109 2205 1195 2249 suga
1216 2205 1311 2238 facta
1336 2215 1400 2250 per
1421 2216 1534 2250 sngu-

51 2248 140 2283 stins
170 2249 238 2283 sibi
266 2254 369 2283 notas
402 2249 607 2283 evaderent.
654 2249 787 2283 Persae
819 2261 903 2294 ergo
935 2250 1074 2285 insidiis
1099 2262 1168 2285 nou
1193 2250 1447 2285 animadversis
1472 2262 1534 2286 eos

50 2294 204 2330 insecuti
226 2295 385 2330 universi
411 2307 487 2330 cum
516 2307 602 2340 rege
628 2295 767 2330 Peroza
792 2302 828 2331 et
850 2296 933 2330 filiis
959 2297 1034 2331 eius
1059 2298 1094 2331 in
1120 2298 1324 2342 voraginem
1350 2297 1452 2331 istam
1476 2298 1535 2332 in-

50 2341 209 2376 cidentes
232 2342 430 2388 perierunt.
478 2341 633 2376 Perozes
666 2354 709 2376 eo
742 2342 780 2376 in
805 2342 962 2388 periculo
987 2343 1198 2378 constitutus
1223 2344 1407 2388 unionem,
1433 2355 1536 2390 quem

49 2389 215 2432 gestabat
237 2389 415 2434 ingentem
441 2400 483 2423 ac
506 2388 787 2423 candidissimum
810 2396 846 2424 et
869 2389 1011 2424 maximi
1035 2390 1154 2436 pretii,
1179 2402 1199 2424 n
1217 2391 1343 2425 dextra
1365 2401 1451 2424 aure
1472 2391 1536 2425 de-

49 2442 199 2470 tractum
223 2436 366 2479 abiecit,
393 2447 438 2469 ne
457 2435 536 2480 quis
560 2446 637 2469 eum
658 2442 740 2480 post
762 2447 802 2470 se
823 2442 983 2481 gestaret
1005 2444 1067 2471 aut
1085 2437 1198 2481 ipsum
1220 2448 1339 2482 regem
1361 2448 1535 2482 agnosce-

47 2487 127 2515 ret:
175 2488 253 2517 erat
285 2482 376 2516 enim
401 2488 565 2527 spectatu
589 2481 829 2526 dignissimus.
879 2482 945 2517 boc
969 2483 1070 2517 modo
1095 2482 1249 2518 Perozes
1273 2495 1349 2518 cum
1373 2483 1533 2518 exercitu

48 2527 201 2563 interiit.
248 2528 392 2563 barbari
417 2529 543 2563 exinde
567 2528 744 2562 biennium
761 2529 891 2563 Persas
915 2529 1124 2564 tributarios
1146 2530 1358 2565 habuerunt.
1406 2542 1448 2564 eo
1468 2541 1534 2564 ex-

48 2580 128 2609 acto
151 2576 286 2610 Persae
310 2576 519 2621 superstites
545 2574 725 2609 Cabadem
748 2574 906 2610 Perozae
930 2575 1037 2610 fllium
1061 2587 1179 2621 regem
1205 2576 1437 2613 constituunt.

140 2621 197 2656 De
223 2622 363 2665 unione,
388 2634 457 2667 quo
479 2621 510 2656 is
529 2628 634 2668 pacto
653 2621 818 2656 inventus
840 2622 962 2666 fuerit,
986 2622 1091 2657 taiem
1114 2623 1310 2668 reperimus
1333 2622 1532 2658 historiam.

35 2667 86 2701 ·in
110 2667 191 2702 sinu
212 2668 379 2711 Persico,
412 2668 474 2713 qui
497 2680 517 2702 a
541 2669 650 2702 rubro
674 2669 762 2702 mari
785 2680 909 2703 versus
933 2669 1140 2714 Aquilonem
1161 2675 1217 2704 est
1239 2669 1350 2714 situs,
1383 2669 1533 2704 uniones

49 2713 191 2749 aluntur
214 2727 235 2749 a
258 2715 482 2762 pectinibus,
515 2726 603 2760 quos
627 2714 821 2749 Zambaces
852 2721 995 2750 vocant.
1042 2715 1165 2750 borum
1189 2715 1367 2762 pectinum
1390 2716 1534 2761 quidam

48 2759 215 2796 inventus
249 2767 306 2796 est
334 2762 429 2796 intra
458 2773 498 2796 se
522 2762 620 2796 alens
644 2761 808 2796 unionem
830 2761 1009 2807 ingentem
1033 2773 1076 2796 ac
1098 2762 1438 2808 splendidissimum3
1470 2761 1532 2807 qui

48 2818 125 2842 cum
149 2813 274 2843 auctus
297 2819 492 2844 mensuram
516 2808 678 2843 usitatam
704 2807 916 2843 excessisset
938 2808 1129 2855 radiosque
1158 2808 1358 2855 splendoris
1380 2808 1439 2843 sui
1459 2807 1532 2842 ful-

47 2853 146 2899 guris
167 2854 205 2890 in
228 2866 360 2891 morem
382 2854 628 2901 eiaculantur,
657 2854 756 2891 cauis
778 2854 920 2902 quidam
941 2855 1098 2892 marinus
1121 2867 1198 2892 eum
1219 2854 1441 2902 splendorem
1464 2855 1529 2891 ad·-
