1742 3184
218 173 303 202 xvr
757 158 1158 206 XYLANDRI

216 287 280 315 me
311 269 506 316 referrem
528 289 603 318 non
641 274 890 319 succurrebat.
961 289 1013 318 ne
1048 282 1174 319 tamen
1205 274 1268 319 vel
1302 276 1443 319 auctori
1477 277 1540 321 vel
1575 278 1710 323 lectori

216 358 300 385 mea
336 343 524 402 ignoratio
557 345 678 388 fraudi
718 354 843 395 esset,
894 345 957 388 ubi
990 345 1109 388 visum
1153 353 1209 388 est
1250 360 1332 388 rem
1381 346 1526 390 habere
1569 350 1709 407 aliquid

215 412 414 464 momenti,
455 414 751 457 annotationibus
798 414 893 458 meis
929 429 1001 471 pro
1033 414 1133 458 virili
1165 430 1247 458 rem
1284 417 1441 472 exposui
1483 426 1545 460 aut
1576 419 1709 462 saltem

214 481 300 523 aliis
332 483 565 525 enodandam
595 483 786 542 proposui.
846 483 1010 527 maxime
1043 483 1243 526 barbarica
1278 499 1341 526 me
1375 496 1604 530 vexaverunt
1641 503 1707 530 vo-

211 550 368 602 cabula,
411 567 567 609 quorum
600 569 777 612 magnam
810 553 958 611 copiam
991 552 1112 596 lector
1146 552 1331 603 inveniet,
1371 554 1504 610 partim
1532 556 1707 615 hybrida-

212 635 293 662 rum
327 636 372 663 ac
406 622 721 680 μιξοβαρβάρων
751 631 813 666 aut
855 623 908 678 (si
927 622 980 666 ita
1001 622 1092 666 velit
1116 622 1269 679 aliquis)
1303 621 1574 680 μιξελλήνων,
1621 641 1707 683 par-

210 689 277 732 tim
322 705 474 747 prorsus
521 700 560 734 et
604 693 703 749 apud
751 691 907 735 Latinos
957 700 995 735 et
1044 691 1141 749 apud
1191 691 1362 735 Graecos
1406 693 1707 752 peregrinorum.

211 774 367 816 quorum
411 761 488 803 alia
520 774 645 803 rerum
682 769 786 813 sunt,
838 769 877 804 ut
913 759 1234 818 scaramangiam,
1287 761 1448 812 tuldum,
1504 764 1707 820 eumparia‚

209 827 445 881 barducium,
486 830 610 881 laesa,
652 839 690 873 et
723 830 800 873 alia
826 830 953 887 plura;
996 829 1073 873 alia
1102 829 1309 872 officiorum
1343 830 1630 888 appellatioue8‚
1670 843 1708 875 ut

212 897 375 956 barangi
394 933 405 950 ,
447 899 753 957 protovestiarius
771 934 783 950 ,
824 898 1023 957 logotheta
1058 897 1208 949 dromi,
1249 899 1443 942 caniclium
1459 934 1471 950 ,
1511 909 1707 958 protospa-

211 967 377 1019 tharius,
418 969 658 1027 drungariuS‚
699 983 856 1013 amores,
901 967 1068 1026 reperiet
1101 967 1213 1010 etiam
1246 968 1358 1010 multa
1394 969 1528 1013 Latina
1558 970 1708 1012 Graeco

212 1036 342 1079 habitu
376 1038 523 1090 velata,
562 1038 816 1096 κινστὲρναν,
854 1037 1067 1094 σκάμνον,
1104 1035 1273 1094 asyam,
1317 1036 1522 1090 silentium,
1558 1053 1707 1080 asecre-

213 1106 289 1158 tia,
329 1107 481 1159 scalam,
519 1111 724 1164 κοῦρσον,
761 1114 941 1150 sexcenta
974 1105 1062 1148 alia.
1121 1104 1159 1147 in
1194 1104 1325 1162 quibus
1369 1106 1707 1151 animadvertendis

212 1184 251 1218 et
284 1177 474 1220 vertendis
507 1193 616 1235 quam
650 1176 782 1219 fuerim
818 1177 932 1227 felix,
973 1171 1121 1217 nescio:
1178 1174 1230 1217 fui
1268 1182 1372 1218 certe
1403 1175 1561 1218 moleste
1597 1191 1707 1219 occu-

211 1253 329 1302 patus,
389 1246 489 1303 quod
521 1248 570 1290 ad
603 1247 860 1289 annotationes
891 1259 997 1287 meas
1030 1242 1179 1294 attinet,
1221 1252 1391 1300 poteram
1427 1259 1494 1287 eas
1527 1246 1706 1288 extende·

211 1329 256 1356 re
295 1322 333 1356 et
372 1315 601 1372 amplificare
643 1316 868 1359 indicatione
910 1322 948 1356 et
981 1312 1260 1369 comparatione
1304 1327 1433 1354 eorum
1473 1328 1570 1369 quae
1608 1314 1707 1371 apud

208 1383 304 1426 alios
337 1384 538 1441 scriptores
571 1385 706 1427 iisdem
744 1385 793 1426 de
828 1383 941 1424 rebus
967 1381 1171 1428 habentur;
1223 1379 1321 1435 quod
1363 1380 1504 1437 ignavo
1540 1381 1708 1424 fortassis

206 1462 270 1496 aut
303 1453 482 1496 librorum
514 1454 625 1512 copia
660 1452 833 1496 destituto
865 1449 1000 1493 lectori
1037 1447 1168 1491 suisset
1209 1461 1285 1488 non
1319 1446 1517 1504 ingratum.
1575 1464 1706 1493 verum

208 1537 286 1580 ego
322 1522 498 1565 brevitati
530 1521 674 1572 studui;
725 1529 764 1564 et
797 1535 878 1562 cum
911 1526 1104 1576 postremo
1142 1530 1208 1558 eas
1241 1514 1484 1573 relegerem,
1538 1520 1707 1574 permul-

206 1600 245 1635 ta
277 1591 464 1648 amputavi
505 1606 602 1648 quae
635 1591 712 1633 alio
749 1590 834 1632 loco
868 1586 1096 1631 commodius
1126 1599 1188 1627 me
1206 1593 1483 1642 persecuturum
1516 1585 1705 1639 videbam,

206 1676 289 1703 cum
319 1661 382 1703 hic
417 1660 481 1703 vel
514 1660 669 1703 brevius
688 1675 798 1717 quam
830 1665 868 1700 ut
888 1656 978 1698 satis
998 1654 1296 1712 intelligerentur
1327 1654 1495 1696 indicare
1520 1669 1569 1698 ea
1594 1671 1705 1714 opor·

207 1737 324 1781 teret,
368 1729 433 1773 vel
466 1730 748 1772 commentando
787 1736 895 1770 extra
926 1726 1020 1768 fines
1055 1723 1256 1766 annotandi
1290 1723 1486 1781 progredi.
1545 1725 1615 1767 has
1641 1741 1705 1769 au·

206 1807 283 1842 tem
316 1799 417 1856 ipsas
448 1790 707 1842 annotationes
742 1796 877 1840 lectori
911 1810 1090 1854 magnum
1125 1803 1349 1836 momentum
1371 1793 1547 1836 allaturas
1580 1796 1629 1837 ad
1650 1797 1703 1838 iu-

208 1869 454 1926 telligendum
489 1869 722 1919 Cedrenum,
762 1875 825 1910 aut
853 1866 988 1909 saltem
1008 1863 1190 1922 quaedam
1212 1862 1426 1921 diligentius
1458 1865 1702 1915 scrutandum,

210 1938 372 1982 confido.
429 1938 523 1981 mihi
556 1938 705 1996 quidem
737 1935 948 1981 incredibili
980 1934 1123 1976 labore«
1150 1932 1400 1975 constiterunt.
1469 1941 1626 1989 ponetur
1667 1933 1704 1975 in

210 2007 315 2050 lucro
348 2022 371 2050 a
403 2009 545 2066 gratis,
599 2008 632 2051 si
671 2007 720 2050 ad
756 2007 852 2050 alios
886 2018 1032 2063 quoque
1069 2001 1335 2059 intelligendos
1375 2000 1577 2058 scriptores
1615 2001 1705 2043 inde

211 2076 352 2134 aliquid
382 2086 552 2134 poterunt
583 2084 716 2134 petere
752 2074 972 2126 adiumenti;
1013 2072 1112 2131 quod
1147 2085 1224 2128 ego
1258 2085 1370 2127 spero
1406 2069 1500 2112 fore·
1560 2070 1703 2112 numeri

211 2160 339 2190 eorum
377 2148 540 2190 numeris
573 2145 734 2204 margini
753 2144 990 2188 Cedreniano
1026 2140 1207 2199 appositis
1232 2138 1477 2195 respondent;
1512 2137 1583 2179 nisi
1604 2137 1702 2195 quod

212 2230 330 2273 saepe
364 2216 470 2273 plura
507 2216 616 2258 unico
651 2230 791 2264 sumus
813 2211 1001 2271 complexi
1035 2211 1132 2254 loca.
1190 2209 1239 2251 ad
1273 2208 1386 2250 finem
1413 2207 1558 2250 tabulas
1591 2207 1700 2249 chro-

212 2284 432 2343 nologicas'¹
428 2285 619 2340 '·')adieci,
652 2283 873 2352 iampridem
907 2297 974 2325 eas
1013 2296 1038 2329 a
1072 2293 1134 2322 me
1171 2277 1418 2334 compositam,
1461 2285 1499 2319 et
1531 2291 1615 2326 cum
1651 2275 1702 2318 ad

210 2351 287 2394 alia
333 2361 413 2396 tum
441 2355 491 2399 ad
537 2353 860 2411 συγχρονισμονς
896 2357 1068 2430 prompte
1116 2345 1361 2390 inveniendos
1408 2359 1455 2387 ac
1505 2344 1702 2388 intervalla

210 2428 414 2477 temporum
448 2424 679 2481 supputanda
712 2423 835 2466 utiles.
901 2422 940 2464 in
973 2420 1036 2463 his
1070 2417 1154 2460 fere
1188 2431 1268 2458 sum
1300 2413 1507 2459 Funckium
1541 2421 1699 2463 secutus,

211 2504 418 2546 quanquam
452 2492 534 2550 ipse
569 2507 715 2550 quoque
758 2492 807 2536 de
843 2489 1059 2549 quibusdam
1096 2486 1195 2544 quod
1230 2497 1403 2527 moneam
1447 2491 1486 2525 et
1517 2483 1700 2539 disputem

211 2557 345 2601 videor
379 2559 471 2601 mihi
504 2562 671 2613 habere;
720 2560 819 2619 quod
851 2559 971 2617 ipsum
1013 2556 1124 2614 quale
1161 2556 1230 2607 sit,
1270 2555 1348 2599 alio
1379 2553 1492 2603 loco,
1531 2551 1565 2593 si
1607 2551 1700 2592 deus

209 2626 330 2677 volet,
370 2628 591 2685 proferetur.
650 2631 818 2675 Graecus
853 2628 976 2672 codex
1010 2626 1131 2670 editur
1165 2622 1450 2684 diligentissime
1489 2626 1528 2663 et
1559 2634 1702 2662 summa

304 2788 341 2834 *)
377 2789 465 2826 haec
495 2791 724 2840 chronologia
757 2793 842 2842 quia
865 2791 1022 2829 virorum
1050 2788 1234 2827 doctorum
1258 2784 1392 2823 iudicio
1420 2794 1491 2821 non
1523 2780 1611 2819 satis
1635 2791 1696 2818 ac-

211 2849 333 2884 curata
356 2852 423 2896 est,
444 2849 483 2886 in
503 2850 572 2887 hac
592 2851 750 2889 editione
765 2850 1016 2901 praetermissa
1030 2853 1100 2886 cst.
1158 2849 1282 2884 Fun.
