1742 3184
194 155 260 202 22
415 111 417 113 ’
440 124 442 126 ’
475 125 479 130 ’
672 147 912 197 GEORGu
945 145 1193 194 GEDRENI

194 265 300 327 ἦσαν
322 269 368 314 δὲ
397 267 451 313 τὰ
478 266 611 311 πάντα
631 272 713 312 τῶν
739 261 1064 321 οῗκοδομούντων
1087 261 1189 319 ἔθνη
1215 257 1519 317 ἑβδομήκοντα,
1554 274 1673 317 φωνη

195 340 242 386 δὲ
260 340 399 390 αὗτοΐς
419 343 541 382 πᾶσιν
564 335 720 396 ὑπῆρχε
740 337 830 393 μία.
899 334 1080 391 Νεβρὼδ
1103 333 1147 376 δὲ
1169 333 1308 382 αὐτοῖς
1331 329 1352 375 ὃ
1379 330 1515 387 γίγας,
1552 325 1575 371 ὅ
1598 331 1672 372 τοῦ

193 412 406 460 Αἰθίοπος
424 410 541 459 Χοῦς
561 406 650 459 υἱός
658 440 671 460 ,
703 410 759 458 εἷς
772 409 929 464 βρῶσιν
949 401 1131 461 ἀγρεύων
1148 400 1330 460 ἐχορήγει
1356 402 1453 459 ζῷα.
1489 397 1510 441 ὅ
1531 398 1577 441 δὲ
1597 401 1672 441 τοῦ

139 489 172 527 D
196 478 314 523 Σάλα
341 478 430 530 υἱὸς
449 477 579 535 ’Ἔβερ
616 478 879 534 ἐγκεχείριστο
909 474 984 529 τὴν
1012 472 1234 529 οἰκοδομὴν
1259 471 1336 515 ἔτει
1363 468 1415 527 γ’.
1485 467 1571 513 εἶτα
1591 471 1674 511 τῶν

193 553 388 607 γλωσσῶν
411 549 697 605 συγχυθέντων
721 545 800 589 ὑπὸ
823 549 896 589 τοῦ
913 548 1018 587 θεοῦ
1045 545 1113 586 καὶ
1140 541 1302 586 πάντων
1327 538 1708 598 διασκορπισθέν-5

192 637 288 672 των,
323 618 447 669 αὐτὸς
472 616 691 675 ὂΝεβρὼδ
717 617 800 660 ε’κεῖ
826 611 995 672 κατῴκει
1025 613 1084 668 μὴ
1113 610 1386 671 ἀφιστάμενος
1407 614 1482 653 τοῦ
1501 607 1675 667 πύργου,

193 692 362 747 μερικοῦ
379 687 486 739 τινὸς
504 686 692 743 πλήθους
709 683 960 742 βασιλεύων·
997 683 1067 742 ἐφ’
1091 681 1137 725 ὃν
1161 681 1181 726 ὃ
1204 680 1357 739 πύργος
1377 680 1512 738 ἀνέμῳ
1535 679 1676 737 βιαίῳ,

195 757 252 810 ὥς
271 758 481 815 ἱστοροῦσί
494 774 596 809 τινες
615 758 681 800 καὶ
703 755 825 806 αὐτὸς
838 752 1057 809 Ἰώσηπος,
1093 751 1334 796 καταπεσὼν
1355 751 1584 807 συνετρίβη,
1609 749 1678 791 καὶ

193 829 292 888 θεία
313 829 440 885 κρίσει
463 831 607 870 τοῦτον
635 824 844 877 ἐπάταξεν.
914 823 1018 879 αὕτη
1040 820 1182 880 πρώτη
1203 821 1392 877 βασιλεία
1413 821 1476 863 ἐπὶ
1499 823 1572 875 τῆς
1590 822 1677 876 γῆς,

195 897 276 956 ἀφ’
301 891 350 940 οὗ
371 894 559 953 ἐπλάσθη
584 893 769 951 ὅἈδάμ,
804 894 983 952 γὲγονεν·
1020 893 1059 936 οἳ
1082 894 1127 936 δὲ
1146 893 1326 949 λέγοντες
1344 891 1411 933 καὶ
1434 888 1539 932 ἄλλα
1561 905 1678 946 γεγο-
1690 901 1735 938 10

193 967 302 1010 νέναί
321 964 560 1022 ψεύδονται.
630 968 673 1009 ἐκ
693 963 838 1010 τούτου
866 967 1054 1021 γεννᾶται
1077 961 1252 1019 Ἀσσούρ
1263 994 1275 1014 ,
1311 960 1357 1013 ὃς
1377 961 1590 1014 οἰκοδομεῖ
1604 958 1681 1014 τὴν

193 1038 336 1081 Νινευὶ
356 1038 423 1080 καὶ
444 1036 518 1092 τὴν
540 1034 710 1092 Ῥοβώθ
735 1037 804 1078 καὶ
824 1034 898 1089 τὴν
920 1034 1076 1088 Χαλὰχ
1099 1033 1174 1084 τὰς
1193 1030 1343 1083 πόλεις.
1414 1033 1480 1073 καὶ
1503 1026 1682 1088 φανερόν

195 1106 304 1149 ἐστιν
325 1104 386 1149 ὅτι
407 1106 511 1161 μετὰ
531 1104 598 1161 χλ’
627 1105 694 1162 ἔτη
717 1108 792 1149 τοῦ
809 1107 1102 1158 κατακλυσμοῦ
1121 1103 1279 1159 γε’γονεν
1297 1100 1323 1158 ἦ
1342 1099 1447 1159 ἀρχὴ
1464 1104 1538 1155 τῆς
1558 1104 1684 1154 βασι-

44 1178 71 1213 Ρ
96 1180 172 1217 nb
197 1177 306 1227 λείας
323 1176 548 1219 Χαλδαίων
567 1174 657 1231 ἤτοι
677 1175 955 1230 Βαβυλωνίων
976 1174 1046 1216 διὰ
1067 1171 1259 1230 Νεβρώδ.
1291 1173 1394 1231 φασὶ
1419 1170 1464 1213 δὲ
1482 1169 1543 1213 ὅτι
1558 1167 1684 1224 μόνος

196 1244 218 1290 ὃ
239 1244 370 1304 ’Ἔβερ
392 1244 413 1288 ὃ
436 1250 510 1289 τοῦ
535 1244 674 1290 Φάλεκ
697 1244 832 1302 πατὴρ
856 1244 904 1287 οὔ
936 1243 1132 1286 συνέθετο
1163 1246 1215 1300 τῇ
1246 1240 1389 1298 πράξει
1423 1244 1497 1296 τῆς
1525 1255 1682 1296 πυργο-
1696 1250 1740 1289 15

195 1316 350 1367 ποιίας·
388 1315 452 1359 διὸ
475 1317 543 1358 καὶ
563 1319 637 1371 τῆς
658 1319 740 1358 τῶν
768 1313 904 1356 ἄλλων
937 1317 1077 1371 φωνῆς
1105 1312 1375 1368 συγχεθείσης
1403 1307 1430 1365 ἦ
1458 1314 1532 1354 τοῦ
1551 1308 1684 1367 ’Έβερ

196 1385 271 1429 οὐκ
292 1382 489 1428 ἀπώλετο.
560 1385 662 1441 αὕτη
693 1384 739 1427 δὲ
759 1384 867 1427 ἐστὶν
888 1376 915 1440 ᾗ
935 1383 1003 1425 καὶ
1024 1381 1158 1436 Ἀδὰμ
1187 1379 1344 1424 ἐλάλει·
1380 1382 1447 1423 καὶ
1467 1377 1620 1435 ταύτην
1646 1378 1686 1422 οἱ

194 1458 339 1498 τοῦτον
370 1451 653 1510 διαδεξάμενοι
682 1451 876 1510 ἀπόγονοι
906 1455 1230 1509 πατρωνυμικιῦς
1259 1448 1433 1500 ἑαυτοὺς
1458 1447 1687 1507 Ἐβραίους

193 1522 529 1583 προσηγόρευσαν
549 1525 618 1567 καὶ
632 1522 846 1581 εΕβροίΐδσ,
865 1521 940 1576 τὴν
964 1520 1104 1578 φωνὴν
1126 1519 1334 1564 ἐκάλεσαν.
1401 1518 1621 1577 τεκμήριον
1643 1519 1688 1562 δὲ

195 1592 350 1650 ταύτην
372 1592 473 1636 εἶναι
497 1592 572 1649 τὴν
594 1592 674 1650 πρὸ
699 1597 772 1647 τῆς
792 1588 1027 1648 συγχύσεως
1044 1590 1185 1648 φωνὴν
1206 1591 1259 1633 τὰ
1279 1594 1360 1634 τῶν
1383 1593 1570 1632 παλαιῶν
1593 1586 1742 1637 dmi-20

196 1677 331 1718 ματα·
369 1663 439 1722 ἐφ’
470 1656 527 1706 ὧν
549 1663 629 1721 γὰρ
659 1661 753 1706 κατ’
782 1662 976 1716 οὐδεμίαν
1007 1663 1199 1717 γλῶσσαν
1220 1659 1304 1704 ἔστι
1324 1659 1370 1703 τὸ
1390 1658 1688 1716 σημαινόμενον

197 1730 488 1785 ἐπιλύσασθαι,
524 1733 617 1776 κατ’
644 1727 771 1787 αὐτὴν
789 1730 835 1775 τὸ
860 1728 1102 1786 ζητούμενον
1129 1728 1416 1789 ἑρμηνεύεται·
1454 1727 1541 1773 οἷον
1555 1729 1689 1785 Ἀδὰμ

200 1802 304 1847 καθ’
329 1800 469 1861 ἑτέραν
489 1802 565 1858 μὲν
586 1802 779 1860 οὐδεμίαν
797 1800 939 1860 φωνὴν
957 1801 1013 1864 τὸ,
1024 1800 1273 1857 δηλούμενον
1294 1798 1540 1860 εὑρίσκεται,
1582 1799 1699 1850 κατὰ

199 1979 272 2014 iam
297 1978 476 2015 Euechius
510 1991 637 2016 nomen
662 1978 744 2016 fuit.
799 1978 860 2026 qui
885 1979 1020 2014 -turrim
1054 1977 1354 2022 aedificaverunt,
1387 1989 1432 2012 ex
1464 1977 1693 2024 septuaginta

202 2025 344 2061 omnino
375 2026 579 2063 nationibus
607 2028 754 2062 fuerunt
782 2026 943 2062 collecti:
978 2037 1099 2061 omnes
1128 2031 1244 2060 autem
1278 2025 1401 2060 eodem
1424 2025 1586 2060 sermone
1610 2031 1694 2060 ute-

200 2073 344 2109 bantur.
392 2073 519 2119 quibus
541 2074 741 2109 Nemrodus
764 2073 887 2120 gigas,
913 2073 1026 2108 Chusi
1048 2072 1235 2119 Aethiopis
1258 2072 1371 2116 filius,
1397 2072 1434 2106 in
1454 2072 1570 2107 cibum
1595 2073 1692 2107 feras

199 2119 364 2155 venando
399 2120 664 2168 suppeditabat.
713 2127 869 2156 ceterum
893 2121 1035 2155 Eberus
1060 2120 1144 2154 Sale
1167 2119 1261 2154 filius
1284 2119 1527 2154 aedificationi
1549 2120 1692 2166 praefe-

200 2171 280 2201 ctus
300 2165 371 2201 fuit
393 2178 485 2202 anno
507 2167 759 2203 termillesimo.
808 2172 933 2214 postea
956 2178 1034 2203 cum
1057 2168 1145 2202 deus
1170 2178 1365 2201 sermonem
1387 2166 1608 2202 confudisset
1625 2167 1692 2201 ho-

201 2213 385 2259 minesque
408 2214 572 2262 dissipati
597 2220 738 2260 essent,
762 2214 843 2261 ipse
866 2214 1066 2249 Nemrodus
1090 2213 1141 2248 ibi
1165 2213 1358 2259 habitavit,
1383 2225 1405 2248 a
1427 2213 1519 2249 turri
1543 2226 1614 2249 non
1639 2214 1696 2248 di-

205 2272 368 2306 gressus,
400 2273 442 2296 ac
460 2261 697 2308 multitudini,
723 2273 814 2306 quae
836 2260 968 2307 prioris
993 2261 1096 2296 istius
1121 2273 1202 2306 pars
1229 2260 1346 2307 aliqua
1370 2266 1466 2306 erat,
1490 2261 1694 2317 imperavit.

204 2307 313 2342 turris
338 2307 377 2342 vi
399 2308 512 2354 venti,
540 2314 579 2344 ut
597 2321 674 2343 cum
699 2308 761 2343 alii
783 2313 856 2343 tum
877 2308 956 2355 ipse
980 2308 1085 2343 etiam
1109 2308 1282 2354 Iosephus
1307 2313 1465 2354 narrant,
1489 2309 1630 2343 deiecta
1653 2320 1696 2342 ac

206 2353 417 2390 comminuta
446 2355 568 2390 divino
600 2356 731 2391 iudicio
756 2356 973 2390 Nemrodum
1007 2355 1197 2402 percussit.
1245 2355 1283 2390 id
1310 2355 1457 2402 primum
1488 2356 1533 2390 ab
1560 2355 1696 2390 Adamo

207 2400 348 2435 condito
371 2413 518 2447 regnum
542 2403 580 2438 in
603 2409 701 2438 terra
723 2402 814 2446 fuit3
850 2414 892 2437 ac
922 2403 1140 2437 mentiuntur
1170 2402 1232 2447 qui
1262 2401 1362 2448 plura
1385 2402 1498 2437 fuisse
1520 2403 1697 2438 referunt.

207 2446 386 2482 Nemrodo
413 2450 525 2484 Assur
547 2450 688 2495 genitus
708 2454 782 2495 est,
808 2449 869 2495 qui
891 2449 1050 2484 Niniven
1075 2449 1272 2484 Rhobotam
1298 2454 1336 2484 et
1353 2449 1567 2484 Chalacham
1590 2451 1699 2483 urbes

210 2491 383 2529 condidit.
408 2496 630 2532 manifestum
647 2508 735 2532 vero
761 2501 818 2531 est
839 2495 942 2531 annis
966 2507 987 2531 a
1008 2496 1142 2531 diluvio
1167 2497 1234 2532 630
1258 2507 1279 2531 a
1298 2497 1481 2531 Nemrodo
1498 2495 1699 2531 Chaldaeo-

210 2549 288 2574 rum
311 2540 390 2575 sive
413 2542 686 2587 Babyloniorum
714 2555 864 2589 regnum
883 2542 1083 2578 institutum
1105 2543 1230 2578 fuisse.
1279 2543 1380 2579 aiunt
1401 2542 1510 2578 solum
1530 2543 1700 2588 Eberum,

211 2584 357 2622 Phaleci
381 2594 535 2635 patrem,
574 2590 612 2625 in
635 2589 932 2626 substructionem
956 2591 1065 2625 turris
1088 2602 1158 2625 non
1180 2590 1422 2626 consensisse:
1447 2589 1570 2635 itaque
1595 2590 1700 2625 etiam

212 2631 426 2678 reliquorum
448 2635 577 2681 linguis
601 2638 756 2672 confusis
780 2636 894 2672 Eberi
917 2648 1033 2672 sermo
1060 2637 1200 2684 integer
1227 2638 1435 2684 permansit.
1485 2649 1529 2672 ea
1553 2642 1608 2672 est
1630 2636 1702 2671 lin-

212 2690 284 2724 gua
306 2691 376 2725 qua
393 2681 543 2717 Adamus
566 2694 649 2719 usus
674 2685 763 2727 fuit3
790 2688 827 2719 et
845 2685 889 2719 ab
912 2684 979 2719 hoc
1002 2685 1139 2730 posteri
1161 2685 1275 2720 Eberi
1297 2696 1336 2720 se
1359 2683 1541 2730 gentilicio
1561 2684 1703 2719 nomine

212 2725 376 2761 Ebraeos
401 2739 442 2762 ac
463 2728 616 2775 linguam
640 2731 829 2766 Ebraicam
852 2730 1136 2768 nominaverunt.
1183 2732 1298 2767 fuisse
1324 2731 1416 2767 hanc
1439 2731 1593 2776 linguam
1618 2735 1702 2765 ante

214 2772 456 2808 confusionem
478 2781 576 2811 certo
601 2777 758 2813 indicant
781 2782 942 2814 veterum
966 2778 1125 2824 nomina,
1161 2790 1254 2825 quae
1285 2779 1371 2825 quid
1395 2778 1600 2824 significent
1622 2789 1702 2812 cum

211 2817 313 2874 nulla·
328 2819 396 2855 alia
413 2819 532 2867 lingua
548 2823 718 2869 explicari
731 2825 859 2871 possit,
878 2825 1037 2861 Ebraice
1048 2824 1170 2871 lingua
1185 2826 1514 2871 interpretationem
1526 2824 1702 2870 suggerit.

212 2866 316 2902 verbi
334 2867 460 2915 gratia,
479 2868 631 2906 Adamus
643 2870 736 2907 nullo
752 2872 821 2909 alio
833 2883 997 2910 sermone
1008 2872 1207 2922 quicquam,
1230 2872 1388 2910 Ebraica
1399 2876 1515 2909 autem
1526 2871 1702 2909 hominem
