1742 3184
80 923 107 957 P
131 923 198 959 251
222 915 313 958 σίου
344 915 561 971 γενομένης
587 915 680 972 περὶ
710 912 882 967 τούτου,
928 912 1050 956 πάλιν
1071 914 1303 969 ἐβαπτίσθη
1325 912 1383 955 δι’
1405 910 1569 962 ὕδατος.

218 169 322 220 440
543 218 546 221 Α
659 204 662 206 v
701 172 949 219 GEORGII
984 171 1231 221 CEDRENI

217 296 397 343 στιανοΐς
418 290 525 334 κατὰ
544 291 619 346 τὴν
640 287 790 348 ἔρημον
813 290 881 332 καὶ
903 287 1114 349 ἀρρωστίᾳ
1134 289 1347 345 συσχεθεὶς
1365 284 1592 346 βαρυτάτῃ,
1619 305 1703 331 κιν-

220 359 399 404 δυνεύειν
427 359 508 416 ἤδη
535 361 716 414 μέλλων,
769 356 989 416 παρεκάλει
1016 357 1113 409 τοὺς
1135 357 1413 416 Χριστιανοὺς
1440 358 1616 414 ἕνορκῶν
1649 359 1705 407 εἷς

219 429 265 472 τὸ
296 435 369 473 τοῦ
398 434 503 473 θεοῦ
532 429 662 484 ὄνομα
690 429 888 482 βαπτίσαι
917 424 1055 471 αὐτόν.
1124 426 1275 478 ὕδατος
1302 427 1347 470 δὲ
1373 426 1433 482 μὴ
1465 425 1581 477 ὄντος
1602 423 1705 481 μήτε

218 499 357 556 ἱερέως
374 504 455 542 τῶν
472 501 736 557 Χριστιανῶν
756 495 1050 540 ἆποὸυσάντων
1071 495 1206 549 αὐτόν,
1251 493 1309 546 εἷς
1330 497 1373 548 ἒξ
1392 495 1527 539 αὐτῶν
1548 493 1706 550 πλήσας

219 569 294 620 τὰς
316 575 460 626 χεῖρας
485 566 664 623 ψάμμου
697 567 740 609 ἔκ
771 568 910 623 τρίτου
944 567 1194 622 ε’πέχεεν,ἕπὶ
1222 565 1297 622 τὴν
1327 562 1535 622 κεφαλήν,
1570 565 1739 622 τρίτον5

221 638 346 694 λέγων
383 635 649 692 αβαπτίζεται
682 634 900 695 Θεόδωρος
929 638 985 687 εἷς
1010 636 1057 679 τὸ
1087 635 1217 691 ὄνομα
1247 639 1321 679 τοῦ
1352 634 1508 692 πατρὸς
1536 636 1605 676 καὶ
1632 638 1705 677 τοῦ

220 707 314 749 υἱοῦ
339 708 406 749 καὶ
432 711 506 749 τοῦ
539 704 657 762 ἁγίου
689 703 965 759 πνεύματος.”
1037 707 1106 748 καὶ
1133 702 1389 763 παραχρῆμα
1413 701 1657 762 ἄνερρώσθη
1683 700 1705 746 ὃ

221 775 466 833 ἄνθρωπος,
501 776 657 819 τελείαν
676 774 916 831 ἀπαλλαγὴν
942 779 1017 830 τῆς
1045 773 1168 818 νόσου
1198 771 1430 832 εὑράμενος.
1499 770 1707 816 ἐλθόντων

221 846 267 888 de*
289 845 424 888 αὐτῶν
441 846 483 887 ἓν
493 845 775 904 Ἀλεξανδρείᾳ
786 876 799 896 ,
827 845 895 887 καὶ
914 842 1170 900 συζητήσεως
1190 843 1305 901 παρὰ
1323 846 1399 886 τοῦ
1417 840 1533 886 πάπα
1552 842 1707 885 Διονυ-

1637 911 1708 954 τὸν
1719 919 1742 955 κ

223 985 269 1027 δὲ
288 985 626 1042 προβαπτίσαντα
649 982 773 1026 αὐτὸν
795 983 866 1026 διὰ
884 987 958 1038 τῆς
978 981 1173 1038 ψάμμου,
1203 981 1317 1035 ἄξιον
1334 979 1584 1039 ὑπάρχοντα,
1615 978 1709 1023 διά-

222 1070 340 1096 κονον
378 1050 724 1111 ἓχειροτονήσατο.
793 1054 861 1095 καὶ
901 1051 1085 1103 εἰκότως·
1141 1050 1163 1094 ὃ
1207 1052 1287 1110 γὰρ
1321 1051 1448 1107 μέγας
1482 1052 1524 1092 Γ
1521 1047 1710 1107 ρηγόριος

223 1123 508 1180 ἀπαρίθμησιν
526 1120 799 1177 ποιησάμενος
819 1125 900 1164 τῶν
919 1126 1164 1177 βαπτισμῶν
1184 1119 1315 1172 οὕτως
1336 1120 1460 1178 φησίν
1487 1118 1708 1174 ε(ἐβάπτισε

222 1194 416 1247 Μωϋσῆς
431 1193 473 1234 ἐν
492 1190 635 1243 ὕδατι,
671 1192 740 1234 καὶ
761 1190 841 1248 πρὸ
862 1189 1008 1234 τούτου
1031 1192 1073 1233 ἓν
1097 1190 1245 1249 νεφέλῃ
1266 1191 1333 1233 καὶ
1351 1186 1564 1247 θαλάσσῃ.
1608 1186 1709 1243 ἐβά-

223 1277 339 1304 πτισε
371 1263 440 1303 καὶ
459 1259 669 1315 Ἰωάννης,
706 1259 838 1302 οὐκέτι
867 1261 941 1314 μὲν
968 1260 1223 1311 Ἰουδαϊκῶς·
1259 1259 1306 1302 οὗ
1326 1258 1405 1317 γὰρ
1426 1259 1468 1301 ἕν
1487 1257 1610 1302 ’ὕδατι
1627 1257 1707 1313 μό-

223 1348 306 1384 νον,
343 1329 450 1372 ἀλλὰ
473 1331 542 1372 καὶ
561 1331 618 1380 εἷς
635 1328 865 1384 μετάνοιαν.
933 1331 1117 1383 βαπτίζει
1133 1331 1201 1372 καὶ
1214 1329 1371 1384 Ἰησοῦς
1377 1360 1391 1380 ,
1421 1327 1507 1370 ἀλλ’
1531 1329 1572 1371 ἒν
1588 1326 1710 1370 πνεύ-

221 1413 346 1454 ματι·
382 1403 503 1443 τοῦτο
532 1397 558 1454 ἡ
589 1396 802 1454 τελειότης.
873 1396 967 1441 οἶδα
988 1401 1055 1440 καὶ
1079 1400 1272 1456 τέταρτον
1293 1396 1533 1453 βάπτισμα,
1568 1397 1615 1440 τὸ
1641 1397 1710 1440 διὰ

221 1469 450 1527 μαρτυρίου
485 1470 553 1511 καὶ
587 1471 773 1522 αἵματος.
845 1465 938 1510 οἶδα
970 1469 1036 1510 καὶ
1069 1468 1275 1522 πέμπτον,
1310 1466 1357 1511 τὸ
1387 1471 1468 1509 τῶν
1507 1465 1710 1524 δακρύων.

223 1537 370 1580 οὐκοῦν
389 1538 458 1580 διὰ
474 1537 521 1580 τὸ
542 1537 764 1593 μηδέτερον
782 1534 938 1580 τούτων
960 1535 1060 1579 εἶναι
1081 1538 1246 1587 δικαίως
1267 1535 1315 1581 οὗ
1333 1535 1607 1593 παρεδέχθη.”
1645 1537 1710 1579 ἐπὶ

222 1605 369 1650 τούτου
390 1608 457 1649 καὶ
471 1606 694 1657 Ὄππιανὸς
712 1606 786 1661 τὴν
807 1603 1035 1661 ἆλιευτικὴν
1055 1605 1355 1664 συνεγράψατο.
1391 1598 1510 1655 οὗτος
1532 1602 1553 1647 ὃ
1574 1603 1708 1663 Μάρ-

169 1687 199 1722 Β
223 1692 294 1726 κος
323 1674 536 1732 πάνσοφος
552 1670 615 1730 ’ἦν
643 1677 711 1717 καὶ
739 1673 948 1732 ἐνάρετος,
983 1676 1051 1717 καὶ
1072 1675 1147 1730 τὴν
1162 1672 1321 1730 Ῥώμην
1342 1675 1386 1717 ἐκ
1407 1677 1569 1717 πολλῶν
1587 1674 1710 1717 πολέ-

223 1762 313 1799 μων
335 1741 643 1798 ὃιασωσάμενος
662 1742 862 1799 ἠγαπήθη
885 1741 1050 1801 σφόδρα
1068 1741 1148 1786 ὑπὸ
1169 1748 1250 1787 τῶν
1269 1747 1456 1787 πολιτῶν.
1527 1742 1709 1787 ἀπέθανε

227 1813 272 1856 δὲ
304 1815 613 1871 φαρμακευθεὶς
630 1811 710 1855 ὑπὸ
730 1810 926 1867 Κομόὸου
956 1816 1030 1855 τοῦ
1057 1813 1162 1855 ἰδίου
1189 1813 1293 1856 υἱοῦ.
1362 1812 1436 1869 τὴν
1466 1813 1510 1856 δὲ
1543 1811 1708 1869 μνήμην

226 2038 384 2073 morbum
410 2036 554 2083 delapso
580 2037 650 2073 iam
674 2037 772 2073 vitae
801 2037 989 2073 discrimen
1021 2038 1261 2086 impenderet,
1296 2037 1520 2073 Christianos
1552 2049 1618 2084 per
1649 2037 1710 2073 dei

225 2096 354 2121 nomen
376 2085 572 2119 obtestatus
597 2089 652 2119 est
675 2083 728 2119 uti
750 2096 789 2119 se
810 2084 1047 2130 baptizarent.
1095 2097 1172 2120 cum
1202 2097 1289 2121 vero
1314 2096 1429 2131 neque
1451 2096 1544 2130 aqua
1566 2085 1611 2120 ad
1634 2096 1708 2120 ma-

225 2142 307 2165 num
331 2136 428 2165 esset
450 2141 566 2176 neque
590 2131 757 2165 sacerdos
781 2130 1024 2177 Christianus,
1058 2132 1217 2167 vestibus
1247 2131 1421 2166 hominem
1443 2132 1638 2175 nudarunt,
1673 2136 1711 2167 et

223 2177 383 2222 ipsorum
418 2177 559 2221 quidam
593 2176 753 2212 manibus
785 2189 926 2212 arenam
958 2179 1115 2213 haustam
1147 2178 1291 2214 tertium
1317 2178 1393 2213 eius
1425 2177 1535 2223 capiti
1566 2178 1709 2223 infudit,

223 2223 368 2258 tertium
393 2223 514 2258 dicens
540 2219 771 2270 “baptizatur
794 2223 1006 2259 Theodorus
1030 2225 1067 2259 in
1092 2225 1233 2260 nomine
1255 2224 1368 2271 patris
1393 2229 1430 2259 et
1451 2223 1517 2259 filii
1539 2229 1576 2258 et
1600 2224 1710 2270 spiri-

225 2274 284 2304 tus
306 2265 458 2304 sancti-’⁵
506 2274 613 2315 atque
627 2269 694 2316 ille
716 2270 879 2305 Ebraeus
902 2271 1113 2317 simulatque
1136 2272 1188 2306 ita
1210 2271 1410 2317 baptizatus
1432 2275 1499 2314 est,
1523 2270 1711 2305 confestim

225 2317 348 2351 morbo
378 2327 443 2350 suo
476 2328 621 2362 prorsus
653 2320 708 2351 est
738 2316 922 2351 liberatus.
971 2323 1156 2363 postquam
1179 2318 1435 2353 Alexandream
1458 2322 1710 2362 pervenerunt,

225 2373 284 2396 res
309 2374 351 2397 ea
374 2362 549 2407 Dionysio
575 2374 689 2408 papae
713 2363 759 2397 ad
782 2362 1042 2399 diiudicandum
1067 2365 1230 2411 exposita
1251 2370 1317 2399 est.
1346 2364 1378 2398 is
1401 2362 1573 2398 hominem
1595 2363 1711 2398 denuo

226 2419 319 2454 aqua
342 2408 517 2454 baptizari
542 2409 667 2453 iussit;
702 2414 807 2454 atque
840 2421 918 2446 eum
943 2411 1004 2456 qui
1029 2423 1137 2446 arena
1160 2412 1256 2446 illum
1280 2410 1546 2456 baptizaverat,
1586 2410 1711 2444 diaco-

225 2466 306 2489 num
341 2460 381 2489 ut
413 2467 455 2489 eo
488 2466 632 2490 munere
661 2454 803 2501 dignum
836 2455 981 2501 delegit.
1027 2470 1145 2502 neque
1169 2459 1236 2492 hoc
1257 2456 1401 2492 iniuria.
1448 2467 1592 2502 magnus
1618 2456 1711 2491 enim

227 2501 424 2545 Gregorius
448 2502 701 2548 baptismorum
722 2513 852 2547 genera
879 2503 931 2537 sic
958 2509 1151 2539 enumerat.
1198 2500 1421 2550 “baptizavit
1451 2503 1570 2537 Moses
1606 2513 1710 2547 aqua,

228 2553 335 2593 atque
367 2554 450 2582 ante
481 2547 519 2582 in
552 2549 645 2583 nube
677 2553 714 2584 et
742 2548 850 2591 mari3
887 2550 1087 2595 baptizavit
1111 2555 1147 2585 et
1168 2550 1338 2594 Ioannes,
1376 2561 1446 2583 non
1471 2548 1541 2584 iam
1565 2548 1710 2583 Iudaico

227 2604 324 2627 more
349 2605 463 2639 neque
485 2594 562 2629 sola
585 2606 688 2639 aqua,
713 2606 834 2629 verum
859 2595 903 2630 ad
927 2597 1221 2642 resipiscentiam.
1269 2595 1426 2641 baptizat
1450 2601 1487 2630 et
1509 2595 1622 2640 Iesus,
1647 2594 1711 2629 sed

228 2640 376 2682 spiritu:
411 2653 454 2675 ea
477 2645 533 2675 est
555 2641 744 2685 perfectio.
791 2642 876 2675 novi
901 2647 938 2676 et
962 2648 1122 2688 quartum
1145 2642 1376 2688 baptismum,
1414 2641 1475 2687 qui
1497 2641 1540 2676 fit
1563 2653 1639 2675 cum
1664 2642 1709 2675 ob

228 2685 391 2720 veritatis
415 2687 673 2722 confessionem
695 2686 839 2732 sanguis
860 2688 1032 2724 funditur.
1080 2690 1164 2723 novi
1187 2695 1223 2723 et
1245 2688 1402 2734 quintum
1426 2699 1490 2733 per
1509 2684 1709 2722 lacrimas.''

230 2741 315 2773 ergo
339 2732 420 2776 quia
445 2732 530 2767 nihil
556 2733 678 2768 horum
702 2734 781 2779 fuit,
805 2733 898 2768 iuste
922 2747 991 2769 non
1015 2739 1071 2770 est
1091 2741 1269 2782 receptus.
1315 2735 1370 2769 Μ.
1393 2734 1571 2768 Antonino
1596 2733 1708 2779 impe-

229 2782 330 2810 rante
354 2778 539 2823 Oppianus
563 2791 651 2825 opus
675 2791 775 2815 suum
798 2781 843 2815 de
867 2780 1024 2826 piscibus
1057 2781 1264 2827 composuit.
1311 2781 1453 2815 Marcus
1486 2780 1556 2814 iste
1587 2781 1707 2815 admo—

230 2821 309 2855 dum
330 2823 398 2857 fuit
421 2825 563 2870 sapiens
586 2838 628 2861 ac
652 2826 840 2861 virtutibus
864 2833 1020 2872 ornatus,
1046 2840 1156 2874 reque
1171 2829 1331 2862 Romana
1354 2826 1470 2862 multis
1494 2825 1596 2862 bellis
1621 2837 1706 2860 con-

230 2873 372 2904 servata
395 2870 596 2908 carissimus
624 2871 761 2908 civibus
784 2873 867 2910 fuit.
916 2885 1054 2910 veneno
1090 2880 1144 2910 est
1176 2879 1321 2909 necatus
1353 2885 1375 2909 a
1406 2872 1479 2909 filio
1511 2884 1575 2908 suo
1599 2873 1706 2908 Com-
