1742 3184
155 254 158 257 ⁴
217 239 314 290 146
692 235 932 283 GEORGII
966 232 1220 279 CEDRENI-

215 352 423 412 κατελῦθη
447 352 650 410 βασιλεία.
720 352 762 395 ἐν
785 350 947 401 ἐκείνοις
967 354 1052 400 τοῖς
1072 354 1230 409 καιροῖς
1256 347 1324 392 καὶ
1347 346 1385 391 οἱ
1409 346 1544 405 κριταὶ
1569 339 1694 404 ἦρχον

217 429 260 472 ἐν
288 427 392 476 υἶοΐς
417 421 605 481 Ἰσραήλ.

358 498 456 538 Τῶν
478 497 626 550 κριτῶν
646 493 720 533 τοῦ
735 488 909 546 Ἰσραὴλ
930 484 1187 543 ἐπανάληψις
1206 484 1275 527 διὰ
1294 485 1370 535 τὰς
1391 488 1473 528 τῶν
1491 481 1695 539 Ἑλλήνων

219 565 414 623 ἱστορίας.
458 561 585 606 Μετὰ
601 561 768 616 Ἰησοῦν
787 562 860 601 τοῦ
882 560 1007 611 Ναυῆ
1025 558 1068 599 ἐκ
1085 560 1158 611 τῆς
1171 553 1317 598 Ἰούδα
1334 555 1402 597 καὶ
1421 553 1594 609 Συμεὼν
1614 571 1695 611 φυ-

98 647 127 681 Ρ
152 646 198 683 83
220 639 294 691 λῆς
323 640 408 684 τοῖς
438 630 624 686 ἀλλήλων
655 627 936 684 σχοινίσμασιν
973 624 1050 686 ὀίνοὶι
1082 626 1206 682 μέρος
1234 622 1504 680 βοηθούντων
1535 626 1729 676 πρῶτοςξ,

219 702 340 762 ἄρξαι
359 705 434 746 τοῦ
455 704 559 743 λαοῦ
577 698 730 754 λέγεται
752 695 900 750 Χάλεβ
921 694 989 750 ἴτη
1008 693 1059 737 λ’.
1127 693 1232 749 μετὰ
1260 696 1380 736 τοῦτο
1405 690 1427 735 ὃ
1453 690 1551 742 λαὸς
1577 689 1697 734 eidul-

220 778 307 824 λοις
339 767 566 828 λατρεύσας
594 768 796 810 ἐκδίδοται
827 762 1030 808 δουλεύειν
1051 768 1109 822 τῷ
1126 762 1406 819 Χουσαρθὼμ
1428 764 1596 817 βασιλεῖ
1613 763 1698 803 Συ-

221 843 314 900 ρίας
335 844 408 896 τῆς
428 837 756 892 ΖΠεσοποταμίας
775 834 842 890 ἔτη
864 832 931 890 ιη’.
1000 833 1321 890 ἐπιστρέψαντος
1340 833 1474 875 τοίνυν
1495 835 1569 874 τοῦ
1595 833 1700 872 λαοῦ

219 911 323 970 πρὸς
345 909 447 952 θεὸν
470 909 652 962 ἀνίστησι
673 904 744 948 τὸν
766 906 807 946 Γ
804 903 975 958 οθονιὴλ
1002 907 1164 960 πρῶτον
1189 899 1351 963 κριτήν,
1387 900 1568 959 ἀδελφὸν
1598 897 1699 942 νεώ-

219 997 337 1039 τερον
366 982 441 1022 τοῦ
462 975 634 1031 Χάλεβ,
671 974 716 1026 ὃς
737 973 863 1031 ἔκρινε
885 973 957 1016 τὸν
977 972 1077 1015 λαὸν
1098 971 1165 1027 ἴτη
1187 970 1252 1027 μ’·
1287 973 1352 1014 ἐπὶ
1373 968 1521 1014 τούτου
1541 969 1698 1026 γέγονεν
1711 976 1742 1012 1<

221 1048 243 1092 ὃ
276 1050 340 1091 ἐπὶ
370 1047 656 1095 Δευκαλίωνος
685 1043 970 1098 κατακλυσμὸς
1001 1043 1042 1084 ἐν
1073 1045 1125 1099 τῇ
1154 1039 1335 1084 Ἑλλάδι.
1406 1041 1473 1082 καὶ
1503 1038 1625 1081 πάλιν
1651 1039 1698 1081 τὸ

220 1117 398 1173 πονηρὸν
426 1113 600 1171 ποιήσας
627 1112 647 1156 ὃ
674 1112 839 1170 Ἰσραὴλ
862 1110 1077 1170 παρεδόθη
1101 1111 1254 1167 Ἒγλών
1274 1113 1441 1165 βασιλεῖ
1456 1111 1714 1163 Μωαβιτῶν»

220 1189 263 1230 ἐν
280 1191 342 1245 τῷ
359 1183 515 1244 ιγῶμρμ
539 1183 615 1227 ἔτει
624 1216 638 1236 ,
673 1184 741 1226 καὶ
761 1179 995 1225 ἐδούλευσεν
1016 1180 1084 1236 ἔτη
1107 1178 1174 1236 ιη’.
1245 1178 1370 1222 πάλιν
1387 1180 1431 1222 δὲ
1449 1178 1597 1229 αὐτοὺς
1613 1179 1701 1220 ἐπι-

220 1257 480 1314 στρέψαντας
503 1255 718 1311 ἐξαιρεῖται
742 1250 812 1294 διὰ
832 1254 905 1293 τοῦ
930 1250 1277 1309 ἅμφοτεροὸεξιοῦ
1298 1246 1427 1301 Ἀώδ,
1463 1246 1508 1299 ὃς
1536 1246 1627 1302 ἴσχε
1652 1246 1699 1290 τὸ

167 1327 198 1363 Β
222 1323 432 1380 ἐπώνυμον
463 1327 584 1366 τοῦτο
614 1322 682 1365 διὰ
718 1320 764 1364 τὸ
796 1318 945 1375 ὁμοίως
974 1322 1016 1362 ἐν
1044 1321 1163 1362 παντὶ
1198 1317 1406 1376 πράγματι
1427 1322 1478 1375 τῇ
1505 1315 1742 1375 εὖωνῦμῳυ

217 1399 405 1453 χρῆσθαι
431 1393 537 1449 χειρὶ
569 1388 758 1447 καθάπερ
787 1391 854 1432 καὶ
885 1393 937 1447 τῇ
966 1390 1092 1451 δεξιᾷ.
1163 1382 1281 1439 οὗτος
1301 1385 1483 1444 ἡγήσατο
1505 1390 1580 1430 τοῦ
1600 1389 1704 1429 λαοῦ

220 1464 290 1520 ἔτη
321 1462 378 1506 π’.
445 1459 591 1505 τούτου
619 1464 677 1519 τῷ
710 1457 769 1512 κζ’
799 1458 875 1502 ἔτει
909 1460 1145 1513 ἐβασίλευσε
1172 1463 1245 1513 τῆς
1269 1457 1452 1512 Ἀττικῆς
1472 1454 1494 1499 ὃ
1514 1456 1702 1514 Κέκροψ,

222 1533 264 1576 ἐν
294 1533 338 1575 δὲ
362 1536 420 1590 τῷ
450 1529 508 1584 οζ’
532 1529 609 1573 ἔτει
631 1530 763 1586 γέγονε
785 1527 1072 1582 κατακλυσμὸς
1095 1528 1137 1570 ἐν
1161 1527 1372 1587 Θεσσαλία
1393 1527 1460 1569 καὶ
1481 1527 1703 1586 Αἰθιοπία.

220 1599 344 1645 πάλιν
377 1602 727 1654 εἷὸωλομανοῦντα
756 1598 826 1641 τὸν
854 1598 1020 1655 Ἰσραὴλ
1051 1597 1258 1655 παρέδωκε
1281 1594 1420 1653 κύριος
1440 1596 1482 1638 ἐν
1499 1596 1605 1653 χειρὶ
1619 1595 1704 1638 Ἰα-

220 1673 318 1726 βεὶμ
345 1669 546 1724 βασιλέως
574 1667 750 1710 Χαναὰν
780 1666 847 1722 ἴτη
878 1665 928 1709 κ’.
997 1666 1102 1722 μετὰ
1119 1670 1249 1709 ταῦτα
1270 1662 1470 1723 Δεβόρρα
1485 1669 1742 1723 προφῆτις,21

221 1739 321 1797 γυνὴ
339 1739 549 1796 Ἀφειὸιὺθ
577 1741 709 1796 φυλῆς
726 1736 932 1794 Ἐφραίμ,
969 1734 1096 1794 ἴκρινε
1121 1735 1192 1778 τὸν
1207 1733 1386 1792 Ἰσραήλ.
1457 1736 1528 1778 διὰ
1552 1733 1704 1790 ταύτης

220 1807 403 1866 ἡγήσατο
427 1804 598 1865 Βαράκ,
634 1806 723 1857 υἱὸς
737 1806 941 1861 Ἀβινοεὶμ
966 1806 1010 1848 ἐκ
1038 1809 1172 1864 φυλῆς
1194 1805 1444 1863 Νεφθαλείμ
1455 1837 1469 1857 ,
1505 1808 1578 1860 τῆς
1598 1804 1705 1847 κατὰ

314 1915 338 1952 5
363 1913 614 1961 βοηθούντων
638 1914 751 1948 codex
774 1912 908 1958 Regius
934 1913 1042 1949 1713:
1066 1911 1305 1958 βοηθοῦντες
1326 1912 1355 1947 Ρ
1513 1914 1536 1949 8
1558 1913 1627 1958 τῆς
1651 1924 1706 1947 om

312 1962 372 1997 ille
396 1962 507 1996 codex
530 1961 599 2005 (R)
729 1961 773 1996 12
798 1956 818 1995 ὁ
843 1960 913 1995 add
935 1960 969 1995 R
1095 1957 1244 2004 Αἰγλώμ
1266 1960 1302 1994 R
1431 1960 1475 1996 17
1498 1957 1566 2006 κζ’]
1590 1956 1648 2003 πζ
1672 1960 1706 1995 R.

313 2009 362 2044 20
385 2005 548 2054 Δεβώρα
569 2007 604 2042 R

219 2103 290 2136 est.
348 2111 391 2135 eo
423 2103 581 2146 tempore
614 2099 754 2134 Iudices
784 2096 916 2145 populo
946 2097 1115 2133 Israelico
1152 2098 1399 2145 praefuerunt,
1437 2110 1526 2146 quos
1557 2103 1706 2146 propter

223 2149 442 2184 Graecorum
464 2145 631 2181 historias
654 2146 769 2180 denuo
793 2156 1063 2179 commemorare
1083 2144 1228 2191 placuit.

314 2193 473 2228 Iudicum
500 2193 725 2227 Ebraeorum
755 2196 914 2238 tempora
944 2203 1020 2226 cum
1053 2192 1203 2227 Graecis
1237 2191 1379 2228 collata.
1424 2192 1568 2228 Mortuo
1600 2191 1708 2227 Iosua

222 2239 334 2275 Iudae
361 2244 398 2275 et
421 2239 595 2274 Simeonis
618 2239 731 2274 tribus
760 2244 880 2273 mutua
912 2238 1042 2272 auxilia
1075 2237 1277 2274 iunxerunt.
1324 2239 1457 2285 primus
1481 2238 1611 2285 populo
1636 2239 1707 2273 dux

221 2287 336 2321 fuisse
369 2292 534 2322 narratur
564 2285 737 2330 Calebus‚
776 2296 886 2319 annos
913 2285 972 2320 30.
1020 2284 1102 2319 inde
1137 2286 1288 2331 populus
1321 2285 1516 2320 simulacris
1547 2285 1705 2319 divinum

224 2333 425 2368 exhibendo
448 2332 576 2368 cultum
600 2332 750 2376 meruit,
786 2336 825 2367 ut
848 2331 1104 2365 Chusarthomo
1127 2332 1278 2378 Syriae,
1303 2344 1394 2378 quae
1418 2336 1475 2367 est
1497 2332 1705 2378 Mesopota-

223 2378 313 2426 mia,
337 2380 415 2425 regi
439 2380 647 2415 servitutem
669 2377 824 2413 serviret
847 2389 956 2412 annos
982 2378 1188 2414 octodecim.
1237 2390 1314 2413 cum
1338 2384 1454 2413 autern
1476 2390 1516 2414 se
1539 2379 1584 2414 ad
1603 2379 1708 2413 deum

225 2425 374 2472 populus
413 2426 669 2471 convertisset,
708 2425 740 2459 is
780 2424 832 2460 eis
862 2424 1011 2470 primum
1049 2424 1199 2459 iudicem
1237 2425 1410 2460 excitavit
1444 2424 1705 2470 Gothonielem,

224 2472 351 2507 Calebi
374 2473 540 2517 fratrem,
563 2477 647 2507 natu
670 2471 852 2506 minorem.
895 2470 927 2505 is
951 2471 1116 2516 populum
1137 2472 1183 2506 40
1206 2484 1316 2507 annos
1339 2471 1564 2517 gubernavit.
1601 2471 1706 2506 huius

221 2522 381 2563 tempore
413 2519 583 2554 diluvium
614 2518 888 2554 Deucalioneum
919 2516 957 2551 in
991 2518 1146 2553 Graecia
1169 2518 1250 2553 suit.
1298 2530 1436 2554 rursum
1458 2517 1616 2564 peccatis
1638 2530 1706 2573 po-

220 2563 324 2609 pulus
359 2565 460 2600 deum
490 2565 636 2600 irritans
660 2566 704 2600 ab
729 2577 771 2599 eo
795 2564 832 2598 in
857 2568 1067 2610 potestatem
1090 2564 1223 2610 Egloni
1245 2564 1410 2600 Moabico
1442 2564 1522 2610 regi
1554 2566 1708 2600 traditus

224 2613 298 2654 est,
324 2623 414 2646 anno
433 2612 551 2647 mundi
570 2613 681 2656 3942,
707 2611 812 2657 eique
835 2610 986 2645 servivit
1009 2622 1118 2646 annos
1147 2612 1203 2646 18.
1252 2611 1521 2658 resipiscentem
1540 2611 1707 2658 populum

223 2655 311 2690 deus
343 2662 466 2702 postea
485 2659 522 2693 in
541 2658 742 2694 libertatem
777 2657 928 2693 asseruit
951 2657 1162 2692 ambidextri
1183 2657 1276 2692 Aodi
1300 2670 1423 2703 opera.
1471 2657 1502 2692 is
1527 2659 1573 2693 80
1595 2668 1707 2693 annos

218 2701 387 2747 populum
418 2705 643 2749 gubernavit.
692 2716 783 2739 anno
808 2704 884 2739 eius
906 2704 953 2738 27
976 2703 1118 2739 Atticae
1141 2716 1205 2739 rex
1230 2705 1388 2750 Cecrops
1413 2703 1565 2743 exstitit.
1614 2715 1706 2739 anno

215 2750 482 2793 *septuagesimo
516 2752 666 2796 septimo
699 2751 867 2786 diluvium
899 2750 968 2785 fuit
997 2750 1033 2784 in
1059 2751 1247 2785 Thessalia
1271 2756 1308 2786 et
1329 2750 1534 2797 Aethiopia.
1581 2761 1706 2785 rursus

222 2793 428 2829 fictitiorum
450 2797 593 2831 deorum
618 2798 712 2832 cultu
733 2797 932 2832 insaniente
954 2797 1105 2842 populo,
1133 2797 1310 2832 concessit
1331 2797 1417 2832 deus
1442 2803 1481 2833 ut
1502 2797 1534 2832 is
1557 2809 1624 2843 per
1647 2796 1706 2831 vi-

223 2839 315 2884 giuti
338 2852 448 2875 annos
475 2854 495 2876 a
517 2844 650 2878 Iabimo
675 2856 761 2889 rege
784 2843 1011 2879 Chanaanico
1031 2844 1302 2890 opprimeretur.
1352 2848 1435 2890 post
1456 2844 1597 2879 Debora
1620 2843 1708 2879 sati-

215 2886 305 2920 -dica
337 2887 479 2931 mulier,
514 2899 603 2924 uxor
629 2890 846 2935 Apheidothi
880 2891 925 2925 de
955 2890 1053 2924 tribu
1085 2890 1334 2937 Ephraimica,
1368 2890 1540 2926 Israelico
1573 2890 1706 2937 populo

223 2932 391 2977 praefuit.
451 2933 517 2970 hac
539 2936 628 2970 duce
649 2937 829 2973 Barachus
852 2936 1039 2975 Abinoemi
1060 2937 1154 2972 filius
1177 2937 1274 2974 tribu
1296 2936 1603 2984 Nephthalimicus
1627 2948 1705 2973 cum
