1742 3184
223 143 326 202 ¹734
679 177 685 183 ·
700 146 950 194 «GEORGII
977 145 1226 192 GEDREM

222 261 313 317 ἅμα
332 265 390 321 τῷ
412 265 587 320 περᾶσαι
612 260 685 306 τὸν
700 261 876 317 βασιλέα
895 258 1061 317 κόψωσι
1078 261 1155 316 τὰς
1171 259 1367 322 γεφύρας.
1436 260 1534 321 ὅπερ
1555 263 1708 319 μαθών

219 330 243 374 ὃ
272 331 467 386 βασιλεὺς
497 332 708 389 ἀνέρχεται
739 331 796 382 εἷς
823 331 870 375 τὸ
900 330 1104 390 Σιαζούρ,
1152 334 1220 376 καὶ
1252 333 1436 393 ε’μπιπρᾷ
1466 337 1603 377 πᾶσαν
1631 333 1708 389 τὴν

212 399 358 459 χώραν
385 404 451 444 καὶ
481 401 558 452 τὰς
583 399 739 452 πόλεις..
813 400 1047 460 προσερρύη
1075 402 1121 445 δέ
1146 401 1260 461 αὐτῷ
1286 404 1328 444 Γ
1324 405 1653 460 ουνδουφοῦνδος
1681 401 1703 445 ὃ

216 473 431 529 χιλίαρχος
456 469 682 527 Σαρβάρου
713 471 782 514 καὶ
814 469 932 514 ἄλλοι
959 472 1127 514 πολλοί·
1163 472 1210 515 οἳ
1229 474 1298 515 καὶ
1325 470 1437 515 εἶπον
1464 476 1522 530 τῷ
1541 476 1712 527 βασιλεῖ

163 549 194 586 Β
219 539 281 584 ὅτι
305 540 326 583 ὃ
347 539 543 598 Χοσρόης
561 540 700 593 μέλλει
720 540 871 595 στὲψάι
893 540 964 584 τὸν
983 540 1161 585 ὕστατον
1183 541 1274 584 υἱὸν
1301 541 1435 586 αὐτοῦ
1452 540 1701 600 Μερδασάν,
1714 551 1737 587 5

215 612 284 653 καὶ
323 610 442 667 γνοὺς
482 613 601 652 τοῦτο
645 607 666 652 ὅ
698 614 861 667 πρῶτος
893 610 983 661 υἱὸς
1012 611 1141 654 αὐτοῦ
1174 609 1328 670 Σιρόης
1361 611 1410 655 οὗ
1442 613 1702 663 κατεδέξατο,

215 679 321 722 ἀλλὰ
341 677 677 736 προσλαβόμενος
692 680 762 734 ἐμὲ
780 681 848 723 καὶ
869 679 1019 731 ἄλλους
1033 679 1100 735 κβ’
1120 680 1304 737 κόμητας
1321 683 1389 724 καὶ
1405 684 1569 735 πλῆθος
1584 685 1703 734 λαοῦ,

215 752 252 792 εἴ
271 750 346 803 μὲν
373 751 618 804 δυνηθῶμεν
637 748 869 792 ἀποκτεῖναι
891 748 1103 808 Χοσρόην,
1136 750 1284 809 χάρις,
1319 754 1354 794 εἷ
1377 751 1420 794 δ’
1448 749 1521 803 οὔ,
1556 748 1703 802 πάντες

212 822 482 876 προσρυῶμεν
511 823 562 876 τῇ
591 819 782 878 βασιλείᾳ
813 836 903 863 σου.
971 824 1104 863 ταῦτα
1136 818 1437 875 ἀποδεξάμενος
1458 818 1482 863 ὃ
1507 820 1702 875 βασιλεὺς

213 889 282 931 καὶ
305 887 678 946 φιλοτιμησάμενος
708 889 833 932 αὐτὸν
853 887 977 932 πάλιν
995 890 1100 948 πρὸς
1121 888 1274 947 Σιρόην
1295 890 1529 942 ἀπέστειλε,
1564 888 1700 946 δηλώ-
1714 898 1742 934 11

213 975 293 1008 σας
314 957 428 1016 αὐτῷ’
450 958 613 1008 ἀνοῖξαι
637 957 712 1010 τὰς
737 958 926 1019 φυλακὰς
954 961 1021 1002 καὶ
1042 959 1139 1011 τοὺς
1161 958 1388 1015 Ῥωμαίους
1410 962 1615 1017 ἐξαγαγεῖν
1633 962 1702 1002 καὶ

213 1029 357 1070 δοῦναι
381 1028 520 1079 αὐτοῖς
542 1026 650 1070 ὅπλα
673 1030 740 1071 καὶ
763 1027 870 1072 οὕτω
890 1029 996 1072 κατὰ
1011 1028 1208 1088 Χοσρόου
1230 1035 1407 1086 κινῆσαι.
1442 1028 1464 1073 ὅ
1486 1031 1529 1073 δὲ
1549 1027 1703 1086 Σιρόης

213 1096 323 1140 οὕτω
348 1096 525 1153 ποιήσας
545 1098 700 1154 ἐπῆλθε
721 1103 780 1157 τῷ
798 1098 1062 1158 πατροκτόνῳ
1083 1101 1206 1158 πατρὶ
1225 1097 1425 1159 Χοσρόῃ,
1447 1101 1524 1143 *καὶ
1547 1098 1702 1156 κρατή·-

211 1184 290 1218 σας
310 1168 436 1211 αὐτὸν
458 1170 526 1210 καὶ
549 1169 668 1211 κλοιὰ
687 1171 871 1226 περιθεὶς
889 1171 946 1220 εἷς
967 1169 1172 1212 σκοτεινὸν
1193 1170 1446 1223 κατέκλεισε,
1481 1170 1551 1213 καὶ
1575 1168 1701 1226 ἄρτον

159 1249 191 1285 c
215 1236 351 1294 ὀλίγον
382 1239 449 1280 καὶ
478 1237 594 1296 ὕδωρ
627 1238 768 1289 διδοὺς
802 1239 915 1298 αὐτῷ
936 1238 1253 1296 ε’λιμαγχόνησεν
1273 1237 1412 1285 αὐτόν.
1484 1238 1698 1282 ἀπέστελλε
1713 1245 1742 1280 1!

211 1307 257 1349 δὲ
276 1305 434 1358 πάντας
452 1308 549 1359 τοὺς
569 1306 806 1366 σατράπας,
849 1311 919 1351 καὶ
947 1310 1135 1352 ἐνέπτυον
1166 1311 1223 1361 εἷς
1245 1309 1291 1353 τὸ
1313 1307 1534 1368 πρόσωπον
1557 1308 1701 1352 αὐτοῦ.

197 1377 306 1427 τοὺς
340 1378 385 1419 δὲ
416 1377 533 1428 υἱοὺς
565 1377 694 1422 αὐτοῦ
727 1379 796 1420 καὶ
827 1378 880 1422 τὰ
910 1380 1034 1422 λοιπὰ
1062 1379 1182 1422 τέκνα
1213 1379 1340 1424 αὐτοῦ
1369 1378 1541 1423 ἐνώπιον
1572 1379 1699 1422 αὐτοῦ

206 1447 452 1505 κατέσφαξε.
519 1448 625 1503 μεθ’
654 1446 812 1504 ἡμέρας
838 1449 883 1491 δὲ
912 1446 959 1492 ιε’
985 1450 1053 1492 καὶ
1085 1449 1210 1493 αὐτὸν
1232 1448 1367 1502 τόξοις
1390 1449 1539 1493 ἀνεῖλε.
1608 1446 1700 1492 τότε

203 1514 355 1575 γράφει
376 1515 530 1574 Σιρόης
556 1516 661 1575 πρὸς
688 1515 935 1575 ζΗράκλειον
957 1518 1031 1574 τὴν
1047 1524 1121 1562 τοῦ
1139 1524 1296 1577 μιαροῦ
1312 1517 1508 1576 Χοσρόου
1535 1518 1699 1576 ἀναίρε-

203 1604 283 1638 σιν,
319 1588 387 1630 καὶ
406 1585 568 1644 εἰρήνην
588 1587 763 1644 ἀειπαγῆ
786 1587 890 1645 πρὸς
912 1588 1037 1632 αὐτὸν
1057 1587 1331 1645 ποιησάμενος
1351 1587 1507 1640 πάντας
1533 1589 1631 1640 τοὺς
1654 1590 1742 1631 ἕν2(

199 1657 381 1714 Περσίδι
413 1656 700 1712 αἰχμαλώτους
727 1657 934 1702 ἀπέδωκεν
961 1659 1076 1717 αὐτῷ
1106 1659 1181 1702 σὺν
1208 1664 1267 1718 τῷ
1292 1657 1527 1716 πατριάρχῃ
1551 1662 1699 1713 Ζαχα-

200 1726 272 1786 ρία
301 1728 369 1769 καὶ
395 1734 482 1778 τοῖς
508 1729 657 1782 τιμίοις
685 1726 826 1780 ξύλοις
855 1735 943 1780 τοῖς
968 1729 1013 1782 ἐξ
1037 1726 1334 1787 Ἱεροσολύμων
1365 1732 1586 1787 ληφθεῖσιν
1615 1726 1696 1772 ὑπὸ

201 1797 475 1854 Σαρβαραζᾶ.
735 1793 744 1808 “

661 1901 665 1906 .
1201 1881 1230 1904 τ’

198 1937 286 1973 gere
308 1929 348 1962 et
370 1927 416 1962 ad
438 1926 597 1962 Narbam
623 1938 759 1963 amnem
782 1926 1004 1974 consistere,
1039 1940 1082 1964 ac
1114 1933 1277 1975 pontem,
1312 1928 1415 1964 simul
1441 1941 1484 1966 ac
1506 1929 1695 1978 Heraclius

199 1973 421 2018 transiisset,
454 1975 674 2010 rescindere.
721 1975 909 2010 Heraclius
936 1975 992 2010 his
1016 1975 1206 2012 intellectis
1230 1977 1274 2012 ad
1298 1977 1427 2012 siazur
1449 1976 1544 2023 (loci
1568 1990 1696 2013 nomen

199 2019 238 2054 id
262 2021 336 2065 est)
360 2020 476 2066 redit,
514 2023 694 2067 urbesque
729 2027 766 2057 et
796 2027 904 2057 totam
935 2022 1116 2067 regionem
1147 2023 1311 2059 incendio
1345 2028 1475 2059 vastat.
1522 2024 1574 2059 ibi
1596 2036 1636 2059 se
1660 2024 1696 2059 ei

197 2067 385 2113 coniungit
408 2067 695 2114 Gundusandus,
732 2067 794 2114 qui
817 2070 883 2103 sub
906 2067 1063 2105 Sarbaro
1084 2070 1247 2105 tribunus
1274 2070 1422 2106 militum
1446 2072 1581 2116 fuerat,
1618 2082 1696 2106 cum

197 2113 278 2148 aliis
304 2113 446 2159 multis,
483 2120 520 2149 et
546 2115 682 2150 indicat
704 2115 900 2151 Chosroem
930 2116 1098 2152 statuisse
1130 2117 1331 2152 Merdasam
1364 2117 1516 2152 filiorum
1552 2129 1695 2153 suorum

197 2160 376 2195 minimum
400 2173 511 2206 regno
535 2161 769 2207 inaugurare=
808 2162 940 2197 Siroen
971 2170 1054 2198 natu
1087 2164 1272 2199 maximum
1305 2163 1342 2199 id
1367 2165 1564 2199 concedere
1588 2165 1695 2209 nolle,

196 2218 238 2242 se
271 2206 431 2254 aliosque
454 2208 584 2254 viginti
607 2210 708 2244 duos'
723 2208 871 2245 comites
895 2215 933 2244 et
955 2221 1115 2255 magnam
1140 2210 1315 2246 hominum
1342 2210 1600 2247 multitudinem
1623 2212 1696 2247 sibi

195 2252 413 2300 adiunxisse,
439 2259 475 2290 et
490 2256 672 2291 Chosroae
693 2256 839 2292 exitium
857 2255 994 2299 moliri3
1019 2268 1123 2303 quem
1150 2257 1182 2292 si
1204 2257 1344 2303 possint
1367 2258 1584 2304 interficere,
1608 2271 1696 2304 per-

194 2306 335 2344 gratum
367 2301 457 2348 ipsis
486 2302 583 2337 forez
622 2303 678 2338 sin
708 2315 819 2347 vero,
852 2302 1040 2338 universos
1065 2304 1313 2340 acl-»Romanos
1337 2304 1556 2340 defecturos.
1604 2304 1695 2340 haec

194 2346 383 2382 Heraclius
407 2360 485 2384 cum
512 2351 711 2395 probasset,
743 2349 917 2385 hominem
938 2350 1087 2385 comiter
1107 2356 1297 2387 tractatum
1320 2352 1365 2387 ad
1389 2351 1520 2386 Siroen
1543 2351 1693 2397 remisit,

193 2393 299 2439 eique
335 2395 516 2430 nuntiavit
546 2402 586 2431 ut
617 2397 752 2443 apertis
786 2396 990 2432 carceribus
1015 2398 1195 2433 Romanos
1228 2399 1357 2434 educat
1380 2409 1513 2444 eosque
1538 2403 1695 2434 armato·

191 2439 231 2474 in
256 2441 441 2477 Chosroen
469 2443 588 2478 ducat.
639 2443 764 2479 Siroes
799 2443 852 2478 ita
874 2442 927 2478 uti
951 2444 1103 2479 monitus
1129 2450 1206 2480 crat
1231 2445 1323 2491 egit,
1357 2451 1568 2491 patremque
1592 2457 1694 2480 suum

191 2486 390 2523 Chosroem
415 2489 624 2534 patricidam
649 2491 795 2526 adortus
821 2490 934 2536 cepit,
967 2491 1189 2537 numellaque
1213 2491 1381 2538 imposita
1404 2492 1442 2526 in
1466 2493 1692 2537 tenebrosum

190 2545 370 2569 carcerem
394 2534 560 2581 includit,
600 2549 692 2583 pane
720 2549 764 2572 ue
789 2537 919 2582 exiguo
944 2542 981 2572 et
1004 2549 1097 2583 aqua
1119 2539 1292 2583 praebitis
1320 2539 1414 2575 fame
1443 2543 1584 2574 enecat.
1631 2551 1692 2573 sa-

190 2584 316 2625 trapae
341 2593 483 2628 quoque
508 2595 628 2619 omnes
654 2596 676 2619 a
728 2585 805 2619 iroe
829 2583 934 2619 acciti
960 2584 1088 2619 faciem
1109 2585 1292 2621 Chosroae
1318 2591 1570 2633 conspuerunt.
1595 2585 1690 2620 filios

191 2632 229 2661 et
252 2626 384 2662 liberos
409 2628 508 2675 eius,
544 2629 624 2676 ipso
650 2630 886 2678 inspiciente,
918 2630 1043 2666 Siroes
1068 2643 1187 2667 omnes
1210 2631 1408 2678 iugulavit,
1443 2638 1550 2678 atque
1574 2631 1690 2677 ipsum

190 2673 315 2717 quinto
340 2675 476 2710 decimo
500 2683 582 2722 post
606 2678 665 2713 die
689 2678 831 2723 sagittis
855 2677 1023 2713 confecit.
1057 2678 1142 2714 inde
1167 2679 1282 2715 missis
1306 2679 1351 2714 ad
1376 2678 1581 2714 Heraclium
1605 2678 1690 2713 lite-

190 2718 242 2753 ris
275 2719 319 2754 de
348 2720 494 2757 interitu
528 2724 695 2760 scelerati
727 2726 912 2760 Chosroae
944 2724 1096 2768 nuntiat,
1132 2733 1342 2772 perpetuam
1376 2737 1498 2772 pacem
1532 2736 1608 2760 cum
1644 2737 1688 2760 eo

190 2766 391 2812 componit,
425 2774 462 2802 et
486 2771 671 2816 captivos,
703 2777 878 2818 quotquot
900 2771 937 2805 in
962 2771 1111 2809 Perside
1134 2778 1250 2818 erant,
1265 2786 1270 2793 ⁸
1286 2784 1407 2808 omnes
1441 2772 1583 2817 reddit,
1618 2783 1689 2807 una

189 2813 495 2904 fyshpagiffilcha
506 2817 697 2898 tZacharia
719 2825 756 2855 et
777 2818 989 2855 venerandis
1014 2817 1135 2867 lignis,
1159 2831 1251 2867 quae
1272 2820 1491 2856 Sarbarazas
1511 2819 1686 2855 Hieroso-

322 2871 343 2895 a
369 2871 386 2895 s
441 2873 503 2898 era
522 2887 533 2898 .
