1742 3184
371 182 771 231 HISTORIARUM
804 180 1193 228 GOMPENDIUM.
1425 183 1525 232 555

55 298 345 361 παρῳχηκὸτος
372 300 526 357 μαθὼν
560 297 583 343 ὅ
614 304 730 351 θεῖος
761 300 804 342 Γ
799 295 989 357 ρηγόριός
1012 315 1125 350 τινας
1149 302 1232 342 τῶν
1250 299 1293 351 ἐξ
1309 299 1527 356 Αῗγῦπτου

56 377 115 429 τῷ
144 371 250 430 λόγῳ
283 371 409 414 αὐτοῦ
428 368 758 428 φθονήσαντας,
796 368 869 411 τὸν
903 366 1195 427 συντακτήριον
1226 369 1527 425 ἐπιδειξάμενος

57 440 179 498 λόγον
195 446 269 495 τῆς
289 441 549 495 ἔπισκοπικῆς
568 437 802 494 διοικήσεως
818 435 1118 495 ὖπανεχώρησε.
1185 439 1252 481 καὶ
1278 439 1381 497 πρὸς
1407 441 1453 482 τῦ
1482 443 1525 483 ἐν

58 511 336 570 Καππαδοκίᾳ
355 515 490 565 κτῆμα
510 507 637 551 αὐτοῦ
655 507 868 560 ἀπελθών,
902 506 1048 565 μικρόν
1065 525 1103 551 τι
1119 505 1331 563 ἡσυχάσας
1351 510 1392 551 ἓν
1412 509 1524 569 αὐτῷ

23 582 124 622 Sami
147 583 228 622 τῶν
249 582 411 622 πολλῶν
429 577 637 635 ἠρεμήσας
651 576 848 634 θορύβων
868 579 935 620 καὶ
956 578 998 620 ἐν
1016 579 1166 632 μείζονι
1185 576 1399 634 γενόμενος
1413 583 1525 622 θεω-

58 650 127 708 ρίᾳ
157 647 228 691 τὸν
255 649 348 703 βίον
377 645 643 699 ὑπαλλάττει,
678 645 908 704 πρεσβύτης
938 648 1006 689 καὶ
1036 645 1193 703 πλήρης
1221 645 1407 706 ἡμερῶν,
1443 653 1525 691 τῶν

56 723 130 761 τοῦ
151 715 378 773 πνεύματος
396 714 557 772 ἁπάσης
576 714 760 773 γνώσεως
781 718 848 758 καὶ
868 717 1051 774 θεωρίας
1070 716 1261 770 ἒζιιπλεως.
1313 715 1340 773 ἡ
1362 718 1407 760 δὲ
1428 716 1524 774 ἁγία

2 823 6 827 .
55 785 229 838 σύνοδος
254 785 516 830 Μακεδόνων
546 786 854 840 ἀναθεματίζει,
890 786 964 829 σὺν
987 786 1098 843 αὐτῷ
1118 787 1184 828 καὶ
1207 787 1431 840 Σαβέλλιον
1451 787 1523 830 τὸν

54 858 197 911 Λίβυν
215 855 261 899 ’ἐν
280 855 498 914 πρόσωπον
522 857 585 899 ἐπὶ
606 860 679 911 τῆς
699 853 816 911 ἁγίας
834 854 1000 913 τριάδος
1021 853 1240 907 δοξάζοντα
1251 888 1264 907 ,
1294 854 1350 898 ἔτι
1377 856 1427 911 δὴ
1454 858 1523 899 καὶ

2 924 329 982 ῙΟἈπυλινάριον
359 926 430 969 τὸν
457 926 674 969 Λαοδικεά
703 926 869 981 λέγοντα
899 924 969 967 τὸν
1000 923 1373 982 ἒνανθρωπήσαντα
1402 923 1524 982 λόγον
1544 936 1577 971 Β

53 994 274 1052 ἄνθρωπον
305 993 404 1038 εἶναι
415 1027 428 1047 ‚
465 995 552 1037 ἀντὶ
581 995 624 1037 δὲ
651 995 744 1044 νοὸς
764 993 833 1037 τὸν
856 992 975 1050 λόγον
998 994 1133 1051 ἆρκεῒν
1155 998 1206 1052 τῇ
1226 999 1356 1052 ψυχῇ.
1427 993 1523 1051 ἐκή-

53 1066 146 1121 ρυξε
172 1064 218 1106 δὲ
239 1062 287 1106 τό
311 1069 470 1118 πνεῦμα
489 1064 534 1106 τὸ
560 1062 672 1120 ἅγιον
695 1061 794 1106 εἶναι
816 1063 1010 1121 ζῳοποιόν
1030 1065 1097 1105 καὶ
1122 1061 1338 1118 ὅμοούσιον
1357 1069 1418 1123 τῷ
1440 1082 1523 1107 πα-

53 1134 119 1189 τρὶ
150 1133 218 1174 καὶ
243 1136 303 1190 τῷ
330 1133 428 1190 υἱῷ,
464 1137 777 1190 προστεθεικυΐα
804 1135 860 1183 εἰς
886 1132 933 1175 τὸ
963 1131 1076 1188 ἅγιον
1109 1131 1316 1187 σύμβολον
1338 1135 1427 1191 περὶ
1448 1138 1522 1177 τοῦ

53 1199 170 1257 ἁγίου
191 1200 421 1255 πνεύματος
441 1200 488 1244 τὸ
511 1199 674 1257 κύριον,
708 1201 754 1242 τὸ
779 1201 974 1258 ζῳοποιὸν
994 1203 1062 1244 καὶ
1081 1202 1132 1245 τὰ
1157 1201 1260 1258 ἑξῆς.

0 1299 43 1336 15
159 1299 167 1303 ”
195 1292 302 1336 Τότε
323 1290 343 1335 ὅ
361 1292 488 1349 μέγας
500 1289 763 1349 Ἀμφιλόχιος
780 1290 977 1335 ἐδυσώπει
997 1292 1068 1334 τὸν
1087 1294 1260 1347 βασιλέα
1279 1294 1525 1349 ἐξελαθῆναι

52 1362 149 1413 τοὺς
165 1362 395 1419 Ἀρειανοὺς
414 1363 457 1404 ἐκ
476 1366 619 1404 πασῶν
636 1365 717 1404 τῶν
735 1360 903 1404 πόλεων.
972 1359 992 1403 ὅ
1015 1362 1059 1404 δὲ
1079 1362 1351 1420 ἀπηνεστὲραν
1367 1362 1525 1406 ὑπολα-

52 1432 140 1486 βών
166 1431 240 1486 τὴν
269 1431 428 1486 αἴτησιν
448 1430 523 1486 οὐχ
544 1428 762 1484 ὑπήκουσε.
831 1432 898 1473 καὶ
918 1427 1007 1473 τότε
1029 1432 1103 1486 μὲν
1126 1430 1146 1473 ὃ
1171 1431 1409 1490 σοφώτατος
1423 1433 1525 1488 Ἅμ-

54 1499 241 1560 φιλόχιος
261 1501 418 1557 ἐσίγησε
424 1533 439 1553 ,
473 1499 565 1554 μετ’
591 1499 637 1541 οὐ
660 1499 764 1542 πολὺ
785 1499 829 1541 δὲ
851 1500 962 1550 ἐντὸς
981 1505 1061 1543 τῶν
1082 1503 1297 1554 βασιλείων
1316 1501 1526 1557 γενόμενος

51 1571 123 1614 τὸν
141 1571 216 1625 μὲν
234 1571 408 1624 βασιλέα
430 1567 643 1625 ἠσπάσατο
666 1567 722 1620 ὥς
743 1567 847 1620 εῗκός
857 1602 871 1621 ,
905 1569 976 1611 τὸν
1000 1570 1044 1612 δὲ
1064 1570 1152 1613 υἱὸν
1175 1571 1301 1614 αὐτοῦ
1320 1571 1394 1613 σῦν
1415 1571 1528 1629 αὐτῷ

0 1637 211 1683 ΞΟέστῶτα
241 1643 465 1694 βασιλικῶς
494 1640 718 1696 ἀγέραστον
744 1640 941 1681 κατέλιπε.
1011 1641 1078 1681 καὶ
1103 1638 1123 1682 ὃ
1144 1639 1338 1694 βασιλεὺς
1358 1642 1527 1695 νομί-σας
1549 1647 1584 1682 0

53 1710 322 1764 ἓπιλησθῆναι
341 1709 411 1752 τὸν
431 1707 712 1766 Ἀμφιλόχιον
731 1707 1001 1751 ἀσπάσασθαι
1022 1710 1089 1751 καὶ
1108 1709 1176 1751 τὸν
1196 1709 1285 1761 υἱὸν
1304 1713 1532 1763 βασιλικῶς

52 1771 308 1835 προσέταξεν.
379 1775 400 1821 ὅ
431 1778 476 1821 δὲ
505 1777 689 1836 ἀποχρῆν
715 1776 793 1835 ἔφη
817 1777 890 1832 τὴν
910 1777 1012 1835 παρ’
1041 1778 1166 1820 αὐτοῦ
1185 1783 1533 1835 προσενεχθεῖσαν

53 1849 168 1908 αὐτῷ
197 1850 407 1899 ἰδιωτικῶς
436 1845 571 1903 τιμήν.
642 1846 687 1890 ὃν
719 1845 740 1890 ὃ
768 1848 963 1902 βασιλεὺς
978 1845 1211 1904 χαλεπήνας
1232 1849 1379 1891 οἰκείαν
1398 1847 1535 1905 ἔλεγεν

52 1979 249 2024 Gregorius
285 1979 569 2015 animadvertens
603 1979 771 2026 quosdam
801 1977 997 2024 Aegyptios
1035 1978 1199 2023 dignitati
1238 1991 1325 2014 suae
1353 1977 1533 2023 invidere,

51 2027 212 2061 oratione
247 2028 291 2061 de
321 2026 566 2061 constituenda
598 2026 746 2060 ecclesia
775 2025 871 2060 edita
894 2025 1098 2071 episcopatu
1122 2038 1161 2060 se
1183 2025 1383 2070 abdicavit,
1421 2031 1458 2060 et
1482 2027 1530 2061 ad

48 2085 147 2108 snum
170 2073 208 2107 in
231 2072 490 2119 Cappadociam
511 2073 693 2120 praedium
716 2072 843 2116 rediit,
874 2073 934 2106 ubi
957 2071 1205 2116 aliquantulum
1229 2072 1349 2117 quiete
1370 2073 1531 2106 refectus

49 2119 325 2164 tumultibusque
361 2117 472 2154 variis
510 2120 725 2163 subductus,
769 2130 811 2152 ac
847 2130 963 2153 rerum
1004 2118 1199 2152 divinarum
1241 2117 1527 2164 contemplationi

50 2165 177 2201 maiori
208 2166 280 2200 otio
315 2165 476 2209 deditus,
519 2177 626 2200 senex
659 2165 823 2210 vitaeque
853 2171 950 2199 satur
979 2165 1145 2199 decessit.
1204 2164 1261 2198 vir
1294 2164 1364 2198 fuit
1397 2164 1528 2209 spiritu

50 2212 232 2258 omnisque
263 2211 475 2258 cognitionis
506 2216 541 2246 et
569 2211 870 2257 contemplationis
899 2211 1035 2257 plenus.
1083 2217 1234 2246 ceterum
1256 2217 1414 2245 sanctum
1438 2223 1528 2245 con-

51 2258 168 2294 cilium
199 2258 378 2294 damnavit
407 2258 672 2303 Macedonium,
706 2268 852 2303 cumque
876 2269 917 2291 eo
943 2257 1132 2291 Sabellium
1154 2258 1295 2301 Afrum,
1330 2256 1390 2301 qui
1421 2268 1527 2292 unam

50 2310 184 2341 tantum
207 2305 377 2340 trinitatis
401 2316 585 2350 personam
608 2306 810 2347 asserebat,
843 2308 879 2338 et
901 2303 1138 2349 Apolinarium
1161 2301 1433 2347 Laudicensem,
1464 2302 1528 2348 qui

49 2353 197 2388 verbum
219 2352 257 2386 in
279 2352 420 2386 homine
440 2351 566 2386 mentis
588 2362 700 2386 vacuo
722 2350 898 2386 habitasse
916 2351 1099 2395 tradebat,
1130 2361 1172 2384 ac
1196 2349 1273 2384 loco
1298 2348 1424 2383 mentis
1449 2350 1528 2384 ani-

51 2410 131 2434 mae
151 2399 298 2433 verbum
320 2399 444 2433 suisse-
492 2396 735 2444 pronuntiavit
752 2403 865 2431 autem
885 2397 1066 2431 concilium
1089 2395 1248 2442 spiritum
1269 2401 1424 2429 sanctum
1449 2407 1532 2430 esse

51 2446 156 2480 deum
184 2444 380 2490 vivificum,
417 2444 572 2479 eiusdem
604 2454 681 2478 cum
713 2449 814 2490 patre
837 2443 1011 2477 essentiae
1035 2455 1076 2477 ac
1099 2454 1174 2477 cum
1199 2442 1290 2499 filio}
1323 2441 1531 2488 addiditque

50 2491 209 2537 symbolo
235 2492 280 2527 de
305 2491 432 2538 spiritu
455 2497 579 2525 sancto
603 2490 691 2525 haec
713 2491 824 2525 verba
846 2485 1063 2534 “dominum,
1088 2485 1277 2523 vivificum'
1313 2494 1383 2523 etc.

144 2561 201 2595 Eo
233 2565 394 2606 tempore
426 2571 572 2605 magnus
600 2558 659 2593 ille
689 2557 951 2605 Amphilochius
976 2559 1021 2592 ab
1044 2557 1257 2602 imperatore
1287 2556 1468 2592 contendit
1490 2560 1532 2593 ut

52 2607 210 2643 omnibus
238 2607 385 2642 urbibus
415 2607 564 2641 Arianos
594 2605 753 2639 eiiceret.
801 2605 864 2639 sed
889 2615 964 2638 cum
986 2616 1049 2638 rex
1073 2604 1110 2638 id
1133 2609 1281 2649 negaret
1303 2609 1342 2638 ut
1365 2604 1421 2638 cui
1449 2614 1531 2638 crn-

52 2654 167 2689 delior
193 2652 253 2687 ina
283 2652 411 2699 petitio
438 2652 642 2695 videretur,
677 2651 788 2686 tacuit
811 2657 883 2685 tum
908 2650 966 2684 vir
987 2650 1283 2695 sapientissimus.
1331 2662 1400 2685 non
1424 2649 1533 2684 multo

50 2705 132 2746 post
158 2705 272 2734 autem
296 2710 371 2733 cum
395 2698 432 2733 in
457 2698 589 2743 regiam
615 2698 791 2740 venisset,
820 2697 1088 2743 imperatorem,
1125 2697 1176 2732 uti
1202 2708 1265 2743 par
1288 2703 1387 2742 erat,
1419 2697 1533 2731 hono-

51 2746 154 2782 rifice
185 2745 358 2789 salutans,
393 2745 502 2780 filium
534 2744 628 2789 patri
656 2743 756 2789 regio
783 2743 904 2778 habitu
928 2744 1122 2778 adstantem
1151 2743 1394 2778 inhonoratum
1425 2754 1531 2788 prae-

51 2793 164 2828 teriit.
211 2793 403 2837 imperator
425 2792 462 2826 id
486 2791 664 2826 oblivione
686 2791 816 2825 factum
840 2790 1006 2835 credere,
1030 2790 1234 2836 hortarique
1255 2789 1534 2836 Amphilochium

52 2845 93 2874 ut
114 2839 188 2874 filio
214 2849 354 2884 quoque
378 2839 439 2884 qui
462 2837 541 2882 regi
564 2839 714 2873 debetur
735 2836 910 2872 salutandi
941 2836 1109 2872 honorem
1142 2837 1339 2882 exhiberet.
1385 2836 1534 2883 Amphi-

51 2885 188 2920 lochius
221 2885 343 2921 dicere
373 2885 551 2932 privatam
580 2884 615 2919 ei
649 2882 894 2919 salutationem
927 2884 1016 2920 satis
1049 2895 1142 2920 esse.
1191 2894 1268 2919 cnm
1290 2882 1535 2929 indignaretur
