1742 3184
170 161 271 210 340
651 158 895 206 GEORGII
924 157 1172 202 GEDRENI

118 280 150 317 D
316 275 369 319 Οἳ
389 275 433 319 δὲ
451 278 526 330 τῆς
547 271 763 331 Αῗγύπτου
781 269 1096 328 βασιλεύσαντες
1117 269 1222 326 μετὰ
1249 268 1531 329 Ἀλέξανδρον
1553 271 1652 314 εἶσὶν

174 347 282 398 οἵδε,
316 347 576 400 Πτολεμαῖος
597 342 809 399 ὃΛάγου,
850 341 919 399 ἐφ’
955 335 1004 384 οὗ
1031 341 1276 397 Μένανδρος
1307 338 1328 383 ὃ
1361 340 1654 399 κωμῳδοποιὸς

174 415 404 473 ἑγνωρίζετο
423 415 490 456 καὶ
512 412 779 470 Θεόφραστος
801 409 823 454 ὃ
847 407 1098 469 φιλόσοφος,
1132 412 1392 464 Πτολεμαῖος
1413 407 1436 451 ὅ
1457 407 1653 466 φιλάδελ-

175 501 277 542 φος,
313 483 383 541 ἐφ’
417 476 466 525 οὗ
496 483 535 525 οἳ
565 480 598 524 ο’
627 480 830 537 Ἑβραίων
849 480 970 538 σοφοὶ
994 479 1065 522 τὸν
1085 477 1210 534 νόμον
1230 476 1502 535 ἦρμήνευσαν,
1535 480 1654 520 Πτο-

176 558 342 608 λεμαῖος
373 549 394 594 ὃ
433 551 662 609 εὐεργέτης,
708 550 776 607 ἐφ’
815 543 865 592 οὗ
903 548 977 604 τὴν
1012 546 1239 606 πανάρετον
1268 548 1418 604 σοφίαν
1454 545 1687 598 ‹mussas-5

171 620 379 679 Ἑβραίοις
391 621 557 676 Ἰησοῦς
576 617 600 662 ὅ
619 623 691 662 τοῦ
714 618 848 677 Σιρὰχ
867 618 1096 676 ἕγνωρίζετο
1105 650 1119 670 ,
1153 619 1414 671 Πτολεμαῖος
1431 614 1453 658 ὅ
1478 614 1656 674 φιλοπά-

174 708 286 749 τωρ,
322 689 391 747 ἐφ’
421 683 470 732 οὗ
499 687 520 732 ὅ
548 693 630 732 τῶν
655 686 865 746 εΕβραίων
885 688 985 738 λαὸς
1013 685 1271 742 αἰχμάλωτος
1293 686 1436 741 ἀχθεὶς
1456 685 1498 727 ἓν
1522 683 1657 742 Αἶγύ-

178 777 267 818 πτῳ
284 756 468 802 τοιοῦτόν
487 775 526 800 τι
547 757 738 800 πέπονθε.
807 758 1028 815 προσέταξε
1050 756 1130 813 γὰρ
1158 750 1276 805 οὗτος
1306 761 1391 805 τοῖς
1423 753 1548 797 αῧτοῦ
1578 752 1658 796 ὓπ-

179 834 394 878 ασπισταῖς
415 827 639 886 ἐλέφαντας
658 825 703 884 φ’
728 826 972 884 εὐτρεπίσαι,
996 827 1064 868 καὶ
1083 822 1253 875 τούτους
1269 822 1452 879 μεθύσαι
1477 824 1571 882 οἴνῳ
1595 828 1659 865 λι-

176 901 372 955 βανωτῷ,
412 898 482 939 ἵνα
515 896 778 940 ἀποκτείνωσι
810 894 906 946 τοὺς
932 895 1178 945 Ἰουδαίους.
1245 898 1328 937 τῶν
1358 893 1576 936 Ἰουδαίων
1615 893 1659 934 δὲ
1673 901 1715 935 10

179 967 408 1021 εὐξαμένων
427 966 465 1008 οἱ
489 966 703 1024 ἐλέφαντες
725 967 781 1015 εἷς
801 964 897 1015 τοὺς
914 962 1062 1008 ἑαυτοῦ
1080 960 1333 1021 στρατιώτας
1352 979 1395 1005 τε
1415 964 1484 1005 καὶ
1507 961 1662 1019 δήμους

34 1043 65 1078 Ρ
90 1042 157 1079 194
179 1033 476 1094 ἐξορμήσαντες
494 1034 623 1078 πολὺν
645 1034 780 1077 αὐτῶν
797 1032 918 1088 ὄχλον
938 1035 980 1076 ἓν
1000 1037 1053 1091 τῇ
1069 1030 1309 1090 περιεχούσῃ
1327 1032 1455 1092 μανίᾳ
1476 1032 1662 1088 διέφθει-

182 1123 272 1164 ραν.
342 1105 410 1147 καὶ
443 1102 549 1147 οὕτω
580 1101 824 1161 παραδόξως
853 1103 892 1145 οἳ
915 1103 1116 1145 Ἰουδαῖοι
1146 1102 1439 1158 περισωθέντες
1467 1100 1663 1155 ἀβλαβεῖς

181 1171 451 1229 ἀπελύθησαν
467 1174 525 1224 εἷς
543 1172 596 1216 τὰ
620 1173 726 1225 ἴδια,
762 1176 821 1231 τῷ
841 1171 1025 1229 εὐεργέτῃ
1048 1175 1138 1229 θεῷ
1167 1171 1508 1227 εὐχαριστοῦντες.
1578 1167 1663 1212 εἶτα

180 1241 387 1301 βασιλεύει
409 1245 669 1296 Πτολεμαῖος
692 1240 713 1284 ὅ
736 1242 970 1297 ἐπικληθεὶς
990 1239 1149 1298 σωτήρ,
1185 1242 1445 1294 Πτολεμαῖος
1475 1238 1496 1281 ὅ
1528 1238 1660 1282 'Am‘-
1677 1243 1719 1278 15

183 1314 378 1370 ξανὸρος,
407 1313 669 1366 Πτολεμαῖος
683 1309 706 1354 ὃ
726 1310 904 1368 ἀδελφὸς
922 1310 1050 1353 αὐτοῦ
1060 1342 1073 1362 ,
1108 1312 1367 1364 Πτολεμαῖος
1389 1306 1410 1350 ὃ
1431 1306 1674 1362 Διονύσιος,

183 1380 433 1438 Κλεοπᾶτρα
461 1378 487 1436 ἦ
509 1379 654 1423 τούτου
677 1377 867 1437 θυγάτηρ
881 1393 894 1404 ·
940 1378 991 1435 ἣν
1011 1378 1254 1435 Αὔγουστος
1284 1378 1436 1421 ἀνελὼν
1463 1378 1506 1420 ἓν
1528 1382 1586 1436 τῷ
1610 1375 1664 1420 ιδ’

184 1449 263 1495 ἴτει
289 1454 363 1504 τῆς
392 1449 520 1493 αὐτοῦ
547 1450 760 1504 βασιλείας
781 1447 980 1504 ἐκράτησε
1004 1453 1077 1504 τῆς
1097 1445 1339 1503 Αἰγύπτου,
1382 1447 1571 1490 καθελὼν
1591 1446 1665 1502 τὴν

183 1521 396 1576 βασιλείαν
413 1522 495 1562 τῶν
511 1520 783 1573 Πτολεμαίων
806 1519 1080 1576 διαρκέσασαν
1098 1519 1140 1560 ἓν
1161 1517 1263 1560 ἔτεσι
1286 1518 1505 1567 διακοσίοις
1521 1514 1575 1573 q'.

330 1588 383 1630 Οἳ
418 1588 462 1629 δὲ
491 1587 595 1642 μετὰ
627 1587 701 1642 τὴν
739 1588 783 1629 ἐκ
816 1589 1070 1640 Βαβυλῶνος
1102 1584 1299 1628 ἐπάνοδον
1332 1583 1724 1642 καθηγησάμενοιὲθ

134 1660 166 1698 Β
190 1655 391 1715 ἀρχιερεῖς
410 1657 508 1699 εῗσὶν
523 1650 658 1707 οὗτοι,
689 1655 878 1710 Ἰησοῦς,
909 1655 1101 1698 Ἰωσεδὲκ
1119 1653 1207 1710 ἅμα
1227 1653 1493 1712 Ζοροβάβελ,
1514 1652 1668 1697 Ἰάκω-

187 1731 265 1782 βος
285 1725 374 1776 υἱὸς
389 1724 555 1780 Ἰησοῦ,
593 1721 823 1778 Ἰλιάσιμος
842 1723 1052 1779 Ἰακίμου,
1090 1724 1239 1766 ’Iunias
1258 1723 1466 1779 Ἰωσήβου
1476 1756 1491 1777 ,
1518 1723 1669 1766 Ἰωάν-

189 1812 263 1851 νης
285 1792 306 1838 ὃ
330 1797 406 1839 τοῦ
422 1792 575 1837 ’1ωὸαὲ
578 1826 593 1846 ,
626 1793 815 1846 Ἰαὸοῧς,
854 1793 928 1852 ἐφ’
959 1788 1008 1837 οὗ
1028 1793 1311 1851 Ἀλέξανδρος
1338 1792 1669 1852 ἓνἾερουσαλὴμ

283 1968 442 2015 Aegypti
459 1980 563 2014 reges
583 1972 665 2015 post
678 1968 912 2005 Alexandrum
936 1969 1081 2004 fuerunt
1095 1968 1318 2004 Ptolemaeus
1333 1968 1426 2014 Lagi
1446 1968 1550 2012 filius,
1573 1967 1672 2003 cuius

191 2020 311 2053 aetate
333 2016 529 2051 Menander
553 2016 809 2051 comoediarum
833 2015 986 2063 scriptor
1013 2015 1139 2051 claruit
1162 2021 1198 2051 et
1219 2015 1490 2062 Theophrastus
1514 2015 1673 2061 philoso-

218 2063 296 2098 hus.
343 2061 566 2097 Ptolemaeus
596 2062 871 2109 Philadelphus,
901 2062 1001 2097 cuius
1029 2062 1127 2097 iussu
1158 2064 1205 2098 70
1226 2062 1448 2097 Ebraeorum
1478 2060 1674 2096 doctissimi

190 2074 304 2154 legem
324 2109 593 2144 transtulerunt.
639 2108 859 2144 Ptolemaeus
877 2109 1096 2153 Euergetes,
1121 2110 1186 2144 sub
1205 2120 1275 2154 quo
1294 2109 1394 2143 Iesus
1415 2108 1556 2143 Sirachi
1579 2107 1674 2142 filius

191 2154 366 2200 innotuit,
398 2155 458 2201 qui
491 2155 618 2190 librum
653 2156 698 2190 de
721 2154 897 2202 sapientia
922 2155 1261 2201 praestantissimum
1283 2154 1438 2190 Ebraeis
1461 2153 1673 2200 composuit.

191 2201 417 2237 Ptolemaeus
439 2201 665 2248 Philopator:
695 2202 726 2237 is
748 2214 813 2236 rex
839 2202 1031 2237 Ebraicum
1054 2202 1242 2248 populum,
1273 2201 1335 2247 qui
1356 2200 1516 2247 captivus
1539 2201 1578 2235 in
1601 2201 1674 2235 Ae-

192 2252 342 2293 gyptum
360 2248 479 2283 fuerat
497 2249 686 2294 abductus,
722 2248 873 2294 perdere
895 2252 1074 2292 statuens,
1099 2247 1313 2283 satellitibus
1336 2248 1517 2282 mandavit
1544 2252 1583 2282 ut
1606 2247 1676 2281 500

195 2294 402 2339 elephantos
426 2294 654 2340 instruerent,
683 2306 815 2340 eosque
837 2294 919 2329 vino
942 2294 1099 2329 libanoto
1123 2293 1319 2329 inebriatos
1341 2294 1485 2329 Iudaeis
1507 2293 1674 2328 immitte-

194 2346 288 2377 rent.
338 2341 402 2375 sed
429 2341 484 2375 his
507 2342 609 2376 deum
633 2341 880 2387 precantibus,
915 2341 1096 2386 elephanti
1120 2341 1158 2375 in
1187 2340 1307 2385 regios
1330 2339 1459 2375 milites
1492 2345 1529 2375 et
1550 2340 1674 2383 Aegy-

195 2386 349 2432 ptiacam
371 2389 509 2423 turbam
541 2387 676 2434 impetu
704 2388 787 2422 dato
816 2399 881 2434 per
913 2388 1069 2422 furorem
1098 2398 1259 2432 magnam
1281 2387 1457 2422 hominum
1480 2385 1674 2421 multitudi-

196 2444 276 2467 nem
300 2432 483 2469 eliserunt.
530 2433 654 2479 itaque
675 2439 817 2479 praeter
840 2434 990 2469 omnium
1015 2446 1114 2479 spem
1140 2432 1275 2468 servati
1296 2433 1440 2477 Iudaei,
1483 2432 1675 2466 incolumes

196 2478 235 2512 in
259 2479 408 2524 patriam
431 2483 514 2515 sunt
535 2479 683 2524 dimissi,
710 2482 777 2515 deo
801 2492 864 2517 suo
888 2480 1111 2515 benefactori
1133 2479 1270 2525 gratias
1294 2485 1453 2524 agentes.
1480 2484 1562 2523 post
1583 2479 1676 2512 hunc

197 2536 307 2569 regno
340 2526 480 2561 functus
515 2531 571 2561 est
594 2527 814 2562 Ptolemaeus
838 2527 1045 2569 cognomine
1069 2527 1190 2561 Soter.
1238 2526 1323 2560 inde
1345 2525 1569 2560 Ptolemaeus
1591 2524 1674 2559 Ale-

198 2571 352 2616 xander,
375 2572 598 2607 Ptolemaeus
619 2573 732 2608 frater
756 2573 850 2618 eius,
874 2572 1097 2608 Ptolemaeus
1119 2571 1332 2616 Dionysius,
1357 2571 1548 2618 Cleopatra
1571 2571 1675 2606 huius

197 2616 292 2651 filia:
315 2628 419 2663 quam
440 2620 619 2663 Augustus
643 2631 770 2654 annum
794 2622 812 2655 1
859 2619 1036 2664 imperans
1059 2619 1258 2653 interfecit:
1282 2618 1519 2665 Aegyptoque
1541 2617 1674 2665 potitus

197 2673 343 2707 regnum
365 2664 642 2701 Ptolemaeorum
665 2666 809 2709 delevit,-
827 2667 928 2711 ,quod
949 2666 1140 2700 duraverat
1163 2675 1273 2700 annos
1291 2665 1374 2700 290.

288 2708 402 2761 Porro
435 2711 497 2756 qui
531 2723 552 2746 a
580 2712 697 2747 reditu
722 2725 766 2748 ex
795 2711 978 2756 Babylone
1006 2710 1173 2758 populum
1193 2710 1376 2746 Iudaicum
1398 2711 1677 2755 gubernaverun

199 2755 385 2833 pontlfices
409 2757 569 2802 maximi,
594 2758 632 2792 hi
654 2764 749 2794 sunt.
797 2758 909 2802 Iesus,
932 2758 1123 2793 Iosedecus
1147 2768 1224 2792 cum
1247 2756 1492 2800 zorobabele,
1527 2757 1680 2791 Iacobus

219 2810 282 2833 esu
296 2800 402 2845 filius,
419 2802 590 2839 Iliasimus
603 2804 726 2839 Iacimi
737 2805 843 2848 filius,
861 2804 988 2839 Iodaas
1001 2804 1120 2839 Iosebi
1137 2803 1243 2847 filius,
1261 2803 1413 2838 Ioannes
1426 2803 1557 2838 Iodaae
1572 2802 1679 2846 filius,

200 2845 328 2881 Indus:
353 2858 422 2893 quo
445 2850 685 2894 pontificatum
709 2856 869 2898 gerente,
895 2849 1094 2887 Alexander
1107 2849 1367 2896 Hierosolymis
1382 2850 1486 2887 deum
1501 2848 1677 2885 adoravit.
