1742 3184
166 171 266 222 674
353 160 360 166 “
649 166 894 216 saonen
928 166 1175 214 nizonem

166 288 400 349 εὑρίσκουσι
429 287 503 333 τὸν
539 284 770 347 φιλόσοφον
802 281 1042 341 καθήμενον
1077 282 1146 327 καὶ
1183 282 1258 340 τὴν
1290 288 1413 341 χεῖρα
1444 281 1550 338 μετὰ
1582 285 1656 325 τοῦ

166 358 411 420 γράμματος
442 359 717 416 προτείνοντα.
796 359 878 398 τῶν
907 354 952 398 δὲ
980 357 1183 412 κληρικῶν
1221 353 1481 411 πειρωμένων
1517 356 1658 407 λαβεῖν

169 431 242 475 τὸν
267 427 426 487 χάρτην
457 428 591 472 οὐδενὶ
617 430 761 470 τοῦτον
788 422 928 468 ἔδωκε.
1005 427 1082 471 τοῦ
1112 423 1156 466 δὲ
1183 421 1406 467 ἐπισκόπου
1437 422 1511 479 τὴν
1537 428 1658 479 χεῖρα

171 499 440 549 ἇπλῶσαντος
459 499 713 554 παραχρῆμα
731 494 802 538 τὸν
815 492 977 553 χάρτην
996 493 1161 545 ἐπιδοὺς
1178 493 1342 537 ἀνέπεσε
1358 490 1506 536 πάλιν·
1536 490 1658 549 ὅνπερ

173 570 339 621 ἀνοίξας
368 570 432 610 ἐπὶ
459 565 648 619 πάντων,
692 558 784 623 εὗρε
812 566 955 608 νεωστὶ
987 562 1347 621 ὑπογεγραμμένον
1371 566 1424 620 τῇ
1444 563 1552 620 χειρὶ
1584 565 1693 605 τοῦ5

175 638 409 699 φιλοσόφου
434 633 690 692 οὕτως’(ἕγώ
709 632 916 693 Εὗάγριος
934 631 1165 693 φιλόσοφος
1183 634 1249 678 σοὶ
1269 637 1328 692 τῷ
1347 630 1558 690 ὅσιωτάτῳ
1575 632 1663 673 ἔπι-

175 708 318 767 σκόπῳ
340 708 466 765 κυρίῳ
484 723 566 761 μου
589 706 771 763 Συνεσίῳ
786 705 959 762 χαίρειν.
1029 703 1120 747 ἴσθι
1130 735 1144 756 ,
1179 702 1307 760 πάτερ
1322 735 1335 755 ,
1371 700 1428 753 (ὃς
1448 701 1596 756 ἔλαβον
1617 700 1664 743 τὸ

172 780 297 838 χρέος
317 773 702 827 ἕκατονταπλάσιον,
743 778 812 817 καὶ
832 773 978 817 οὐδένα
999 772 1103 832 πρός
1122 790 1167 817 σε
1196 772 1316 830 λόγον
1342 771 1420 828 ε’χω
1449 773 1540 829 περὶ
1568 767 1667 814 τού-

126 852 160 889 D
184 847 301 894 του.”
345 881 349 884 .
372 845 536 889 πάντων
559 840 631 888 οὖν
648 849 731 889 τῶν
751 842 1017 888 ἀκουσάντων
1037 843 1375 900 καταπλαγέντων
1391 839 1571 900 σφόδρα,
1599 841 1669 883 καὶ

179 919 244 962 ἐπὶ
267 917 370 960 πολὺ
394 913 624 974 κραζόντων
654 915 700 958 τὸ
732 912 847 972 κύριε
874 914 1039 970 ἐλέησον
1046 945 1061 967 ,
1103 914 1307 957 ἐκέλευσεν
1335 909 1357 955 ὅ
1384 912 1600 965 ἐπίσκοπος
1620 909 1666 953 τὸ
1682 919 1725 955 10

178 991 255 1032 τοῦ
277 984 509 1045 φιλοσόφου
536 983 754 1043 ἵδιόχειρον
771 988 991 1042 τηρεῖσθαι
1012 984 1054 1026 ἐν
1072 987 1130 1042 τῷ
1156 982 1481 1040 σκευοφυλακίῳ.

323 1060 399 1114 Τῷ
417 1053 476 1108 κζ’
498 1054 598 1107 ἴτει,
627 1056 725 1111 μηνὶ
744 1052 978 1112 Αὐγούστῳ
1002 1051 1062 1106 ιε’,
1097 1053 1232 1110 γέγονε
1254 1051 1422 1107 σεισμὸς
1437 1051 1587 1108 μέγας,
1617 1047 1674 1100 ὥς

181 1132 317 1171 πεσεῖν
339 1125 518 1176 πολλοὺς
540 1124 678 1176 οἴκους
699 1125 768 1167 καὶ
790 1125 1005 1180 ἐκκλησίας
1024 1124 1092 1166 καὶ
1112 1122 1261 1181 λοετρὰ
1283 1124 1352 1165 καὶ
1378 1121 1430 1165 τὰ
1460 1122 1570 1177 τείχη
1589 1116 1674 1175 μά-

184 1201 307 1240 λιστα
326 1200 399 1252 τῆς
411 1199 572 1253 χρυσῆς
591 1193 770 1253 πόρτης·
801 1194 869 1236 καὶ
892 1195 1036 1236 πολλοὶ
1055 1193 1280 1236 ἀπέθανον.
1325 1185 1445 1242 οὗτος
1466 1189 1493 1234 ὅ
1509 1189 1677 1245 σεισμὸς

184 1263 440 1324 παγκόσμιος
467 1265 638 1322 γέγονεν,
673 1262 778 1308 ὥστε
807 1268 945 1307 πᾶσαν
971 1263 1047 1319 τὴν
1077 1263 1315 1318 οἰκουμένην
1337 1261 1484 1317 σχεδὸν
1503 1263 1677 1315 πτωθῆ-
1690 1266 1734 1304 15

184 1354 278 1389 ναι,
314 1337 381 1378 καὶ
401 1334 474 1389 τὴν
494 1332 717 1377 θάλασσαν
738 1331 1009 1391 ἀναρριχάναι
1029 1334 1146 1388 μίλια
1171 1331 1244 1376 δύο
1257 1364 1270 1384 ,
1312 1333 1380 1375 καὶ
1400 1331 1534 1374 πολλὰ
1555 1334 1679 1372 πλοῖα

40 1418 71 1452 Ρ
95 1414 164 1454 385
188 1405 422 1450 ἀπολέσθαι
442 1406 485 1447 ἐν
504 1408 555 1463 τῇ
575 1408 651 1447 τοῦ
670 1403 824 1454 ὕδατος
845 1404 1110 1458 ἀναχαιτίσει.
1179 1404 1248 1445 καὶ
1270 1403 1312 1445 ἒν
1335 1401 1410 1457 μὲν
1431 1405 1481 1458 τῇ
1506 1399 1681 1459 Ἀραβία

187 1478 256 1520 καὶ
285 1476 547 1532 Παλαιστίνῃ
576 1476 645 1518 καὶ
678 1474 988 1532 Μεσοποταμίᾳ
1011 1474 1079 1516 καὶ
1105 1472 1328 1533 Ἀντιοχείᾳ
1357 1469 1683 1525 κατεπτώθησαν

188 1545 327 1596 πόλεις
348 1546 496 1588 πολλαὶ
515 1546 585 1587 καὶ
604 1548 755 1599 κῶμαι,
774 1544 843 1587 καὶ
864 1541 1188 1601 συνελήφθησαν
1209 1540 1444 1600 ἀνθρώπων
1457 1538 1599 1595 πλήθη
1613 1539 1683 1581 καὶ

191 1613 365 1672 ἀλόγων,
410 1614 593 1657 πέπτωκε
616 1614 663 1657 δὲ
682 1615 752 1657 καὶ
772 1617 847 1670 τῆς
866 1613 1145 1668 Νικομηδείας
1173 1612 1300 1671 μέρος
1323 1609 1452 1663 πολύ,
1495 1612 1571 1654 καὶ
1589 1611 1742 1652 ἐπε-20

190 1683 392 1742 κράτησεν
414 1682 437 1725 ὃ
459 1683 628 1738 σεισμὸς
644 1681 804 1741 ἡμέρας
821 1680 880 1738 μ’.
950 1684 1101 1739 γίνεται
1131 1683 1176 1725 δὲ
1203 1680 1230 1738 ἦ
1254 1679 1396 1738 μνήμη
1420 1684 1495 1724 τοῦ
1516 1682 1687 1734 σεισμοῦ

191 1752 341 1798 τούτου
367 1752 462 1796 κατ’
490 1752 579 1804 ἔτος
601 1753 643 1796 ἓν
662 1757 723 1811 τῷ
742 1751 912 1811 Κάμπῳ
934 1750 1215 1802 λιτανεύοντος
1235 1755 1310 1794 τοῦ
1328 1754 1446 1793 λαοῦ.

337 1825 411 1883 Τῷ
430 1821 493 1877 κη’
518 1822 620 1876 ἔτει,
655 1824 756 1878 μηνὶ
771 1822 928 1882 Ἰουλίῳ
939 1853 954 1875 ,
998 1822 1040 1866 ἐν
1062 1825 1112 1880 τῇ
1134 1818 1298 1873 συνάξει
1319 1824 1393 1864 τοῦ
1415 1818 1540 1878 ὄρους
1554 1816 1691 1875 γέγονε

197 1996 397 2045 sepulcrum
421 1996 588 2032 accessit.
636 2008 707 2044 quo
731 1999 855 2044 aperto
879 1996 1095 2033 invenerunt
1120 1995 1368 2044 philosophum
1391 1996 1595 2040 sedentem,
1619 2006 1696 2030 ma—

198 2056 352 2090 numque
387 2054 465 2079 cum
497 2044 620 2078 charta
651 2045 937 2098 protendentem.
992 2055 1096 2090 quam
1121 2055 1199 2079 cum
1221 2044 1354 2079 vellent
1377 2043 1498 2079 clerici
1525 2042 1697 2086 eximere,

199 2090 334 2127 nemini
356 2100 476 2125 eorum
500 2097 698 2125 concess1t=
732 2091 902 2137 episcopo
939 2095 1055 2126 autem
1087 2103 1226 2126 manum
1251 2091 1452 2138 explicante
1477 2102 1554 2125 eam
1576 2088 1698 2125 statim

199 2137 348 2182 dimisit,
373 2148 416 2172 ac
439 2136 617 2175 recubuit.
667 2149 687 2172 e
714 2137 856 2183 iscopus
882 2138 1007 2173 charta
1026 2138 1065 2173 in
1087 2143 1282 2184 conspectu
1307 2138 1458 2173 omnium
1477 2142 1615 2184 aperta,
1639 2135 1699 2169 in-

199 2183 303 2219 venit
332 2195 459 2219 recens
492 2195 595 2219 manu
628 2183 690 2230 phi
705 2184 832 2230 osophi
864 2184 1103 2231 subscriptum
1136 2185 1190 2220 ita
1229 2182 1434 2231 “Evagrius
1465 2182 1699 2231 philosophus

201 2230 426 2267 sanctissimo
461 2231 630 2277 episcopo
660 2231 802 2266 domino
834 2243 913 2266 meo
945 2231 1102 2276 Synesio
1132 2231 1293 2267 salutem.
1342 2232 1455 2276 scies,
1487 2235 1608 2278 pater,
1642 2240 1700 2263 me

202 2277 406 2336 centuplum
437 2277 550 2312 debiti
580 2277 784 2324 recepisse,
820 2290 937 2325 neque
964 2290 1006 2313 eo
1030 2278 1172 2313 nomine
1196 2279 1329 2313 habere
1378 2279 1448 2313 uod
1472 2279 1536 2313 abs
1561 2282 1598 2313 te
1622 2275 1700 2310 exi-

203 2336 300 2370 gam.
370 2324 438 2359 hoc
463 2324 608 2369 audito,
636 2336 713 2360 cum
749 2337 869 2360 omnes
903 2325 1133 2361 vehementer
1156 2325 1300 2361 attoniti
1326 2324 1538 2372 aliquamdiu
1561 2322 1705 2358 vociseu

204 2370 279 2406 rati
303 2375 425 2406 essent
443 2367 637 2406 “miserere
661 2372 803 2407 domine
816 2367 852 2417 ‚”
873 2372 978 2408 iussit
1004 2373 1215 2420 episcopus,
1250 2371 1456 2421 philosophi
1479 2381 1585 2407 manu
1609 2369 1702 2405 scri-

206 2423 305 2464 ptam
327 2417 492 2453 schedam
515 2418 554 2452 in
575 2418 726 2453 armario
753 2419 947 2454 asservari.

251 2509 261 2519 .
302 2465 405 2499 Anno
428 2464 602 2510 vigesimo
624 2465 789 2511 septimo,
813 2466 942 2500 mensis
966 2465 1116 2512 Augusti
1139 2465 1197 2501 die
1219 2464 1356 2500 decimo
1405 2465 1505 2500 uinto
1519 2491 1530 2510 ,
1554 2473 1703 2509 magnus

208 2510 281 2545 fmt
300 2515 419 2546 terrae
442 2517 571 2559 motus,
594 2511 656 2558 qui
680 2511 808 2547 multas
832 2513 967 2559 domos,
1002 2513 1112 2548 multa
1133 2512 1264 2559 templa
1286 2517 1323 2547 et
1345 2477 1474 2547 banea
1494 2510 1639 2556 deiecit,
1667 2514 1704 2544 et

209 2557 361 2592 maxime
390 2569 510 2593 muros
539 2558 585 2593 ed
615 2569 756 2594 auream
786 2564 944 2605 portam,
981 2559 1180 2605 multosque
1210 2558 1385 2594 mortales
1407 2558 1578 2605 perdidit.
1638 2567 1705 2603 per

211 2607 326 2638 totum
349 2606 513 2640 mundum
534 2606 605 2640 ista
630 2605 814 2640 concussio
838 2606 964 2641 damna
987 2606 1098 2651 dedit,
1123 2611 1160 2641 et
1182 2617 1279 2640 mare
1302 2606 1348 2640 ad
1372 2606 1441 2641 duo
1465 2604 1617 2640 miliaria
1642 2614 1706 2637 ae—

212 2654 290 2684 stus
312 2651 506 2697 resorpsit‚
543 2651 652 2698 inque
685 2664 728 2687 eo
752 2653 883 2687 multae
906 2657 990 2688 sunt
1014 2665 1125 2688 naves
1149 2653 1365 2688 confractae.
1415 2652 1454 2687 in
1474 2650 1610 2687 Arabia
1633 2650 1706 2684 Pa-

212 2695 366 2750 laestina
387 2698 716 2744 Mesopotamiaque
741 2704 782 2735 et
802 2699 1000 2735 Antiochea
1023 2701 1131 2735 urbes
1158 2699 1287 2735 multae
1318 2699 1473 2745 pegique
1506 2702 1588 2733 sunt
1619 2708 1706 2742 pro-

68 2763 78 2783 μ
216 2746 342 2797 strat-1,
366 2744 562 2791 obrutaque
586 2745 762 2781 hominum
786 2751 823 2781 et
844 2748 1027 2782 brutorum
1055 2747 1255 2782 multitudo.
1303 2748 1440 2781 corruit
1461 2745 1569 2780 etiam
1591 2743 1707 2778 Nico-

215 2789 355 2842 medme
377 2802 503 2834 magna
524 2803 620 2838 pars.
669 2793 825 2828 obtinuit
849 2798 963 2828 motus
993 2793 1064 2828 iste
1096 2794 1174 2828 dies
1208 2792 1456 2839 quadraginta.
1514 2789 1707 2839 quotannis

217 2845 294 2870 elus
318 2837 484 2872 memoria
507 2839 728 2883 celebratur,
756 2839 886 2887 populo
913 2840 950 2876 in
974 2840 1109 2886 Campo
1131 2840 1366 2887 supplicante.

310 2881 412 2918 Anno
443 2883 489 2920 28
519 2896 640 2922 mense
670 2886 762 2923 Iulio
794 2886 833 2923 in
863 2886 1112 2923 coniunctione
1145 2886 1274 2923 montis
1303 2897 1451 2934 magnus
1482 2883 1554 2921 fuit
1587 2887 1707 2920 terrae
