1742 3184
218 181 318 228 202
562 183 565 185 ’
697 183 937 229 GEORGII
972 184 1217 228 CEDRENI

347 295 425 340 Ἔν
449 297 493 341 δὲ
515 300 573 356 τῷ
595 296 717 356 τρίτῳ
744 296 821 342 ἔτει
845 302 918 354 τῆς
938 300 1218 353 αι’χμαλωσίας
1239 298 1443 344 ἀπέστειλε
1466 303 1690 356 Ναβουχο-

217 364 389 425 δονόσορ
420 367 491 410 τὸν
518 368 822 424 Ναβουζαρδὰν
862 367 1148 425 ἀρχιμάγειρον
1172 369 1301 412 αὐτοῦ
1323 372 1380 420 εἷς
1408 369 1688 427 Ἰερουσαλήμ,

69 445 100 480 Ρ
127 444 192 481 115
217 437 286 478 καὶ
306 436 376 479 τὸν
406 438 481 491 μὲν
509 435 616 480 οἷκον
634 438 776 494 κυρίου
796 438 864 479 καὶ
885 437 954 479 τὸν
977 436 1085 480 οἷκον
1102 443 1174 481 τοῦ
1195 439 1395 493 βασιλέως
1417 441 1484 483 καὶ
1503 441 1598 491 τοὺς
1616 458 1689 483 πε-

217 506 502 564 ριλειφθέντας
517 505 673 557 πάντας
691 506 825 557 οἶκους
842 506 1045 564 ἐνέπρησε,
1075 505 1428 564 διαρκέσανταξτὺν
1446 513 1562 551 θεῖον
1580 507 1689 551 οἶκον

216 575 296 617 ἀπὸ
320 579 392 630 τῆς
409 574 572 632 πρώτης
589 577 807 631 οἰκοδομῆς
825 575 927 618 ἔτεσι
946 575 1059 631 υμβ’,
1094 577 1190 628 τοὺς
1211 578 1255 620 δὲ
1267 582 1448 633 χαλκοῦς
1467 577 1542 621 δύο
1561 577 1688 634 μεγά-
1701 586 1722 621 5

216 648 314 694 λους
344 643 517 695 στύλους
538 647 604 687 καὶ
627 645 700 700 τὴν
715 648 875 701 χαλκῆν
896 643 1117 689 θάλασσαν
1146 649 1213 689 καὶ
1235 647 1332 697 τοὺς
1352 645 1541 690 ὑποκάτω
1564 649 1689 702 αὐτῆς

130 738 141 752 ·
194 739 196 743 ,
217 711 376 756 δώδεκα
398 712 578 769 μόσχους
597 716 664 757 καὶ
682 714 735 757 τὰ
760 712 1095 772 ὗποστηρίγματα
1116 718 1182 758 καὶ
1205 715 1338 759 πάντα
1357 716 1428 759 τὸν
1450 718 1490 759 ἓν
1507 722 1592 774 ναῷ
1615 734 1689 760 κυ-

216 783 305 840 ρίου
327 783 483 838 χαλκόν
511 785 739 841 συντρίψας
767 782 971 840 ἀπήγαγεν
1003 788 1059 836 εἷς
1079 789 1336 840 Βαβυλῶνα,
1380 788 1446 829 καὶ
1466 786 1602 840 μέντοι
1621 787 1689 828 καὶ

214 852 290 902 τὰς
302 856 462 910 χρυσᾶς
483 851 635 911 φιάλας
655 855 722 896 καὶ
739 853 814 904 τὰς
833 854 1015 911 ἀργυρᾶς
1035 856 1103 896 καὶ
1125 855 1199 905 τὰς
1214 859 1386 910 χαλκᾶς.
1455 857 1521 898 καὶ
1547 855 1619 898 οὐκ
1640 850 1690 910 ἦν

215 921 406 975 σταθμὸς
423 927 494 965 τοῦ
510 926 666 977 χαλκοῦ
685 927 765 965 τῶν
784 927 937 966 σκευῶν
956 921 1117 966 πάντων
1131 918 1186 966 ὧν
1204 924 1324 978 ἔλαβε
1346 922 1366 966 ὃ
1388 922 1687 981 ἀρχιμάγειρος.
1703 933 1742 968 10

213 994 295 1033 τῶν
321 992 364 1033 δὲ
387 993 602 1034 ἐπιλοίπων
628 992 835 1035 Ἰουδαίων
857 993 952 1043 τοὺς
975 992 1198 1048 ἐπισήμους
1229 993 1447 1050 ἀπαγαγὼν
1471 994 1574 1051 πρὸς
1595 997 1691 1036 Να-

215 1059 517 1117 βουχοδονόσορ
553 1061 650 1111 τοὺς
682 1062 755 1115 μὲν
787 1060 1022 1105 ἐθανάτωσε
1055 1063 1152 1113 τοὺς
1189 1064 1232 1105 δὲ
1267 1061 1439 1113 δούλους
1466 1064 1691 1120 παρέδωκε.

167 1136 197 1171 Β
221 1128 289 1171 τὸν
307 1130 352 1172 δὲ
372 1131 564 1172 Σεδεκίαν
585 1131 647 1172 ἐπὶ
671 1129 803 1173 σκότει
826 1132 1006 1182 καθίσας
1024 1136 1261 1189 μυλωθρεῖν
1283 1134 1555 1175 κατεδίκασεν.
1625 1132 1688 1188 ἐφ’

220 1193 268 1240 οὗ
287 1196 314 1253 ἦ
333 1199 531 1254 παντελὴς
550 1201 617 1241 καὶ
636 1198 774 1257 πρώτη
799 1199 948 1251 ἅλωσις
971 1205 1044 1255 τῆς
1066 1199 1335 1259 Ἰερουσαλὴμ
1354 1202 1524 1257 γέγονεν,
1559 1201 1692 1244 οὕκέτι

216 1270 531 1323 βασιλευθείσης
549 1267 627 1310 ὕπὸ
648 1270 868 1322 Ἰουδαίων,
907 1270 1000 1313 ἀλλ’
1025 1268 1105 1313 ὑπὸ
1128 1275 1207 1314 τῶν
1227 1272 1452 1313 Χαλδαίων
1469 1272 1687 1328 κρατηθεί-
1703 1274 1742 1310 15

218 1354 305 1392 σης.
374 1341 588 1395 τοιγαροῦν
609 1340 742 1395 τρίτον
764 1338 1138 1397 Ναβουχοδονόσορ
1170 1339 1374 1398 ἐπόρθησε
1397 1340 1471 1395 τὴν
1488 1338 1692 1396 Ἰερουσα-

219 1404 316 1461 λήμ,
351 1411 512 1464 πρῶτον
527 1407 600 1461 μὲν
617 1405 682 1450 ὅτε
703 1409 744 1450 ἓν
764 1412 823 1465 τῷ
844 1409 964 1466 τρίτῳ
984 1408 1059 1451 ἔτει
1075 1409 1280 1462 Ἔλιακεὶμ
1304 1410 1460 1462 ἀνῆλθε
1483 1411 1549 1450 καὶ
1571 1408 1693 1462 ἔλαβε

220 1476 296 1518 σὺν
322 1483 408 1526 τοῖς
436 1475 574 1526 ἄλλοις
600 1479 667 1518 καὶ
691 1475 787 1526 τοὺς
816 1475 955 1533 ἁγίους
985 1483 1092 1533 τρεῖς
1120 1480 1271 1528 παῖδας
1297 1479 1364 1519 καὶ
1384 1476 1569 1532 Δανιήλ,
1605 1476 1694 1527 ἴτος

218 1543 327 1601 ἄγων
357 1549 431 1601 τῆς
457 1547 668 1600 βασιλείας
698 1550 871 1602 πρῶτον,
912 1544 1096 1601 δεύτερον
1120 1547 1163 1588 δὲ
1186 1545 1252 1589 ὅτε
1282 1547 1322 1588 ἐν
1353 1550 1410 1603 τῷ
1439 1547 1561 1603 τρίτῳ
1594 1547 1692 1601 μηνὶ

212 1614 399 1669 Ἰεχονίου
421 1619 494 1657 τοῦ
516 1616 583 1656 καὶ
598 1615 806 1668 Ἰωακείμ,
842 1613 907 1657 ὅτε
931 1614 1074 1669 ἔλαβεν
1097 1614 1219 1657 αὐτόν
1250 1632 1291 1657 τε
1319 1614 1390 1658 τὸν
1412 1615 1602 1670 Ἰεχονίαν
1622 1617 1742 1658 amieo

216 1683 290 1738 τὴν
310 1684 467 1740 μητέρα
499 1684 624 1726 αὐτοῦ
648 1685 715 1725 καὶ
735 1684 919 1739 Ἰεζεκιὴλ
947 1684 1019 1726 τὸν
1044 1683 1273 1741 προφήτην,
1316 1684 1403 1735 ἔτος
1431 1683 1540 1740 ἄγων
1570 1684 1694 1735 αὐτὸς

217 1757 291 1807 τῆς
309 1754 519 1807 βασιλείας
537 1752 695 1809 ὄγδοον,
724 1755 791 1795 καὶ
813 1755 946 1810 τρίτον
968 1752 1033 1796 ὅτε
1055 1755 1096 1796 ἐν
1116 1758 1177 1812 τῷ
1195 1752 1392 1812 ἑνδεκάτῳ
1419 1753 1496 1797 ἴτε-ι
1518 1758 1591 1797 τοῦ
1613 1756 1695 1796 Σε-

165 1831 196 1866 C
221 1823 352 1865 δεκίου
385 1822 455 1865 τὸν
484 1823 582 1865 ναὸν
610 1822 800 1880 ἐνέπρησε
828 1824 896 1865 καὶ
919 1822 988 1865 τὸν
1007 1824 1198 1865 Σεδεκίαν
1225 1822 1476 1881 ἕξετύφλωσε
1508 1826 1575 1866 καὶ
1598 1823 1694 1874 τοὺς

218 1891 332 1943 υἱοὺς
377 1891 504 1935 αὐτοῦ
551 1892 779 1951 κατέσφαξε
819 1894 887 1935 καὶ
928 1891 974 1935 τὸ
1015 1896 1176 1948 πλῆθος
1216 1892 1397 1950 ἀπήγαγε
1435 1891 1694 1949 αἰχμάλωτον

228 2125 230 2127 .
312 2091 415 2127 Anno
439 2102 460 2127 a
482 2094 588 2137 capta
610 2092 697 2128 urbe
719 2092 825 2128 tertio
847 2093 1174 2128 Nabuchodonosor
1190 2093 1482 2130 Nabuzardanem
1499 2092 1696 2141 principem

220 2138 366 2174 militum
390 2138 485 2174 misit
506 2139 768 2186 Hierosolyma.
815 2140 846 2174 is
871 2141 991 2175 aedem
1012 2141 1082 2185 dei,
1106 2142 1242 2175 domum
1265 2141 1374 2187 regis,
1398 2147 1435 2176 et
1451 2141 1606 2186 reliquas
1628 2141 1694 2175 do·-

219 2198 294 2221 mos
319 2197 436 2221 omnes
461 2187 663 2221 combussit.
708 2186 873 2233 templum
899 2187 958 2222 dei
981 2199 1102 2232 annos,
1141 2199 1163 2222 a
1186 2199 1254 2233 quo
1279 2194 1438 2233 tempore
1462 2188 1608 2234 primum
1632 2199 1696 2222 ae-

220 2233 398 2267 dificatum
433 2239 506 2278 est,
540 2233 682 2267 duravit
703 2233 784 2268 442.
832 2239 984 2269 ceterum
1009 2236 1094 2269 duas
1115 2246 1259 2279 magnas
1283 2247 1405 2270 aereas
1429 2235 1518 2282 pilas
1543 2239 1579 2268 et
1600 2245 1696 2268 mare

220 2291 361 2314 aereum
385 2284 422 2314 et
441 2279 621 2314 duodecim
645 2280 679 2314 ei
696 2280 896 2326 suppositos
915 2281 1044 2315 vitulos
1066 2293 1107 2315 ac
1130 2283 1244 2325 bases,
1269 2281 1421 2327 denique
1444 2280 1609 2327 quicquid
1633 2292 1695 2314 ae·

218 2326 270 2360 ris
294 2326 331 2360 in
355 2326 486 2372 templo
509 2327 590 2371 suit,
617 2327 803 2361 contritum
829 2338 944 2362 secum
970 2328 1187 2372 Babylonem
1206 2328 1363 2362 abduxit.
1390 2328 1475 2373 quin
1499 2333 1535 2362 et
1554 2332 1696 2372 pateras

218 2384 343 2407 aureas
370 2379 556 2417 argenteas
578 2384 770 2418 aereasque
794 2385 912 2408 secum
937 2374 1095 2409 abstulit:
1130 2376 1265 2419 pondus
1298 2374 1391 2409 aeris
1418 2385 1580 2409 vasorum
1604 2384 1695 2418 quae

217 2419 350 2464 avexit,
377 2426 433 2454 est
454 2419 670 2455 immensum.
696 2420 907 2466 reliquorum
934 2421 1046 2455 adhuc
1069 2422 1277 2456 Iudaeorum
1301 2421 1525 2467 praecipuos,
1549 2420 1595 2454 ad
1617 2420 1694 2454 Na-

216 2466 541 2501 buchodonosorem
565 2467 756 2512 abductos,
790 2468 916 2512 partim
946 2467 1095 2511 occidit,
1134 2468 1221 2502 alios
1245 2468 1282 2502 in
1306 2468 1512 2503 servitutem
1535 2465 1697 2503 tradidit.

217 2512 256 2546 in
280 2513 488 2548 Sedechiam
511 2513 582 2548 lata
606 2519 659 2548 est
682 2515 857 2549 sententia
880 2514 932 2548 uti
965 2514 1002 2548 in
1031 2515 1188 2549 tenebris
1213 2515 1340 2549 sedens
1370 2514 1553 2559 pistrinum
1579 2512 1695 2556 agita-

218 2563 287 2592 ret.
336 2561 400 2594 sub
424 2560 490 2594 hoc
510 2560 684 2595 Sedechia
708 2571 851 2607 prorsus
876 2572 916 2594 ac
936 2561 1046 2606 primo
1069 2561 1320 2605 Hierosolyma
1341 2566 1444 2606 capta
1465 2571 1535 2594 non
1555 2558 1697 2594 Iudaeis

218 2607 403 2649 postmodo
429 2606 492 2640 sed
518 2607 705 2642 Chaldaeis
732 2607 876 2652 regibus
906 2608 1048 2642 subdita
1073 2608 1155 2642 suit.
1203 2613 1259 2642 ter
1283 2607 1422 2642 omnino
1445 2605 1696 2650 Hierosolyma

219 2651 546 2687 Nabuchodonosor
578 2654 808 2700 oppugnavit.
870 2653 1039 2700 primum,
1081 2664 1158 2689 cum·
1191 2659 1362 2698 regnante
1393 2653 1535 2687 tertium
1569 2663 1697 2686 anuum

220 2696 416 2732 Eliachimo
442 2700 646 2744 adscendit,
672 2712 858 2746 secumque
881 2700 975 2735 inter
999 2701 1086 2735 alios
1111 2701 1214 2735 etiam
1238 2700 1420 2735 Danielum
1445 2712 1486 2734 ac
1509 2704 1585 2734 tres
1607 2698 1696 2733 istos

222 2749 362 2778 sanctos
386 2756 513 2789 pueros
538 2747 697 2792 abduxit,
720 2747 830 2794 primo
855 2747 910 2781 sui
934 2747 1034 2793 regni
1059 2759 1163 2782 anno.
1199 2747 1398 2791 secundum,
1423 2747 1563 2791 quando
1587 2744 1697 2780 tertio

223 2800 341 2823 mense
364 2791 465 2835 regni
487 2792 698 2839 Iechoniae,
724 2793 785 2841 qui
808 2798 845 2828 et
867 2794 1040 2829 Ioacimus
1064 2795 1211 2838 dicitur,
1236 2805 1326 2828 anno
1351 2793 1406 2827 sui
1429 2792 1533 2838 regni
1555 2797 1696 2835 octavo,

222 2835 423 2871 lechoniam
444 2849 520 2871 cum
539 2847 648 2874 matre
667 2846 704 2875 et
722 2840 948 2876 Ezechielum
967 2846 1083 2875 vatem
1103 2840 1261 2876 abduxit.
1308 2839 1464 2884 tertium,
1488 2850 1564 2874 cum
1583 2838 1697 2873 uude-

225 2882 314 2917 cimo
339 2894 430 2918 anno
454 2886 556 2929 regui
578 2886 787 2934 Sedechiae,
811 2887 868 2924 sul
889 2887 1151 2934 undevigesimo
1174 2886 1339 2934 templum
1361 2885 1551 2931 cremavit,
1581 2885 1695 2920 Sede-
