1742 3184
365 195 764 251 msTORiARUM
797 205 1186 250 οοΜΡΕΝοιυΜ.
1420 204 1515 251 183

50 319 200 379 κύριος.
270 318 432 379 αὔριον,
470 318 526 371 ὥς
545 318 572 376 ἦ
595 319 688 378 (ὅρα
706 318 830 376 αὕτη,
862 319 1011 378 μέτρον
1031 316 1278 376 σεμιδάλεως
1293 318 1433 363 σίκλου
1448 321 1517 362 καὶ

50 392 238 449 δίμετρον
263 395 415 447 κριθῆς
435 380 574 433 σίκλου
595 390 638 433 ἕν
653 397 744 441 ταῖς
763 388 910 441 πύλαις
927 390 1192 448 Σαμαρείαςῖ
1264 391 1331 432 καὶ
1358 386 1464 433 εἶπεν
1490 387 1513 434 ὃ

48 457 266 518 τριστάτης
292 458 346 503 ἐἰ
374 459 521 511 ἀνοίξει
550 458 688 518 κύριος
714 459 811 510 τοὺς
835 458 1118 518 καταρράκτας
1139 462 1213 502 τοῦ
1229 458 1427 517 οὐρανοῦ,
1463 458 1512 502 οὗ
1534 464 1565 500 Β

48 529 107 584 μὴ
139 527 251 571 ἔσται
281 528 433 572 τοῦτο.3
505 527 528 572 ὃ
557 529 600 572 δὲ
618 530 822 580 Ἐλισαΐος
845 531 970 587 φησίν
989 527 1099 572 ιἰδοὺ
1124 527 1220 584 ὄψει
1239 534 1326 580 τοῖς
1349 528 1517 587 ὀφθαλ-

15 606 38 642 ⁵
48 604 142 653 μοῖς
161 615 261 651 σου,
296 600 363 641 καὶ
384 599 539 641 ἐκεῖθεν
559 599 608 641 οὗ
625 597 684 654 μὴ
702 598 844 656 φάγῃ.’
916 600 983 642 καὶ
1005 598 1150 656 ἄνδρες
1169 600 1306 656 λεπροὶ
1323 598 1518 656 τέσσαρες

48 667 162 725 παρὰ
183 667 258 723 τὴν
281 665 411 723 πόλην
426 672 500 723 τῆς
515 666 668 719 πόλεως
686 667 937 723 καθήμενοι,
971 669 1039 711 καὶ
1066 667 1137 711 τὸν
1153 667 1273 723 λιμὸν
1290 667 1350 724 μὴ
1368 667 1517 726 φέρον-

48 753 137 789 τες,
173 735 464 791 ἐβουλεύσαντο
492 736 596 795 πρὸς
617 737 714 788 τοὺς
737 738 941 789 ἐναντίους
965 738 1258 794 αὒτομολῆσαι.
1326 739 1395 780 καὶ
1423 739 1516 780 δια-

47 804 266 858 ναστάντες
301 807 344 849 ἓν
379 811 439 866 τῷ
474 805 608 850 σκότει
643 807 835 863 εῗσῆλθον
865 810 922 858 εἷς
951 807 1026 864 τὴν
1057 806 1322 866 παρεμβολὴν
1350 808 1518 865 Συρίας.

48 877 116 918 καὶ
147 875 237 918 ι’δοῦ
271 875 346 919 οὔκ
371 870 424 932 ἦν
456 876 558 933 ἀνὴρ
588 878 692 929 ἐκεῖ,
741 875 802 919 ὅτι
840 874 980 934 κύριος
1015 876 1218 934 ἀκουστὴν
1251 876 1409 932 ἐποίησε
1442 876 1517 932 τὴν

0 951 39 987 10
50 945 313 1002 παρεμβολὴν
345 947 500 1003 Συρίας
531 945 672 1004 φωνὴν
707 943 902 1003 ἁρμάτων
938 947 1007 989 καὶ
1040 948 1177 990 ἵππων
1206 948 1275 990 καὶ
1306 945 1517 1000 δυνάμεως

47 1011 237 1070 μεγάλης.
305 1016 374 1058 καὶ
403 1015 642 1072 ἀπέδρασαν
671 1016 713 1058 ἓν
745 1020 805 1074 τῷ
833 1013 967 1059 σκότει
989 1014 1161 1069 πάντες,
1201 1015 1519 1071 καταλείψαντες

47 1082 220 1127 ἅπαντα.
287 1086 354 1127 καὶ
382 1088 464 1127 τῶν
486 1089 645 1143 λεπρῶν
666 1084 1008 1142 διασαφησάντων
1027 1085 1070 1128 ἓν
1089 1091 1140 1143 τῇ
1158 1084 1270 1129 πόλει
1283 1117 1296 1137 ,
1332 1086 1516 1128 ἀπέστει-

49 1156 115 1197 λεν
137 1151 159 1196 ὅ
180 1153 373 1208 βασιλεὺς
389 1158 537 1211 γνῶναι
556 1156 591 1197 εἴ
609 1154 772 1210 ἀληθὴς
789 1153 810 1197 ὅ
831 1153 964 1211 λόγος.
1022 1157 1090 1198 καὶ
1108 1155 1376 1212 πορευθέντες
1388 1156 1518 1197 ὀπίσω

47 1226 123 1265 τοῦ
143 1223 344 1276 βασιλέως
364 1225 516 1281 Συρίας
539 1224 614 1275 ἕως
640 1228 714 1267 τοῦ
737 1223 974 1281 Ἰορδάνου,
1005 1225 1095 1268 ι’ὃοῦ
1116 1222 1272 1280 πᾶσαῆ
1294 1223 1389 1274 ὅδ’ὄς
1406 1222 1513 1279 πλή-
1534 1227 1567 1262 C

0 1301 37 1337 15
50 1309 124 1349 ρης
150 1292 321 1347 ἱματίων
354 1295 421 1335 καὶ
450 1298 604 1336 σκευῶν
631 1287 688 1336 ὧν
720 1291 888 1351 ἔρριψεν
919 1295 960 1336 ἐν
987 1298 1047 1353 τῷ
1065 1298 1329 1350 θαμβεΐσθαι
1355 1292 1517 1343 αὐτούς.

48 1363 115 1404 καὶ
142 1359 490 1420 ὑποστρεψάντων
515 1366 597 1405 τῶν
623 1361 955 1418 ἀπεσταλμένων,
991 1364 1159 1419 ἐξῆλθεν
1180 1362 1202 1406 ὅ
1225 1362 1327 1414 λαὸς
1344 1367 1419 1418 τῆς
1440 1360 1516 1405 πό-

49 1435 149 1482 λεως
178 1433 246 1474 καὶ
277 1430 475 1487 διήρπασε
504 1431 578 1487 τὴν
606 1431 868 1489 παρεμβολὴν
890 1434 1068 1490 Συρίας,
1102 1435 1171 1490 καὶ
1195 1433 1346 1489 ἐγένετο
1368 1432 1517 1488 με’τρον

47 1498 297 1555 σεμιδάλεως
323 1490 462 1543 σίκλου
489 1503 554 1543 καὶ
579 1502 766 1559 δι’,ιιετρον
785 1505 936 1559 κριθῆς
956 1503 1095 1544 σίκλου
1117 1501 1223 1546 κατὰ
1241 1501 1288 1544 τὸ
1309 1500 1420 1559 ῥῆμα
1441 1518 1515 1543 κυ-

50 1571 154 1626 ριόυ.
221 1574 297 1613 τοῦ
329 1570 374 1613 δὲ
406 1570 607 1625 βασιλέως
638 1569 969 1625 καταστήσαντος
999 1572 1071 1615 τὸν
1102 1569 1320 1630 τριστάτην
1352 1572 1415 1613 ἐπὶ
1443 1574 1517 1624 τῆς

0 1637 200 1694 ῑθπόλης,
234 1637 507 1695 συνεπάτησεν
522 1639 647 1682 αὐτὸν
661 1637 683 1682 ὃ
705 1639 804 1690 λαὸς
836 1641 930 1694 (καὶ
949 1640 1160 1696 ἀπέθανε)
1191 1640 1250 1695 μὴ
1272 1637 1453 1697 φαγόντα
1473 1640 1516 1682 ἐκ

48 1713 121 1751 τοῦ
142 1710 256 1752 σίτου
278 1709 383 1752 κατὰ
404 1708 450 1751 τὸ
471 1708 584 1768 ῥῆμα
605 1713 679 1752 τοῦ
697 1707 926 1766 προφήτου.

185 1779 270 1821 Καὶ
301 1778 438 1833 με’ντοι
472 1781 539 1821 καὶ
566 1778 612 1822 τὸ
637 1777 944 1836 Ἶεριχούντειον
967 1775 1083 1834 ὕδωρ
1114 1777 1174 1820 δι’
1205 1777 1324 1832 εὗχῆς
1357 1775 1516 1819 ῗάσατο.

47 1846 190 1906 πικρὸν
209 1846 289 1906 γὰρ
308 1842 359 1903 ἦν
382 1846 504 1907 φύσει
531 1850 598 1892 καὶ
617 1847 815 1892 δύσποτον
833 1850 900 1891 καὶ
931 1847 1034 1905 πρὸς
1054 1847 1303 1904 τεκνογονίαν
1319 1844 1512 1901 ἐμπόδιόν
1533 1857 1564 1891 D

47 2036 128 2060 sura
151 2023 357 2083 similaginis
380 2023 467 2060 siclo
493 2028 529 2060 et
552 2025 643 2061 duae
664 2037 847 2060 mensurae
869 2024 995 2061 hordei
1018 2024 1103 2059 siclo
1126 2023 1323 2059 vendentur
1344 2022 1383 2057 in
1405 2022 1520 2068 portis

48 2068 257 2107 Samariae?
315 2076 353 2107 at
375 2071 434 2106 ille
457 2071 598 2106 satelles
630 2068 697 2106 “ne
721 2072 751 2107 si
775 2072 913 2118 quidem
939 2074 1115 2106 fenestras
1147 2070 1236 2105 caeli
1259 2082 1278 2104 a
1306 2069 1398 2104 eriat
1419 2069 1519 2112 deus,

48 2118 116 2152 hoc
136 2117 206 2152 ullo
225 2118 327 2154 modo
349 2118 428 2153 fieri
449 2115 607 2164 potest.”
650 2118 813 2154 Elisaeus
832 2124 955 2154 contra
975 2114 1105 2152 “sane''
1129 2117 1245 2162 inquit
1261 2113 1270 2127 ‘
1286 2116 1353 2150 hoc
1370 2115 1423 2150 ita
1439 2115 1520 2148 fieri

49 2164 160 2199 oculis
183 2163 254 2199 tuis
277 2164 415 2200 videbis
426 2190 437 2208 ‚
461 2176 576 2210 neque
593 2170 711 2200 tamen
727 2165 810 2200 inde
825 2166 1010 2211 quicquam
1024 2159 1218 2209 gustabis.”
1249 2183 1251 2186 >
1265 2174 1307 2197 ea
1321 2162 1400 2207 ipsa
1415 2168 1521 2196 nocte

48 2216 214 2257 quattuor
237 2210 370 2258 leprosi
392 2210 454 2256 qui
479 2211 524 2246 ad
546 2211 643 2247 urbis
667 2218 802 2257 portam
827 2213 1055 2255 desidebant,
1086 2210 1179 2244 same
1204 2208 1362 2254 superati
1387 2208 1432 2242 ad
1452 2207 1519 2241 ho-

49 2264 122 2292 stes
146 2257 369 2303 transfugere
389 2262 600 2293 statuerunt.
647 2258 675 2292 ii
699 2270 775 2293 cum
799 2270 864 2305 per
883 2259 1049 2293 tenebras
1070 2256 1239 2301 Syrorum
1264 2261 1380 2288 castra
1402 2257 1521 2288 essent

48 2303 223 2349 ingressi,
249 2303 422 2339 neminem
444 2305 583 2338 omnino
601 2304 773 2340 hominem
791 2305 844 2340 ibi
860 2308 1081 2351 repererunt.
1130 2301 1259 2337 etenim
1279 2301 1365 2334 deus
1385 2300 1523 2335 fecerat

49 2357 89 2385 ut
111 2349 149 2384 in
171 2350 216 2384 iis
240 2350 366 2385 castris
390 2350 525 2385 sonitus
545 2362 705 2386 curruum
729 2363 895 2397 equorum
916 2350 1102 2396 magnique
1123 2347 1299 2383 exercitus
1320 2346 1522 2388 audiretur3

49 2408 119 2442 qno
141 2396 325 2443 perterriti
347 2397 432 2442 Syri
458 2396 613 2432 omnibus
635 2399 740 2432 rebus
763 2398 895 2433 relictis
923 2398 960 2431 in
985 2395 1142 2431 tenebris
1166 2394 1370 2439 profugere.
1416 2403 1520 2438 quam

48 2454 123 2478 rem
144 2454 221 2477 cum
244 2443 376 2489 leprosi
398 2443 435 2478 in
458 2445 580 2478 urbem
603 2444 885 2489 renuntiassent,
910 2443 1004 2478 misit
1025 2453 1088 2476 rex
1113 2441 1279 2487 quosdam
1302 2439 1520 2484 exploratum

49 2501 141 2524 anne
160 2488 198 2524 id
219 2489 385 2525 indicium
410 2501 531 2525 verum
556 2496 662 2525 esset.
711 2491 772 2536 qui
790 2491 885 2536 regis
909 2489 995 2535 Syri
1018 2487 1171 2531 vestigia
1195 2497 1307 2531 usque
1330 2486 1374 2521 ad
1395 2485 1520 2519 Iorda-

50 2548 127 2571 nem
145 2535 291 2571 fluvium
312 2537 424 2572 secuti
444 2541 552 2572 totam
572 2536 663 2571 viam
683 2538 841 2572 vestibus
862 2541 898 2571 et
919 2536 1014 2570 vasis
1031 2533 1201 2579 repletam
1218 2532 1406 2577 viderunt,
1429 2541 1522 2577 quae

47 2582 269 2629 trepidantes
300 2583 395 2619 inter
427 2583 630 2628 fugiendum
666 2583 752 2629 Syri
784 2584 999 2618 abiecerunt.
1056 2579 1336 2625 exploratoribus
1366 2578 1522 2613 reversis

48 2628 199 2684 populus
229 2631 317 2665 urbe
351 2642 391 2665 se
423 2631 467 2664 ad
505 2629 654 2664 hostium
685 2635 803 2665 castra
837 2628 1035 2675 diripienda
1059 2625 1198 2661 effudit.
1245 2629 1351 2670 atque
1375 2624 1427 2659 ita
1447 2629 1522 2659 tum

9 2707 15 2713 .
49 2674 194 2721 unpleta
217 2681 299 2711 sunt
321 2688 413 2723 quae
434 2677 479 2711 de
505 2676 643 2711 vilitate
665 2688 824 2712 annonae
847 2688 912 2723 per
930 2680 1045 2709 vatem
1068 2673 1153 2707 deus
1175 2671 1414 2717 praedixerat.
1461 2669 1522 2704 ille

50 2727 166 2756 antem
198 2733 221 2757 a
251 2733 338 2768 rege
365 2723 512 2767 tertius,
556 2734 632 2758 cum
664 2734 742 2757 eum
775 2734 839 2758 rex
865 2728 990 2767 portae
1020 2718 1271 2765 praefecisset,
1313 2717 1467 2752 obtritus
1499 2727 1522 2751 a

50 2767 181 2813 populo
213 2769 342 2815 periit,
372 2782 443 2805 non
476 2768 627 2815 gustatis
658 2768 702 2804 iis
733 2768 928 2813 alimentis,
959 2765 1065 2802 sicuti
1086 2771 1123 2800 et
1143 2770 1244 2800 vates
1266 2765 1345 2799 fore
1367 2763 1522 2799 affirma-

49 2818 164 2849 verat.

141 2862 239 2896 Idem
269 2861 434 2898 Elisaeus
461 2863 628 2909 precibus
651 2861 804 2897 obtinuit
825 2866 864 2896 ut
887 2871 1000 2906 aquae
1018 2856 1256 2893 Iericlmntiae
1286 2860 1405 2891 essent
1429 2855 1524 2890 salu-

49 2910 158 2955 bres,
181 2920 261 2946 cum
283 2914 409 2947 natura
430 2914 552 2946 essent
575 2919 736 2956 amarae,
762 2909 863 2956 potui
883 2905 1146 2951 incommodae,
1166 2903 1377 2940 fecunditati
1396 2903 1525 2939 adver-
