1742 3184
206 167 307 247 456
684 196 925 244 GEORGH
957 195 1206 242 cEDRENI

206 310 370 373 θάρτου
402 313 630 373 συντριβεὶς
661 309 870 365 ἀπώλετο,
905 310 1006 368 γυνὴ
1037 310 1086 355 δέ
1110 329 1174 364 τις
1199 310 1304 370 παρ’
1338 306 1367 370 ᾗ
1395 309 1590 356 κατέλυσε
1619 313 1688 355 καὶ

206 384 428 440 κατετέθη,
463 384 516 427 τὰ
529 381 728 441 χρήματα
752 383 821 424 καὶ
840 381 915 431 τὰς
934 379 1140 436 βεβήλους
1157 383 1331 437 βίβλους
1345 379 1689 439 κληρονομήσασα

64 464 93 498 Ρ
116 465 186 502 260
211 455 368 498 ὠνεῖται
385 450 604 510 παιδάριον
623 452 722 495 ἐτῶν
743 449 845 494 ἔπτὰ
861 449 1042 505 τοῦνομα
1055 449 1305 510 Κούβρικον,
1332 448 1379 493 ὃν
1397 452 1466 493 καὶ
1486 448 1689 500 διδάξασα

204 521 429 582 γράμματα
461 523 529 565 καὶ
564 520 879 579 ἐλευθερώσασα
923 518 1177 577 κληρονόμον
1217 524 1299 564 τῶν
1337 518 1488 575 ἑαυτῆς
1526 516 1688 562 πάντων

205 595 463 648 καθίστησιν.
533 588 555 632 ὃ
579 591 623 633 δὲ
642 590 782 644 λαβὼν
811 589 862 632 τὰ
887 590 1032 644 βιβλιά
1060 593 1134 633 τοῦ
1152 587 1299 632 Βούδα
1326 590 1394 631 καὶ
1422 588 1472 632 τὰ
1490 587 1721 646 χρήματα5

208 660 393 720 διήρχετο
417 660 491 715 τὴν
511 661 721 717 Περσίδα,
756 657 914 715 Μάνην
936 657 1081 701 ἑαυτὸν
1108 657 1316 713 ὀνομάζων
1345 659 1412 701 καὶ
1442 662 1516 713 τῆς
1535 656 1690 714 πλάνης

203 736 280 775 τοῦ
302 728 447 774 Βούὸα
467 730 666 787 συνίστωρ
688 727 913 786 γενόμενος,
940 729 1008 770 καὶ
1030 727 1083 771 τὰ
1099 729 1243 783 βιβλία
1260 724 1478 783 πονήματα
1498 727 1583 769 ἴδια
1603 726 1691 770 ἕλε-

205 817 273 857 γεν
311 798 424 842 εἶναι.
495 797 542 841 ὃν
574 796 595 840 ὃ
624 797 821 854 βασιλεὺς
851 800 1029 855 Περσῶν
1060 797 1230 856 ἐξέδειρε
1258 799 1389 850 ζῶντα
1418 794 1474 848 ὥς
1502 794 1689 840 θανάτου

205 866 418 927 γενόμενον
451 871 510 926 τῷ
542 867 621 926 υἱῷ
656 867 783 911 αὖτοῦ
819 866 1035 925 πρόξενον·
1078 871 1153 910 τοῦ
1180 866 1260 924 γὰρ
1294 869 1511 921 βασιλικοῦ
1543 865 1692 916 παιδὸς

204 942 422 988 νοσοῦντος
437 939 504 981 καὶ
522 940 678 992 πολλῆς
697 938 881 994 ἰατρικῆς
899 936 1126 991 ἐπιμελείας
1154 933 1457 987 ἀπολαύοντος,
1505 936 1690 991 ε’πηγγεί-
1703 940 1742 976 1ῦ

205 1012 306 1051 λατο
328 1006 485 1062 ΖΙἸάνης
502 1008 630 1065 χωρὶς
648 1007 826 1064 ἰατρείας
850 1005 1078 1061 ἀναστῆσαι
1098 1009 1256 1058 τοῦτον,
1291 1006 1359 1047 καὶ
1378 1004 1485 1048 οὕτω
1511 1004 1606 1055 τοὺς
1626 1008 1693 1047 ιά-

205 1076 329 1135 τροῦς
358 1074 598 1131 ἀποστήσας
625 1073 864 1119 ἐθανάτωσε
885 1075 956 1118 τὸν
985 1077 1114 1117 παῖδα
1136 1074 1306 1134 ἀμελείᾳ
1329 1075 1397 1116 καὶ
1416 1074 1692 1133 τερατολογίᾳ,

205 1148 274 1189 καὶ
301 1144 402 1203 ὑπὲρ
432 1143 579 1188 τούτου
607 1144 764 1199 μισθὸν
795 1142 959 1195 ἐπάξιον
988 1141 1153 1194 εἲκότως
1183 1144 1389 1199 κομίζεται
1417 1142 1491 1196 τὴν
1519 1143 1693 1199 ἕκδορὰν

203 1220 280 1270 τοῦ
298 1216 532 1258 παναθλίου
557 1213 684 1257 αὐτοῦ
709 1212 912 1268 σώματος.
967 1211 989 1255 ὅ
1010 1214 1145 1256 τοίνυν
1165 1210 1440 1271 ἓμβρόντητος
1453 1206 1571 1263 οὗτος
1586 1209 1695 1255 Μά-

156 1300 186 1334 Β
209 1302 281 1340 νης
303 1282 637 1338 ἀποβαλλόμενος
656 1283 731 1339 τὴν
750 1282 932 1325 παλαιὰν
951 1280 1169 1339 διαθήκην,
1205 1284 1274 1325 καὶ
1301 1282 1375 1335 τὴν
1401 1282 1530 1324 κτίσιν
1555 1285 1692 1324 πᾶσαν
1705 1286 1742 1324 15

207 1356 275 1397 καὶ
298 1354 372 1408 τὴν
391 1357 464 1396 τοῦ
484 1350 709 1411 ἀνθρώπου
731 1350 984 1408 κατασκευὴν
1004 1351 1078 1395 οὐκ
1098 1352 1263 1408 ἀγαθοῦ
1283 1351 1394 1402 τινὸς
1413 1354 1520 1394 θεοῦ
1535 1352 1694 1407 γεγονέ-

205 1441 272 1467 ναι
291 1426 567 1481 βλασφημῶν,
600 1419 680 1464 {ma
712 1421 881 1479 φθορὰν
910 1423 979 1464 καὶ
1010 1422 1227 1464 ἀλλοίωσιν
1253 1415 1396 1473 οὖσαν,
1424 1420 1499 1475 τὴν
1524 1421 1618 1463 νέαν
1639 1418 1695 1471 ὥς

206 1493 374 1549 ἀγαθοῦ
401 1494 530 1534 &aaa
557 1491 768 1549 προσίεται
791 1495 920 1543 θεοῦ,
956 1492 1024 1533 καὶ
1046 1491 1152 1533 κατὰ
1172 1491 1402 1548 φαντασίαν
1431 1491 1501 1532 καὶ
1527 1487 1695 1545 δόκησιν

205 1562 277 1605 τὸν
298 1560 485 1619 Χριστὸν
504 1560 729 1618 πεφυκέναι
745 1558 1013 1617 τερατεύεται.
1056 1561 1124 1602 καὶ
1146 1559 1252 1617 πρός
1271 1557 1431 1609 τούτοις
1451 1558 1696 1610 καταδύσεις

205 1630 321 1680 τινὰς
349 1632 501 1686 ἐναγεῖς
528 1631 597 1672 καὶ
617 1630 853 1686 νυκτερινὰς
871 1628 1035 1680 τελετὰς
1058 1630 1125 1671 καὶ
1147 1626 1412 1687 παρανόμους
1430 1626 1742 1684 ἓπιτηδεύσαςὶῦ

204 1701 337 1755 μίξεις
357 1700 425 1742 καὶ
445 1698 749 1756 ἀρρητοποιιάς,
783 1700 851 1741 καὶ
876 1698 1122 1755 εἱμαρμένας
1139 1700 1207 1741 καὶ
1229 1695 1611 1753 μετενσωματώσεις
1628 1699 1697 1740 καὶ

206 1768 315 1811 ἄλλα
346 1768 512 1811 πλείονα
543 1765 788 1824 φλυαρήσας
819 1769 888 1810 καὶ
916 1766 1086 1818 διδάξας
1111 1768 1164 1810 τὰ
1198 1771 1279 1811 τῶν
1301 1764 1507 1822 Ἑλλήνων
1539 1766 1699 1824 πονηροὶ

209 1839 276 1880 καὶ
297 1834 460 1893 μάταιᾶ
477 1834 664 1893 δόγματα
691 1834 902 1893 κρατύνειν
920 1834 1167 1880 ἐσπούδακεν
1189 1834 1431 1893 ὃθεομισὴς
1453 1837 1522 1879 καὶ
1538 1834 1698 1892 θεήλα-

208 2055 383 2092 contritus
405 2055 527 2104 periit.
555 2057 681 2094 mulier
703 2061 817 2094 autem
841 2056 1026 2104 quaedam,
1051 2057 1151 2094 cuius
1173 2059 1341 2094 utebatur
1362 2056 1519 2104 hospitio
1544 2059 1582 2093 et
1603 2057 1698 2103 apud

209 2114 314 2147 quam
335 2114 399 2138 sua
423 2105 638 2151 deponebat,
661 2104 789 2152 impios
811 2105 901 2140 istos
924 2104 1034 2140 libros
1059 2105 1276 2140 hereditario
1301 2109 1490 2140 consecuta
1516 2105 1698 2151 puerulum

210 2154 418 2194 septennem
441 2151 545 2196 emit,
585 2151 725 2186 nomine
748 2152 961 2197 Cubricum,
994 2163 1096 2197 quem
1128 2152 1250 2187 literas
1285 2151 1428 2196 docuit,
1461 2150 1698 2196 libertateque

208 2195 376 2231 donatum
405 2196 572 2233 heredem
603 2198 755 2233 omnium
786 2209 927 2233 suarum
961 2210 1078 2232 rerum
1110 2198 1279 2234 instituit.
1334 2198 1366 2233 is
1401 2209 1486 2242 ergo
1524 2197 1699 2231 Cubricus

209 2239 321 2277 libros
352 2243 476 2279 Budae
509 2244 764 2290 pecuniamque
796 2250 919 2279 nactus
942 2244 1126 2279 Persidem
1157 2244 1381 2291 peragravit,
1415 2245 1594 2279 Manetem
1618 2255 1699 2278 sese

208 2289 393 2324 nominans
418 2302 460 2325 ac
480 2291 603 2326 Budae
627 2302 781 2326 errorem
806 2303 990 2336 spargens,
1015 2291 1125 2326 libros
1150 2292 1225 2326 eius
1251 2303 1272 2326 a
1294 2303 1333 2326 se
1359 2291 1558 2326 elaboratos
1581 2289 1699 2324 iacta-

210 2335 285 2369 bat..
333 2336 426 2372 hunc
449 2349 513 2372 rex
534 2338 722 2373 Persarum
746 2337 864 2372 vivum
889 2337 1064 2372 excoriari
1088 2338 1211 2384 iussit,
1236 2338 1330 2384 quod
1353 2337 1426 2372 filio
1451 2337 1527 2371 eius
1551 2341 1699 2370 mortem

209 2381 401 2418 attulisset.
449 2395 526 2418 cum
549 2383 641 2419 enim
664 2383 760 2429 regis
782 2384 877 2418 filius
900 2388 1102 2428 aegrotaret
1121 2389 1157 2419 et
1178 2397 1200 2420 a
1222 2383 1368 2419 medicis
1390 2382 1498 2418 multa
1524 2381 1699 2417 industria

211 2433 414 2474 curaretur,
439 2429 566 2466 Manes
587 2430 765 2476 pollicitus
788 2434 844 2464 est
867 2442 906 2465 se
931 2442 1008 2466 eum
1031 2430 1176 2465 sanitati
1199 2431 1333 2476 absque
1355 2429 1530 2464 medicina
1549 2428 1698 2463 restitu-

212 2478 348 2527 turum,
382 2475 506 2522 itaque
535 2476 707 2512 submotis
738 2476 883 2512 medicis
915 2476 1054 2511 incuria
1087 2483 1124 2512 et
1145 2477 1248 2523 nugis
1274 2476 1347 2511 suis
1370 2487 1518 2523 puerum
1542 2474 1698 2510 necavit.

212 2520 366 2566 1deoque
388 2522 530 2568 dignam
552 2523 747 2558 mercedem
770 2523 865 2567 tulit,
889 2523 1051 2558 detracta
1074 2523 1202 2558 misero
1227 2522 1369 2568 corpori
1393 2527 1487 2557 cute.
1517 2520 1698 2556 enimvero

212 2576 361 2602 vaecors
384 2568 444 2604 ille
468 2569 594 2604 Manes
630 2575 732 2604 vetus
763 2574 1010 2604 testamentum
1041 2569 1228 2615 repudiat,
1263 2568 1453 2614 mundique
1487 2571 1525 2603 et
1547 2566 1698 2602 hominis

215 2613 428 2650 creationem
445 2615 554 2662 impie
573 2615 814 2661 calumniatur,
838 2628 859 2650 a
883 2617 949 2651 deo
975 2628 1045 2651 non
1067 2617 1161 2651 bono
1185 2617 1328 2659 factam,
1351 2615 1446 2662 quod
1469 2613 1632 2649 interitui
1650 2612 1700 2648 sit

215 2662 254 2692 et
278 2661 463 2696 mutationi
481 2662 648 2697 obnoxia.
695 2674 824 2698 novum
846 2667 970 2708 utpote
999 2662 1085 2697 boni
1116 2662 1176 2697 dei
1210 2662 1376 2697 admittit.
1423 2660 1604 2695 Christum
1628 2671 1700 2694 non

216 2714 266 2757 re·
287 2717 393 2752 vera,
428 2709 493 2744 sed
526 2708 753 2754 opinantibus
782 2712 916 2743 tantum
947 2709 1145 2744 hominibus
1178 2708 1406 2755 apparuisse,
1448 2718 1490 2742 ac
1522 2710 1699 2752 spectrum

193 2772 195 2774 -
216 2749 327 2786 fulsse
349 2754 514 2790 affirmat.
562 2756 608 2790 ad
631 2755 717 2790 haec
740 2755 931 2791 sceleratas
954 2756 1124 2801 quasdam
1149 2755 1423 2799 occultationes,
1447 2757 1621 2788 nocturna
1639 2763 1699 2786 sa-

216 2807 277 2830 cra
296 2803 335 2852 et
356 2799 497 2835 illicitos
521 2802 727 2837 concubitus
749 2806 856 2847 atque
879 2801 1025 2837 infanda
1048 2801 1185 2847 flagitia
1210 2801 1408 2847 usurpavit.
1465 2800 1597 2842 fatum,
1630 2797 1697 2832 mi-

214 2847 394 2887 grationes
416 2847 605 2883 animarum
630 2847 668 2883 in
691 2848 760 2883 alia
785 2859 953 2903 corpora,
979 2847 1156 2894 multaque
1180 2847 1250 2882 alia
1271 2847 1454 2894 professus
1479 2849 1552 2890 est,
1578 2845 1698 2879 Grae-

215 2901 404 2938 corumque
431 2904 563 2939 pravas
594 2900 632 2931 et
662 2905 773 2930 vanas
798 2894 984 2942 opmiones
1006 2894 1101 2931 tueri
1123 2895 1191 2931 deo
1213 2894 1385 2931 adversus
1407 2891 1615 2938 invisusque
1637 2890 1699 2926 ille
