1742 3184
197 171 297 219 570
656 191 661 210 ·1
677 174 919 220 GEORGII
947 173 1198 219 CEDRENI

195 293 301 333 σθαι
333 285 606 348 κρεμάμενον,
635 291 705 334 καὶ
738 288 830 334 οὔτε
858 293 935 348 γῆς
959 288 1053 334 ὀὔτ’
1088 288 1215 346 αὐτῆς
1235 293 1308 347 τῆς
1330 289 1472 349 στέγης
1491 289 1674 351 ἓφαπτό-

194 376 329 415 μενον.

329 428 477 471 ’Ῑστέον
505 425 567 470 ὅτι
592 426 638 470 τὸ
667 427 741 482 μὲν
766 426 934 471 εἷ’δωλον
957 427 1150 484 οὐδεμίαν
1174 426 1399 474 ὗπόστασιν
1419 428 1521 486 ἔχει,
1555 428 1601 472 τὸ
1625 431 1651 472 δ
1657 428 1670 445 ’

194 495 374 553 ῗνδαλμά
394 495 501 547 τινός
522 499 629 539 ε’στιν
653 495 842 553 ὁμοίωμα
864 499 931 540 καὶ
957 496 1237 553 ἀπεικόνισμα.
1306 501 1375 542 καὶ
1405 499 1570 542 εἴδωλον
1599 499 1674 553 μὲν

194 568 371 625 Σφίγγες
408 568 633 623 Κένταυροι
662 566 961 624 κυνοπρόσωποι
993 569 1063 610 καὶ
1093 568 1347 627 ,Βουκέφαλοι
1377 568 1503 625 ἤγουν
1533 568 1585 611 τὰ
1613 569 1707 623 μὴό

193 634 433 694 ὖᾳιεστιῦτα,
469 633 711 690 ὁμοιώματα
732 638 775 679 δὲ
796 641 877 680 τῶν
897 635 1144 695 ὑφεστώτων
1164 636 1414 694 εῗκάσματα,
1449 635 1536 680 οἷον
1557 635 1674 691 ἡλίου

195 704 366 761 σελήνης
407 705 568 762 ἄστρων
608 705 841 764 ἀνθρώπων
881 708 1045 765 θηρίων
1091 705 1270 766 ἑρπετῶν
1310 709 1379 750 καὶ
1408 712 1490 750 τῶν
1518 705 1677 757 τούτοις

197 776 505 833 παραπλησίων.

145 852 176 887 C
331 843 478 887 Ἰστέον
505 841 566 886 ὅτι
594 845 802 886 Χαλδαῖοι
825 843 871 887 τὸ
895 848 976 902 πῦρ
1002 843 1057 896 ὥς
1078 842 1240 889 πάντων
1261 845 1511 904 ἀναιρετικὸν
1535 844 1679 898 σε’βον-

194 931 284 966 ται,
314 915 384 956 καὶ
415 911 572 964 πάντας
601 913 699 964 τοὺς
722 911 926 969 Ἑλλήνων
953 915 1080 965 θεοὺς
1099 917 1370 970 κατέδραμον.
1437 918 1678 972 προσῆλθον
1690 919 1734 954 10

197 984 243 1026 δὲ
263 985 330 1025 καὶ
353 986 412 1040 τῷ
429 981 633 1034 Κάνωπος
656 983 775 1041 ἱερεῖ,
807 985 877 1026 καὶ
900 983 1023 1035 αὐτὸς
1042 986 1279 1040 μηχανᾶταί
1295 1002 1334 1028 τι
1355 988 1552 1028 τοιοῦτον.
1623 985 1680 1032 εἷς

195 1050 324 1095 τύπον
356 1051 591 1108 ἀγάλματος
620 1051 766 1110 ὖδριάν
795 1053 1038 1109 ὄστρακίνην
1067 1052 1376 1103 κατασκευάσας
1395 1049 1558 1107 τρήσεις
1578 1048 1679 1093 ‘ime'-

194 1126 301 1178 θηκε
331 1122 502 1175 λεπτάς,
539 1122 590 1173 ἃς
621 1126 733 1181 κηρῷ
759 1121 1020 1180 φραξάμενος
1039 1125 1105 1166 καὶ
1121 1123 1313 1179 χρώματι
1336 1117 1560 1172 καλλύνας,
1596 1136 1679 1161 πα-

195 1195 316 1234 λαιοῦ
350 1190 586 1247 ἆγάλματος
618 1191 832 1242 ἀποτεμὼν
863 1188 1045 1246 κεφαλὴν
1076 1191 1142 1230 καὶ
1178 1187 1419 1245 ἐφαρμόσας
1453 1193 1510 1247 τῷ
1547 1187 1678 1232 σκεύει

197 1261 379 1315 εὐφυῶς,
415 1262 483 1300 καὶ
503 1262 560 1315 τῷ
578 1259 674 1315 πυρὶ
694 1256 964 1314 προσαγαγὼν
980 1256 1143 1313 ἤλεγξεν
1160 1258 1288 1301 αὐτοῦ
1305 1257 1379 1313 τὴν
1397 1257 1536 1313 ἰσχύν,
1572 1258 1678 1301 κατὰ
1691 1264 1736 1300 15

195 1326 345 1386 μικρὸν
371 1327 439 1370 διὰ
460 1331 534 1370 τοῦ
555 1325 707 1378 ὕδατος
727 1327 1069 1381 ἀποσβεσθέντος.

339 1401 412 1455 Τῷ
439 1395 483 1440 ιε’
507 1398 576 1439 καὶ
599 1395 648 1447 ις’
673 1396 749 1439 ἔτει
773 1396 900 1439 αὐτοῦ
926 1394 1147 1446 Θεοδόσιος
1179 1392 1305 1450 νόμον
1333 1393 1482 1453 γράφει
1509 1401 1680 1451 γυναῖκα

199 1469 255 1518 εἷς
277 1466 538 1510 διακόνισσαν
555 1466 614 1521 μὴ
632 1468 889 1523 προβαίνειν,
917 1467 951 1508 εἲ
968 1465 1027 1521 μὴ
1043 1463 1201 1522 ὑπερβῇ
1221 1466 1273 1508 τὰ
1295 1463 1327 1516 ξ’
1349 1465 1431 1520 ἔτη.
1489 1469 1547 1522 τῷ
1569 1465 1680 1523 αὐτῷ

141 1545 174 1580 D
200 1536 275 1580 ἴτει
297 1538 516 1579 Πλακίλλα
538 1534 563 1590 ἦ
585 1536 739 1592 γαμετὴ
768 1536 992 1578 Θεοδοσίου
1016 1533 1219 1590 ἐκοιμήθη
1231 1566 1245 1587 ,
1282 1534 1451 1589 εὐσεβὴς
1481 1528 1584 1576 οὖσα
1613 1535 1680 1576 καὶ

197 1605 479 1664 φιλόπτωχος,
526 1607 691 1656 οἰκείαις
726 1606 843 1663 χερσὶ
887 1609 1038 1660 λωβοῖς
1075 1606 1143 1646 καὶ
1180 1609 1369 1647 νοσοῦσιν
1408 1602 1737 1660 ὖπηρετοῧσα.20

196 1674 348 1731 ταύτης
380 1675 451 1717 τὸν
483 1673 704 1730 ἀνδριάντα
736 1675 935 1725 κατέαξαν
969 1674 1006 1715 οἱ
1033 1673 1248 1728 Ἀντιοχεῖς
1275 1673 1344 1715 διὰ
1370 1672 1422 1715 τὰ
1444 1674 1681 1716 ἐπιτεθέντα

198 1744 378 1800 δημόσια
398 1744 512 1802 παρὰ
533 1748 608 1787 τοῦ
622 1744 825 1799 βασιλέως
848 1747 973 1787 τελεῖν
995 1740 1158 1793 αὐτούς.
1227 1740 1322 1786 τότε,
1347 1743 1416 1785 καὶ
1441 1741 1630 1798 Ἰωάννης
1657 1741 1680 1785 ὃ

292 1876 314 1911 1
340 1871 479 1920 αὐτῆς]
508 1867 587 1910 ocii?

197 1991 393 2026 effecerant
423 1994 464 2025 ut
490 1994 608 2025 statua
637 1989 676 2025 in
709 1989 792 2025 εἰέκ
814 1988 998 2024 videretur
1020 1999 1210 2034 suspensa,
1242 1999 1359 2035 neque
1378 1991 1510 2024 terram
1531 1991 1681 2035 tangens

199 2050 244 2072 ne
273 2050 316 2072 ue
339 2041 482 2071 tectum.
622 2055 624 2057 ·

247 2050 269 2083 q
293 2084 392 2118 Inter
414 2084 544 2118 idolum
567 2086 604 2117 et
627 2081 777 2117 indalma
797 2082 865 2116 hoc
888 2083 1062 2116 interesse
1086 2080 1252 2126 noveris,
1287 2082 1381 2128 quod
1403 2080 1533 2116 idolum
1557 2081 1683 2116 nullius

201 2134 258 2166 est
289 2130 344 2164 rei
375 2130 412 2163 in
443 2137 570 2164 natura
604 2129 777 2164 exstantis
810 2128 946 2173 signum
957 2140 974 2173 ,·
1003 2128 1156 2162 indalma
1179 2133 1294 2163 autem
1320 2128 1467 2162 alicuius
1491 2128 1683 2163 similitudo

201 2183 309 2221 atque
342 2176 481 2221 effigies
512 2176 580 2211 rei·
644 2175 775 2210 idolum
804 2181 876 2219 est,
917 2180 956 2209 ut
984 2174 1084 2209 verbi
1115 2174 1230 2219 gratia
1262 2174 1460 2220 sphinges,
1500 2175 1684 2220 Centauri,

202 2223 302 2258 vultu
342 2223 467 2258 canino
507 2229 569 2258 aut
607 2222 781 2269 capitibus
819 2221 961 2256 bovillis
994 2222 1167 2267 praediti:
1206 2233 1248 2255 ea
1279 2221 1371 2255 enim
1395 2233 1564 2267 nusquam
1588 2227 1682 2256 sunt.

202 2270 388 2305 simulacra
422 2275 536 2304 autem
570 2275 652 2303 sunt
682 2275 722 2303 ut
752 2268 857 2313 solis,
895 2273 934 2302 ut
966 2267 1090 2313 lunae,
1131 2273 1172 2303 ut
1202 2272 1395 2313 astrorum,
1434 2273 1474 2303 ut
1497 2267 1683 2314 hominum,

200 2317 376 2361 ferarum,
401 2317 615 2361 repentium,
642 2320 678 2350 et
701 2314 848 2350 aliorum
871 2314 908 2349 id
933 2326 1057 2359 genus.
1365 2326 1371 2338 ’-

295 2364 392 2397 Nota
424 2362 619 2397 Chaldaeos
650 2362 784 2407 ignem,
822 2365 862 2396 ut
893 2372 962 2406 quo
994 2372 1113 2395 omnes
1141 2371 1199 2395 res
1232 2363 1495 2405 consumantur,
1529 2372 1594 2406 pro
1617 2362 1684 2396 deo

203 2408 377 2453 coluisse,
403 2415 440 2445 et
464 2421 583 2443 omnes
607 2410 824 2442 Graecorum
847 2408 931 2442 deos
954 2407 1142 2442 refutasse.
1190 2405 1226 2440 hi
1250 2417 1326 2440 cum
1350 2407 1395 2441 ad
1420 2407 1557 2453 Canopi
1580 2408 1685 2443 etiam

202 2457 421 2490 sacerdotem
450 2456 718 2502 pervenissent,
754 2455 785 2488 is
809 2453 872 2488 tali
897 2465 980 2488 usus
1004 2459 1059 2488 est
1083 2459 1176 2488 astu.
1225 2453 1362 2487 situlam
1385 2453 1527 2487 fictilem
1550 2454 1587 2488 in
1609 2461 1685 2488 sta-

200 2506 285 2537 tuae
307 2503 454 2537 formam
478 2502 686 2548 apparavit,
715 2512 818 2547 quam
831 2500 997 2535 tenuibus
1019 2499 1250 2535 foraminibus
1277 2511 1359 2533 cera
1383 2500 1536 2545 oppletis
1561 2507 1684 2546 pertu-

202 2560 276 2583 sam
301 2561 392 2594 aqua
413 2548 590 2594 implevit,
613 2548 828 2592 inductoque
853 2547 971 2581 colore
997 2551 1039 2581 et·
1056 2552 1194 2582 statuae
1218 2545 1333 2591 capite
1355 2547 1547 2581 artificiose
1570 2547 1683 2592 impo-

203 2595 273 2629 sito
297 2595 372 2639 igni
395 2596 571 2641 admovit,
596 2595 718 2641 itaque
741 2595 812 2629 vim
835 2593 928 2639 ignis
950 2593 1103 2640 refellit,
1128 2591 1294 2640 paulatim
1317 2604 1431 2639 aquae
1453 2593 1596 2628 defluxu
1619 2606 1682 2628 ex-

204 2640 339 2676 stincti.
692 2645 710 2662 ·

295 2688 397 2722 Anno
423 2687 479 2722 sui
503 2686 644 2733 imperii
669 2686 712 2722 15
737 2689 774 2721 et
798 2687 841 2721 16
863 2685 1088 2721 Theodosius
1114 2685 1227 2731 legem
1255 2684 1355 2729 tulit,
1390 2697 1436 2721 ne
1462 2696 1535 2730 qua
1562 2685 1686 2720 mulier

205 2732 250 2766 ad
286 2734 507 2768 diaconissae
541 2745 664 2768 munus
691 2733 912 2778 reciperetur
936 2732 1005 2767 nisi
1026 2744 1153 2767 annum
1174 2733 1398 2775 6o-egressa.
1446 2733 1568 2767 eodem
1591 2744 1683 2766 anno

205 2779 353 2814 moritur
376 2780 520 2815 Placilla
546 2779 744 2815 Theodosii
768 2790 876 2825 uxor,
914 2779 975 2825 pia
999 2784 1034 2813 et
1057 2789 1248 2824 pauperum
1275 2779 1453 2824 studiosa,
1489 2790 1580 2823 quae
1611 2779 1685 2813 suis

205 2825 364 2859 manibus
405 2827 559 2871 aegrotis
600 2833 708 2871 atque
747 2825 838 2860 male
877 2827 1008 2861 affecto
1043 2836 1192 2870 corpore
1223 2824 1420 2859 hominibus
1450 2824 1684 2860 ministrabat.

206 2870 310 2907 huius
333 2876 483 2908 statuam
507 2874 759 2920 confregerunt
780 2872 992 2909 Antiocheni
1014 2873 1059 2908 ob
1083 2870 1300 2907 exactionem
1332 2871 1578 2919 imperatorin
1617 2883 1687 2918 qua
