1742 3184
388 191 787 242 HISTORIARUM
821 194 1210 243 GOMPENDIUM.
1441 199 1539 247 369

71 308 341 352 παντοδαπῶν
367 308 488 352 ι’δεῶν
515 309 717 367 παρίστα,
751 310 811 354 τὰ
825 309 866 354 ἓν
889 310 994 372 οῗκΙᾳ
1012 308 1135 368 σκεύη
1158 310 1399 367 αῧτομάτως
1419 315 1539 373 φέρε-

71 381 175 421 σθαι
204 377 307 436 πρὸς
335 375 557 436 ὖπηρεσιάν
575 381 697 423 ε’ποιέι
719 384 800 423 τῶν
821 379 1026 438 φερόντων
1047 380 1123 437 οὔχ
1147 379 1383 440 δρωμένων,
1419 385 1538 436 σκιὰς
1560 395 1591 429 C

70 445 225 497 πολλὰς
263 452 533 504 προηγεῖσθαι
573 449 699 492 αὐτοῦ
742 447 1058 506 παρεσκεύαζεν,
1109 448 1240 510 ἅσπερ
1276 453 1417 507 ψυχὰς
1458 459 1539 497 τῶν

69 513 304 559 τεθνεώτων
336 515 511 573 ἕφασκεν
542 515 654 560 εἶναι.
722 522 882 562 πολλῶν
913 519 957 562 δὲ
985 517 1114 575 γόητα
1142 523 1210 563 καὶ
1237 519 1390 564 πλάνον
1413 522 1538 566 αὐτὸν

34 584 240 640 ὅέλέγχειν
267 587 545 649 πειρῳμένων,
581 586 802 639 διαλλάξας
835 588 940 645 πρὸς
970 586 1135 641 ἑαυτόν,
1166 588 1302 633 ἔπειτα
1334 591 1538 648 προφάσει

68 652 238 708 εὐωχίας
261 658 367 708 βοῦν
395 653 533 706 θύσας
550 658 617 698 καὶ
639 654 829 707 ἑστιάσας
848 657 996 708 αὐτοὺς
1017 656 1226 717 διαφόρως
1245 659 1452 712 δυσιάτοις
1466 660 1537 704 νό-

66 739 154 773 σοις
172 724 239 765 καὶ
259 724 447 778 δαίμοσιν
467 723 658 778 ῧπέβαλε.
726 728 794 768 καὶ
809 724 919 768 ’ἄλλα
939 731 1106 772 πλεῖστα
1129 726 1342 787 εἰργάσατο
1365 734 1534 772 καθυπ-

7 782 16 792 ”
66 790 319 848 ουργούντων
347 793 458 852 αὐτῷ
483 797 564 837 τῶν
594 792 809 849 δαιμόνων.
878 798 946 838 καὶ
965 800 1062 853 γοῦν
1079 798 1176 840 ποτὲ
1196 797 1437 853 ζητούμενος
1454 797 1533 842 ὖπό

63 865 139 904 τοῦ
167 862 380 920 Καίσαρος
407 861 464 914 ὥς
492 860 644 914 πλάνος
671 864 830 918 ἀπέδρα
838 896 852 916 ,
896 865 969 921 τὴν
996 866 1164 923 μορφὴν
1196 865 1323 910 αὑτοῦ
1350 871 1534 925 περιθεὶς

8 938 53 973 10
69 927 248 990 Φαύστῳ
264 936 436 990 μαθητῇ
453 933 632 990 Πέτρου.
680 935 747 976 καὶ
767 928 886 984 οὗτος
905 935 1141 977 ἐπανελθών
1161 936 1263 992 πρὸς
1281 936 1350 979 τὸν
1368 938 1533 994 Πέτρον

61 997 246 1043 ἐδιώκετο
264 998 345 1044 ὕπὸ
367 1001 528 1045 πάντων
549 1002 618 1045 διὰ
638 1002 711 1058 τὴν
729 1002 891 1046 ἀνόσιον
911 1004 1021 1046 ι’δεάν
1038 1003 1088 1060 ἢν
1105 1005 1337 1063 περιέκειτο.
1385 1007 1534 1061 ἐμβλέ-

60 1080 149 1122 ψας
166 1069 210 1112 δὲ
229 1067 250 1113 ὅ
270 1071 432 1125 Πέτρος
455 1073 510 1122 εἷς
530 1070 653 1115 αὐτόν
659 1104 674 1124 ,
709 1074 776 1114 καὶ
798 1073 897 1116 ι’δὼν
921 1071 1170 1130 λυπούμενον
1191 1076 1259 1117 καὶ
1281 1074 1524 1132 δακρύοντα,
1546 1082 1578 1117 D
1640 1091 1649 1102 ·

60 1136 139 1196 ἴφη
166 1136 274 1182 ζ(ὑπὸ
304 1141 513 1195 Σίμωνος,
562 1135 597 1184 ὦ
633 1144 823 1194 Φαῦστε,
866 1147 939 1185 τοῦ
967 1141 1103 1199 μάγου
1129 1141 1156 1198 ’ἦ
1186 1145 1427 1201 παραλλαγὴ
1458 1150 1530 1201 τῆς

58 1212 225 1266 μορφῆς
259 1225 334 1252 σου
365 1211 523 1266 γέγονε·
571 1208 811 1266 ζητούμενος
851 1211 929 1269 γὰρ
969 1210 1048 1255 ὑπὸ
1079 1213 1294 1271 Καίσαρος
1325 1217 1530 1271 φοβηθεὶς

3 1287 47 1324 15
59 1275 203 1334 ἴφυγε,
246 1278 320 1332 τὴν
351 1277 497 1322 ἑαυτοῦ
524 1296 589 1322 σοι
614 1280 779 1338 μορφὴν
811 1282 1011 1338 περιθείς,
1052 1282 1122 1323 ἵνα
1154 1286 1229 1325 σοῦ
1259 1284 1529 1337 συσχεθέντος

57 1348 125 1387 καὶ
166 1346 452 1403 ἀναιρεθέντος
490 1347 620 1404 λύπην
660 1348 839 1405 μεγάλην
880 1352 949 1392 καὶ
986 1354 1136 1404 θλΐψιν
1162 1349 1260 1405 ἦμῒν
1286 1350 1526 1410 προξενήσῃ.

57 1414 151 1456 ἀλλ’
179 1413 200 1458 ὃ
221 1415 320 1467 θεὸς
338 1422 411 1472 τῆς
426 1422 501 1460 τοῦ
519 1417 749 1461 λαοπλάνου
769 1420 835 1461 καὶ
853 1420 1009 1477 ε’χθροῦ
1030 1423 1104 1475 τῆς
1124 1419 1321 1475 ἀληθείας
1340 1423 1526 1475 Σίμωνος
1580 1464 1581 1468 ,

54 1483 296 1536 ἀπαλλάξας
313 1503 358 1528 σε
374 1492 540 1545 μορφῆς
561 1487 634 1543 τὴν
654 1488 855 1546 προτέραν
871 1490 939 1531 καὶ
956 1489 1061 1531 ι’διάν
1078 1505 1142 1531 σοι
1160 1489 1320 1548 παρέξει
1337 1489 1522 1545 τάχιον.”

54 1551 152 1610 ὅπερ
185 1554 234 1609 δὴ
267 1557 335 1597 καὶ
369 1556 445 1599 σὺν
474 1560 534 1614 τῷ
563 1555 670 1615 λόγῳ
699 1558 858 1613 γέγονε,
899 1555 1062 1601 πάντων
1093 1556 1210 1613 ἡμῶν
1242 1558 1541 1617 θεωρούντωι’.,

0 1627 182 1670 Ξοταῦτα
210 1624 346 1679 μέντοι
374 1627 442 1668 καὶ
471 1626 587 1682 ἕτερα
615 1631 786 1669 τοιαῦτα
812 1625 1085 1686 γεγράφηκεν,
1113 1625 1169 1678 ὡς
1188 1626 1312 1686 ἔφην,
1348 1627 1523 1684 Κλήμης

51 1694 247 1749 λεχθῆναι
269 1695 336 1736 καὶ
357 1699 595 1751 πραχθῆναι
615 1696 657 1738 ἐν
679 1697 824 1756 Συρίᾳ.
1133 1702 1138 1706 ’

183 1762 252 1804 Ἐν
279 1764 323 1806 δὲ
351 1768 402 1821 τῇ
426 1762 586 1821 Ῥώμῃ,
619 1765 722 1820 μετὰ
745 1765 792 1808 τὸ
815 1765 1065 1822 ἐκβληθῆναι
1084 1763 1233 1816 αὐτοὺς
1252 1763 1332 1808 ἀπὸ
1354 1763 1518 1823 προσώ·
1542 1778 1570 1813 Ρ
1593 1778 1659 1813 211

49 1847 127 1873 που
149 1831 362 1890 Νέρωνος,
398 1831 455 1885 ὥς
474 1835 729 1893 προείρηται,
761 1832 843 1878 εἶπε
871 1837 1011 1890 Σιζιιων
1038 1838 1107 1894 τῷ,
1125 1834 1275 1894 Πέτρῳ
1296 1833 1427 1892 “ὲ’φης
1457 1834 1519 1878 ὅτι

48 1967 86 1998 et
114 1964 275 2000 vectibus
306 1966 462 2002 firmatas
493 1965 698 2013 aperiebat,
733 1967 851 2003 ferrea
881 1966 1022 2002 vincula
1055 1965 1235 2011 solvebat,
1272 1965 1309 2000 in
1341 1965 1518 2002 conviviis

46 2010 230 2046 simulacra
251 2013 470 2058 omnigenum
494 2014 681 2048 formarum
703 2016 902 2057 statuebat3
925 2013 1103 2048 efficiebat
1120 2018 1160 2047 ut
1177 2012 1270 2047 domi
1286 2013 1519 2048 instrumenta

46 2067 111 2090 sua
129 2063 256 2103 sponte
282 2059 327 2093 ad
345 2058 576 2095 ministerium
598 2061 797 2105 ferrentur,
820 2060 957 2095 nemine
980 2063 1174 2104 apparente
1194 2059 1257 2104 qui
1278 2071 1322 2093 ea
1343 2064 1518 2103 gestaret3

46 2103 227 2138 efficiebat
257 2105 363 2139 etiem
394 2110 433 2139 ut
465 2117 505 2140 se
530 2106 659 2141 multae
684 2108 826 2141 umbrae
851 2106 1122 2153 praecederent,
1160 2116 1247 2150 quas
1274 2104 1416 2139 dicebat
1436 2117 1517 2140 esse

44 2149 178 2185 animas
214 2151 471 2186 defunctorum.
518 2152 642 2187 multos
673 2152 732 2198 qui
765 2153 879 2199 ipsum
902 2151 1208 2200 praestigiatorem
1232 2155 1268 2186 et
1290 2151 1516 2196 impostorem

44 2196 286 2232 demonstrare
309 2197 425 2232 conati
448 2198 609 2242 fuerant,
638 2198 799 2234 simulato
822 2211 898 2235 cum
922 2199 968 2234 iis
993 2198 1031 2232 in
1053 2197 1200 2242 gratiam
1223 2197 1341 2232 reditu
1363 2197 1407 2231 ad
1429 2205 1514 2232 con-

43 2243 175 2278 vivium
198 2243 383 2289 invitavit,
411 2256 453 2279 ac
476 2246 741 2280 bove-mactato
763 2246 863 2281 varie
886 2246 931 2281 iis
953 2243 1114 2280 tractatis
1133 2244 1272 2278 morbos
1289 2243 1513 2278 difficillimos

43 2294 82 2324 et
111 2289 220 2324 malos
250 2290 374 2336 genios
405 2290 563 2335 immisit,
602 2303 644 2325 ac
673 2290 822 2336 plurima
852 2292 923 2327 alia
953 2291 1040 2325 fecit
1067 2289 1263 2324 ministerio
1292 2290 1512 2324 daemonum.

42 2347 120 2370 cum
142 2336 328 2382 aliquando
354 2348 376 2371 a
397 2337 552 2372 Caesare
575 2343 804 2382 quaereretur
829 2339 873 2373 ad
895 2337 1102 2392 supplicium
1125 2340 1165 2370 ut
1184 2336 1376 2382 impostor,
1407 2337 1512 2370 aufu-

41 2382 114 2427 git,
147 2394 212 2417 sua
234 2383 347 2417 forma
370 2384 503 2418 Fausto
529 2383 628 2418 Petri
650 2384 820 2431 discipulo
845 2385 1031 2430 imposita3
1062 2383 1164 2426 isque
1193 2383 1348 2417 Faustus
1371 2382 1415 2416 ad
1440 2382 1512 2416 Pe-

41 2434 132 2464 trum
156 2440 320 2464 reversus
344 2430 388 2464 ab
412 2429 570 2464 omnibus
592 2441 657 2475 pro
682 2430 824 2466 Simone
846 2431 987 2466 habitus
1009 2429 1268 2473 exagitabatur.
1313 2439 1416 2473 quem
1435 2427 1510 2463 Pe-

41 2480 117 2510 trus
140 2475 307 2520 intuitus,
343 2481 383 2510 nt
408 2476 545 2510 tristem
567 2475 875 2523 lacrimantemque
896 2476 1006 2519 vidit,
1040 2471 1207 2508 “Simon'’
1229 2473 1346 2520 inquit
1365 2470 1511 2520 “magus

39 2528 134 2557 tuam
166 2523 300 2557 Fauste
333 2522 478 2556 formam
510 2522 695 2567 pervertit.
742 2529 899 2558 metuens
931 2522 1023 2557 enim
1050 2520 1138 2565 sibi,
1176 2521 1268 2565 quod
1300 2532 1322 2555 a
1354 2520 1511 2556 Caesare

39 2570 296 2614 quaerebatur,
321 2568 478 2612 aufugit,
501 2580 564 2603 sua
586 2569 697 2603 forma
717 2570 786 2605 tibi
807 2569 992 2614 imposita,
1017 2572 1057 2601 ut
1078 2572 1114 2601 te
1137 2572 1240 2612 capto
1259 2574 1364 2612 atque
1383 2572 1508 2602 necato

36 2615 76 2649 in
111 2625 271 2660 magnum
304 2626 369 2650 nos
400 2614 555 2649 dolorem
586 2620 624 2649 et
656 2615 884 2651 calamitatem
915 2613 1121 2649 coniiceret.
1168 2613 1230 2647 sed
1256 2613 1343 2647 deus
1368 2624 1448 2648 mox
1470 2618 1507 2648 te

36 2661 130 2696 illins
159 2660 326 2720 populum
359 2661 560 2695 seducentis
589 2661 821 2708 veritatisque
849 2659 1047 2697 adversarii
1075 2659 1187 2693 forma
1211 2658 1396 2694 liberatum
1423 2664 1507 2695 tuae

35 2708 212 2743 restituet.
226 2705 236 2718 ’
281 2707 388 2752 idque
410 2707 462 2742 ita
484 2708 637 2750 factum,
660 2708 767 2743 Petro
786 2709 902 2743 adhuc
915 2707 1106 2752 loquente,
1128 2704 1288 2740 omnibus
1306 2706 1408 2741 nobis
1426 2717 1506 2741 cer—

35 2754 212 2790 nentibus.
258 2753 347 2788 haec
379 2757 416 2788 et
442 2753 512 2789 alia
537 2753 665 2789 similia
693 2754 814 2790 horum
845 2754 883 2789 in
906 2753 1013 2798 Syria
1034 2750 1130 2787 dicta
1151 2757 1258 2798 atque
1279 2753 1376 2787 facta
1394 2753 1506 2788 fuisse

34 2800 196 2836 Clemens
216 2799 373 2845 scripsit.

125 2847 199 2882 Sed
218 2847 351 2881 Romae
373 2856 469 2890 cum,
496 2845 548 2880 nti
571 2845 764 2882 rettulimus
778 2873 789 2891 ,
812 2848 939 2882 Petrus
963 2848 1069 2891 atque
1091 2843 1213 2880 Simon
1235 2855 1257 2879 a
1278 2845 1425 2880 Nerone
1446 2856 1504 2880 es-

34 2896 115 2928 sent
134 2892 286 2938 egressi,
310 2892 432 2927 Simon
454 2893 563 2927 Petro
588 2893 658 2929 ait:
681 2897 720 2929 tu
740 2893 919 2929 Christum
937 2892 1040 2928 deum
1057 2895 1152 2928 tuum
1173 2890 1290 2936 inquis
1311 2891 1350 2928 in
1373 2891 1505 2927 caelum

90 2947 222 2994 Θεοῖς.
254 2946 429 2983 Cadmus
455 2950 535 2982 tom.
566 2946 596 2984 1.
1171 2938 1226 2983 24
