1676 3138
436 821 1135 897 LECTORI.

59 1087 154 1162 De
171 1116 416 1174 scriptoribus
436 1113 621 1158 historiae
635 1114 867 1173 Byzantinae
885 1114 1118 1172 publicandis
1137 1131 1243 1172 spem
1268 1116 1423 1160 fecimus
1443 1117 1546 1160 edito

58 1188 197 1231 Ioanne
216 1187 488 1230 Cantacuzeno.
547 1199 639 1227 ecce
659 1185 773 1227 fldem
790 1196 1020 1242 praestamus
1041 1185 1270 1228 felicioribus
1287 1187 1461 1244 auspiciis
1480 1203 1545 1229 an·

60 1257 161 1308 nixi,
201 1257 301 1300 iussu
329 1269 465 1312 nempe
495 1253 728 1297 illustrissimi
757 1255 944 1298 Franciae
974 1255 1189 1298 cancellarii
1209 1256 1311 1316 Petri
1339 1256 1546 1314 Seguierii,

60 1326 125 1382 qui
143 1333 182 1368 ut
201 1337 298 1383 opus>
314 1326 389 1367 hoc
408 1323 609 1381 egregium
629 1323 805 1366 ederetur
822 1339 912 1367 suae
930 1339 1043 1367 curae
1062 1324 1162 1368 fecit.
1212 1326 1299 1383 quid
1318 1336 1441 1370 autem
1461 1326 1549 1369 huic

63 1394 227 1436 Cedreni
250 1393 405 1436 editioni
425 1391 645 1440 accesserit,
675 1392 816 1443 lector,
846 1394 1049 1435 monendus
1067 1407 1123 1435 es,
1181 1395 1308 1451 plures
1327 1410 1472 1452 eaeque
1495 1396 1549 1438 in·

62 1470 199 1519 gentes
224 1461 383 1504 lacunae
415 1468 522 1504 erant
551 1459 590 1502 in
616 1459 782 1502 editione
813 1461 961 1517 priore,
993 1476 1089 1518 quae
1118 1461 1330 1505 Cedrenum
1365 1463 1552 1505 deforma-

62 1530 164 1573 bant.
222 1530 323 1573 aliae
357 1530 520 1572 minores
552 1528 680 1586 plures
714 1528 883 1586 paginas
908 1522 1193 1586 occupaverant.
1254 1547 1321 1574 eas
1347 1547 1475 1574 omnes
1502 1546 1554 1574 ex

64 1599 149 1641 aliis
168 1599 407 1658 scriptoribus
438 1599 582 1642 calamo
612 1599 776 1641 exaratis
803 1592 1074 1656 suppleviinuS,
1104 1600 1217 1642 multa
1246 1602 1474 1644 correximus
1503 1616 1555 1644 ex

62 1669 202 1711 loanne
234 1669 399 1730 ScJIitze
430 1668 677 1726 Curopalate‚
717 1667 779 1726 qni
811 1668 1024 1712 Cedrenum
1052 1667 1255 1722 αὕτολεξεὶ
1288 1669 1554 1727 descripserat,

64 1738 162 1782 unde
198 1738 328 1781 mirari
357 1738 454 1781 subit
489 1746 624 1796 quanta
658 1739 857 1781 securitate
877 1738 1019 1781 saeculi
1044 1738 1099 1781 sui
1120 1738 1368 1796 Curopalates
1394 1739 1555 1781 alienum

64 1823 158 1865 opus
177 1808 251 1851 sibi
269 1808 476 1852 vindicarit.
536 1809 661 1865 itaque
689 1808 721 1850 si
741 1809 822 1865 quis
846 1807 1112 1865 Curopalatem
1132 1808 1335 1860 desideret,
1356 1810 1450 1851 sciat
1469 1823 1554 1850 eum

66 1878 232 1922 Cedreni
260 1879 406 1922 simiam
436 1892 541 1921 esse:
570 1893 655 1919 nam
681 1876 834 1919 totidem
854 1877 983 1920 verbis
1005 1877 1248 1935 Curopalates
1275 1884 1430 1918 constat.
1456 1907 1462 1910 ⁴
1490 1876 1556 1933 qui

65 1955 189 1990 tamen
215 1962 291 1990 non
307 1963 380 2006 per
405 1947 530 1990 omnia
557 1946 667 1989 nobis
694 1946 831 1989 inutilis
860 1946 948 1997 suit,
979 1947 1047 1989 sed
1064 1947 1292 2004 supplendo,
1321 1954 1359 1988 ut
1380 1944 1478 1995 dixi,
1514 1952 1555 1987 et

66 2017 299 2059 emendando
323 2017 500 2060 Cedreno
518 2016 666 2059 multum
684 2015 834 2072 profuit.
848 2014 890 2069 δ”)
926 2015 1097 2072 quoniam
1116 2024 1239 2058 autem
1259 2024 1338 2057 toto
1357 2029 1456 2072 pene
1477 2014 1552 2056 Ce-

66 2085 186 2128 dreno
206 2086 395 2144 exscripto
416 2085 665 2143 Curopalates
696 2085 836 2140 excipit
861 2084 927 2126 ubi
957 2084 1151 2127 Cedrenus
1180 2084 1334 2134 desinit,
1369 2084 1459 2126 ideo
1478 2098 1554 2124 non

67 2155 251 2213 ingratum
280 2155 365 2199 fore
387 2155 476 2198 duxi
498 2157 531 2198 si
550 2171 632 2198 cum
651 2154 830 2198 cedreno
865 2153 1053 2197 ederetur.
1111 2155 1270 2196 Ioannes
1288 2154 1455 2210 Baptista
1475 2152 1550 2194 Ga-

66 2225 151 2267 hius
169 2225 355 2281 interpres
383 2226 464 2268 eius
493 2224 615 2267 multis
643 2225 684 2267 in
710 2222 805 2265 locis
835 2223 884 2265 ab
906 2225 1066 2266 auctoris
1091 2224 1275 2266 sententia
1292 2222 1551 2264 aberraverat.

68 2293 107 2337 ei
130 2302 299 2350 quantum
326 2293 413 2338 fieri
437 2294 555 2351 potuit
574 2292 777 2336 consultum
796 2300 853 2335 est
879 2292 1102 2350 interpolata
1122 2292 1202 2334 eius
1223 2290 1412 2334 versione.
1470 2290 1551 2349 Xy-

67 2362 190 2406 landri
208 2377 354 2419 quoque
371 2365 587 2408 versionem
605 2362 786 2405 interdum
815 2363 1112 2410 emendavimus;
1144 2375 1215 2403 nec
1241 2368 1365 2401 tamen
1383 2367 1553 2403 veterem

68 2432 156 2474 loco
173 2445 240 2474 suo
260 2430 553 2482 deturbavimus‚
591 2432 660 2475 sed
679 2439 842 2474 nostram
871 2432 920 2473 ad
939 2447 1043 2473 oram
1066 2430 1152 2473 libri
1171 2428 1383 2472 reiecimus.
1442 2444 1554 2486 prae-

68 2509 177 2543 terea
205 2500 339 2542 fatetur
365 2500 552 2557 interpres
582 2501 745 2558 ingenue
772 2514 815 2542 se
845 2500 884 2542 in
911 2499 1127 2557 quibusdam
1153 2498 1330 2542 haerere.
1388 2513 1457 2540 nos
1472 2498 1557 2540 sine

70 2569 146 2611 ulla
165 2569 409 2613 insectatione
437 2571 656 2614 sententiam
683 2576 847 2613 nostram
872 2570 1155 2627 proposuimus,
1185 2576 1226 2612 et
1251 2576 1359 2612 notas
1378 2568 1556 2625 quasdam
1612 2564 1625 2575 ’

163 2742 199 2788 *)
223 2743 315 2778 idem
338 2753 410 2789 quo
433 2747 577 2778 nostrae
598 2743 747 2779 editioni
769 2743 849 2790 plus
863 2743 968 2778 etiam
990 2743 1201 2790 prodesset,
1223 2742 1378 2778 codicem
1402 2741 1554 2778 omnium

70 2801 419 2848 praestantissimum,
450 2801 726 2848 Coislinianum,
762 2803 807 2837 ad
831 2801 976 2837 alteram
1009 2808 1106 2837 certe
1130 2807 1266 2848 partem
1291 2809 1329 2838 et
1351 2801 1553 2836 historicam

71 2859 184 2906 magis
201 2864 353 2896 aetutem
364 2867 529 2897 accurate
543 2860 706 2897 collatum
721 2873 744 2898 a
758 2860 967 2898 wladimiro
985 2861 1142 2898 Bruneto
1158 2860 1435 2908 impetravimus.
1461 2861 1490 2895 1.
1508 2859 1553 2895 Β.
