1742 3184
207 145 309 200 450.
357 147 360 150 ·
547 210 549 212 ‚
690 145 935 197 Ganou
963 144 1209 194 ornam

207 265 333 314 σθίας
352 265 403 321 τῇ
423 260 542 320 τέχνῃ
561 266 743 319 ποιῆσαι.
809 258 854 311 ὃς
874 259 943 303 διὰ
964 259 1040 311 τὰς
1059 259 1326 324 ἀκαθαρσίας
1346 259 1415 304 καὶ
1433 260 1603 321 μιαρίας
1618 262 1687 306 καὶ

207 333 429 385 ἀκρλασίας
449 332 576 382 αὐτοῦ
597 330 771 389 ἐσφάγη,
807 333 942 380 κακῶς
963 330 1010 373 τὸ
1035 331 1105 384 ζῆν
1125 330 1375 388 ἀπορρήξας.
1463 375 1465 377 ,

335 401 618 459 Ἀλέξανδρος
646 399 667 443 ὃ
695 396 1043 456 Μαμαίαςῖυἶός,
1079 398 1302 458 ἐξάδελφος
1323 400 1510 454 Ἀβίτου,
1544 398 1688 454 ἐβασί-

203 476 343 515 λευσεν
361 470 429 526 ἴτη
449 468 500 528 ιγ’
520 474 654 525 μῆνας
672 467 726 525 η’.
795 471 858 512 ἐπὶ
893 468 1021 512 αὐτοῦ
1043 469 1179 525 γέγονε
1211 469 1330 525 λιμὸς
1355 471 1397 518 ,ἐν
1418 466 1557 526 Ῥώμῃ
1585 467 1688 511 ὥστε

202 543 271 585 καὶ
307 544 435 596 κρεῶν
473 539 621 590 αὐτοὺς
653 539 922 596 ἀνθρωπίνων
953 537 1165 593 ἅψασθαι.
1246 533 1365 590 οὗτος
1393 536 1723 596 ἓκστρατεῦσαςό

202 611 307 654 κατὰ
329 612 507 667 Περσῶν
526 607 687 664 ἡττήθη
711 607 816 651 κατὰ
838 605 1011 665 κράτος,
1054 610 1121 650 καὶ
1150 609 1482 666 καταφρονηθεὶς
1512 605 1692 664 σφάττε-

201 698 271 724 ται
299 678 404 735 μετὰ
437 682 510 734 τῆς
535 678 692 736 μητρὸς
720 678 870 721 αὐτοῦ·
904 676 994 732 ἥτις
1023 678 1091 720 καὶ
1111 678 1342 735 Χριστιανὴ
1374 675 1589 733 ἐτύγχανε,
1623 677 1694 718 καὶ

151 763 183 799 D
207 749 278 794 τὸν
294 747 505 806 Ὠριγένην
527 748 568 791 ἓν
582 747 803 807 Ἀντιοχείᾳ
824 747 1085 805 διατρίβοντα
1103 747 1393 803 μετεπέμψατο
1410 736 1513 803 πρὸς
1531 743 1693 800 ἑαυτήν,

203 821 454 873 διδαχθῆναι
481 816 528 860 τὸ
557 817 663 860 κατὰ
683 816 869 874 Χριστὸν
888 815 1116 872 μυστήριον
1134 817 1333 860 θέλουσα.
1397 815 1474 880 ἐφ’
1501 809 1550 858 οὗ
1569 818 1617 858 Ν
1616 813 1694 872 άρ-

151 927 154 930 ,
203 905 341 937 κισσος
362 883 896 944 ἔπίσκοποςἹεροσολύμων,
919 886 961 928 ἓν
980 890 1039 943 τῷ
1052 888 1260 940 βαπτίζειν
1278 887 1414 929 ἐλαίου
1427 889 1500 927 τοῦ
1510 885 1693 941 χρίσμαψ-
1706 889 1742 924 lc

202 974 272 1007 τος
292 957 522 1011 λείψαντος,
544 956 748 999 ἐκέλευσεν
767 954 881 1012 ὕδωρ
905 955 946 997 ἓν
962 959 1019 1014 τῷ
1039 960 1212 1014 κρατῆρι
1230 959 1456 1012 βληθῆναι,
1479 955 1548 997 καὶ
1567 951 1696 1003 οὕτως

202 1022 529 1085 προσευξάμενος
551 1027 606 1076 εἷς
630 1025 765 1068 ἔλαιον
784 1025 1003 1080 μετέβαλε.

340 1096 581 1150 Μαξιμῖνος
603 1096 862 1149 ἐβασίλευσεν
882 1093 949 1150 ἔτη
971 1091 1021 1143 ς’.
1091 1086 1211 1144 οὗτος
1234 1093 1387 1149 ποιμὴν
1406 1091 1463 1136 ὢν
1483 1088 1695 1150 πρότερον,

204 1162 287 1208 εἷθ’
317 1163 448 1215 οὕτως
469 1162 722 1223 στρατιώτης
746 1163 920 1220 γεγονὼς
947 1164 1015 1206 καὶ
1047 1164 1153 1217 μετὰ
1179 1167 1310 1206 ταῦτα
1332 1162 1560 1220 στρατηγὸς
1584 1162 1697 1216 Ἀλεῖ-Ι

202 1232 381 1294 ξάνδρου
391 1266 405 1285 ,
442 1233 502 1280 δι’
531 1234 701 1290 ἀνδρίαν
720 1232 911 1288 σώματος
929 1234 999 1274 καὶ
1017 1231 1177 1275 σύνεσιν
1203 1233 1271 1274 καὶ
1297 1230 1496 1290 φρόνησιν
1519 1229 1600 1273 ὖπό
1621 1234 1696 1277 τοῦ
1710 1236 1742 1272 1ξ

204 1302 338 1359 δήμου
359 1303 428 1345 καὶ
447 1307 521 1358 τῆς
540 1306 695 1358 βουλῆς
713 1302 1005 1359 προεχειρίσθη
1024 1299 1232 1356 βασιλεύς.
1303 1301 1350 1352 ὃς
1374 1300 1489 1356 ἔχθει
1510 1304 1568 1359 τῷ
1596 1299 1700 1358 πρὸς

198 1372 484 1428 Ἀλέξανδρον
516 1372 694 1422 πολλοὺς
721 1371 1001 1429 ,Χριστιανοὺς
1031 1370 1175 1426 ἔχοντα
1206 1371 1275 1413 καὶ
1305 1375 1487 1425 τιμῶντα
1521 1369 1700 1426 διωγμὸν

58 1455 88 1491 P
113 1452 182 1491 257
206 1442 339 1501 ἤγειρε
360 1441 489 1497 μέγαν
513 1442 619 1485 κατὰ
635 1443 914 1498 Χριστιανῶν.
984 1438 1148 1491 ἐπάξιον
1171 1440 1311 1495 ὁὲιτῆς
1331 1440 1457 1483 αὐτοῦ
1482 1437 1702 1497 ἀνοσιούρ-

204 1529 278 1570 γου
301 1508 467 1568 γνώμης
486 1511 533 1555 τὸ
562 1512 677 1562 τέλος
702 1509 875 1569 εὕρατο,
910 1511 1082 1567 σφαγεὶς
1102 1511 1249 1560 δολίως
1267 1509 1382 1568 παρὰ
1404 1510 1608 1567 Μαξίμου
1632 1508 1701 1551 καὶ

206 1581 431 1636 Βαλβίνου.
1710 1582 1742 1618 24

347 1648 548 1704 Μάξιμος
565 1650 775 1703 Βαλβῖνος
791 1648 860 1691 καὶ
878 1648 921 1689 Γ
917 1646 1107 1705 ορδιανὸς
1121 1651 1255 1702 μῆνας
1275 1644 1364 1700 δύο,
1394 1647 1462 1690 καὶ
1481 1642 1701 1705 ἀπεσφάγη

207 1718 288 1770 ὕπὸ
315 1722 590 1776 στρατιωτῶν.
644 1715 666 1760 ὅ
686 1718 730 1760 δὲ
751 1719 793 1759 Γ
790 1716 981 1775 ορὸιανὸς
1003 1715 1255 1775 προεγεγόνει
1274 1718 1443 1775 Καῖσαρ
1463 1716 1578 1774 παρὰ
1596 1718 1706 1760 Μα-

209 1788 383 1844 ξιμίνου.
452 1788 656 1837 Φίλιππος
690 1786 735 1829 δὲ
769 1784 792 1829 ὃ
823 1785 1000 1844 ἔπαρχος
1030 1786 1102 1830 τὸν
1133 1793 1246 1830 σῖτον
1290 1788 1613 1843 διακομισθῆναι
1645 1770 1707 1847 τῷ

212 1966 389 2049 fficeret.
414 2010 422 2019 .
436 1963 495 2001 bie
521 1965 670 2011 propter
692 1960 932 2010 impurItatem
957 1975 999 2000 ac
1021 1963 1238 2011 flagitiosam
1271 1963 1380 1999 vitam
1408 1961 1585 2010 iugulatus
1615 1960 1706 1998 male

283 2024 322 2048 us
374 2011 468 2046 enit.

305 2025 510 2094 Algxander
531 2056 716 2092 Mamaeae
737 2055 832 2095 filins
856 2057 1096 2093 fratre-Aviti
1119 2056 1273 2104 genitus,
1297 2055 1489 2103 imperavit
1511 2066 1623 2092 annos
1648 2055 1706 2102 13,

213 2117 351 2143 menses
375 2106 410 2139 8.
459 2107 560 2139 tanta
580 2105 645 2139 sub
670 2115 713 2137 eo
735 2103 871 2139 Rornae
895 2104 969 2140 fuit.
988 2105 1100 2139 fames
1124 2108 1164 2140 ut
1196 2103 1303 2144 etiam
1327 2103 1494 2139 humanis
1513 2114 1706 2137 vesceren-

213 2159 273 2188 tur
308 2151 488 2189 carnibus.
534 2150 568 2185 is
594 2161 672 2185 cum
693 2150 731 2185 in
753 2150 883 2186 Persas
909 2151 1139 2196 expeditione
1161 2151 1256 2190 facta
1279 2160 1405 2195 magno
1429 2148 1566 2196 praelio
1588 2148 1706 2183 victus

214 2203 329 2243 esset,
356 2200 578 2244 contemptus
603 2208 624 2231 a
647 2196 721 2231 suis
745 2201 782 2232 et
802 2209 881 2234 cum
902 2203 1015 2232 matre
1037 2198 1177 2235 occisus
1203 2202 1271 2231 est.
1318 2196 1389 2230 fuit
1412 2207 1454 2230 ea
1479 2194 1706 2230 Christianae

213 2245 422 2291 religionis,
458 2249 495 2281 et
518 2243 712 2289 Origenem
735 2243 955 2280 Antiocheae
989 2245 1174 2290 degentem
1198 2243 1243 2278 ad
1267 2242 1495 2286 sevocavit,
1528 2248 1570 2277 ut
1594 2253 1638 2276 ex
1661 2252 1705 2276 eo

215 2292 442 2327 Christianae
459 2290 546 2325 fidei
565 2289 734 2335 mysteria
755 2289 923 2327 disceret.
974 2303 1016 2326 eo
1039 2296 1202 2337 tempore
1224 2288 1415 2325 Narcissus
1434 2287 1707 2333 Hierosolymo-

215 2351 292 2374 rum
315 2338 517 2384 episcopus,
543 2347 620 2371 cum
637 2336 733 2371 inter
749 2336 999 2383 baptizandum
1019 2337 1132 2372 oleum
1155 2335 1333 2371 unctionis
1358 2347 1482 2371 sacrae
1501 2334 1706 2379 defecisset,

215 2396 343 2431 aquam
365 2384 496 2420 crateri
516 2383 651 2430 imponi
672 2382 797 2429 iussit,
832 2394 978 2429 eamque
1002 2383 1105 2419 deum
1126 2383 1306 2430 precando
1330 2381 1368 2416 in
1392 2381 1506 2417 oleum
1528 2386 1706 2416 transmu-

215 2432 322 2467 tavit.

307 2477 504 2525 Imperavit
525 2475 656 2512 deinde
679 2475 894 2511 Maximinus
927 2486 1037 2511 annos
1069 2477 1105 2510 6.
1153 2475 1271 2511 fuerat
1304 2474 1408 2510 initio
1440 2476 1584 2520 pastor,
1622 2472 1708 2508 inde

218 2524 330 2569 miles,
355 2529 392 2559 et
414 2527 498 2570 post
521 2524 587 2558 sub
611 2522 811 2558 Alexandro
835 2521 998 2557 tribunus
1023 2522 1190 2567 militum,
1216 2523 1261 2557 ob
1285 2521 1530 2557 fortitudinem
1554 2532 1597 2555 ac
1619 2532 1706 2566 pru-

218 2571 373 2605 dentiam
394 2569 543 2617 imperio
568 2574 624 2604 est
642 2580 663 2604 a
684 2573 810 2604 senatu
827 2568 1028 2614 populoque
1052 2569 1210 2603 Romano
1235 2569 1452 2615 praefectus.
1487 2566 1567 2602 odio
1590 2570 1707 2602 autem

219 2616 431 2662 Alexandri,
468 2617 531 2663 qui
564 2615 692 2651 multos
716 2615 939 2651 Christianos
962 2627 1081 2650 secum
1107 2615 1303 2651 honorifice
1332 2614 1526 2658 habuerat,
1560 2624 1708 2660 gravem

220 2662 500 2698 Christianorum
536 2662 762 2698 vexationem
784 2661 951 2699 instituit.
1000 2661 1170 2707 deditque
1192 2661 1317 2707 dignas
1340 2659 1535 2707 impietatis
1557 2671 1706 2708 poenas,

221 2719 244 2743 a
264 2707 418 2744 Maximo
443 2713 480 2744 et
500 2709 651 2744 Balbino
675 2722 740 2756 per
759 2709 919 2745 fraudem
941 2708 1166 2744 interfectus.

314 2755 489 2791 Maximus
511 2755 683 2791 Balbinus
708 2762 745 2791 et
763 2756 965 2791 Gordianus
989 2766 1127 2790 menses
1149 2757 1193 2797 ἒς
1225 2756 1260 2790 et
1284 2753 1494 2789 interfectus
1519 2755 1575 2788 est
1595 2762 1616 2786 a
1639 2749 1706 2785 mi-

221 2798 357 2836 litibus.
406 2802 608 2838 Gordianus
641 2808 756 2838 autem
788 2802 858 2837 iam
881 2806 963 2837 ante
986 2803 1106 2837 fuerat
1129 2813 1150 2836 a
1172 2800 1365 2837 Maximino
1390 2801 1525 2835 Caesar
1547 2797 1716 2844 appella-.

222 2850 294 2882 tus.
341 2846 527 2895 Philippus
547 2853 664 2886 autem
685 2849 889 2897 praefectus
906 2848 1075 2887 alimenta
1092 2848 1132 2885 in
1156 2851 1273 2885 castra
1296 2847 1431 2885 deferri
1446 2844 1649 2894 prohibuit:
1674 2843 1714 2880 is.
