1742 3184
358 173 762 219 HISTORIARUM
796 166 1196 220 GOMPENDIUM.
1469 173 1537 222 77

31 288 300 352 Ἀφρικανός,
334 289 399 336 ὅτι
430 291 474 335 ἐκ
507 295 583 335 τοῦ
599 290 740 335 Ἠσαῦ
760 288 878 334 ἄλλοι
899 308 943 335 τε
968 292 1112 334 πολλοὶ
1134 291 1203 333 καὶ
1219 287 1420 347 Ῥαγουηλ
1440 307 1531 348 γεν-
1555 296 1586 332 Β

38 369 182 416 νᾶται,
219 361 300 421 ἀφ’
331 356 381 406 οὗ
408 362 580 420 Ζαρέθ,
615 362 659 413 ἐξ
690 355 739 404 οὗ
766 360 896 417 Ἷώβ,
933 360 979 413 ὃς
1005 361 1111 404 κατὰ
1144 358 1404 418 συγχώρησιν
1432 365 1538 404 θεοῦ

38 432 119 477 ὕπὸ
155 431 355 488 διαβόλου
387 430 615 491 ἕπειράσθη
650 433 719 475 καὶ
748 432 903 488 ἐνίκησε
934 431 1006 476 τὸν
1035 429 1293 490 πειράζοντα.
1363 428 1385 474 ὃ
1419 432 1467 475 δέ
1493 449 1539 490 γε

39 508 156 555 θεῖος
180 503 371 561 Ἀβραὰμ
400 504 583 560 ἐγέννησε
611 501 735 546 πάλιν
754 502 870 554 υἱοὺς
891 503 934 546 ἐκ
955 507 1031 559 τῆς
1050 499 1227 558 ἐσχάτης
1245 501 1374 545 αὐτοῦ
1395 520 1540 559 γυναι-

5 574 111 626 5κός
134 572 377 632 Χεττοῦρας
399 573 539 626 πέντε,
575 572 655 631 ἀφ’
682 566 740 616 ὧν
758 573 842 616 ἐστὶ
866 570 1080 629 Μαδιάμ,
1118 573 1161 622 ε”ξ
1184 566 1234 615 οὗ
1257 574 1538 626 Μαδιανΐται,

11 676 13 678 -
39 647 107 688 καὶ
133 643 294 703 Ἄφαρ,
329 645 373 696 ἐξ
402 637 452 687 οὗ
474 641 676 702 Ἀφρική,
711 643 755 686 ἓν
786 637 816 701 ᾗ
842 642 1108 703 παρῴκησεν,
1142 640 1168 699 ἦ
1189 640 1308 699 χώρα
1330 660 1540 701 προσηγο-

40 713 172 773 ρεύθη
206 713 493 772 παρωνύμως,
527 712 665 772 ὥσπερ
687 713 865 765 Αὖσῖτις
886 712 913 771 ἦ
934 712 1054 771 χώρα
1077 714 1122 757 ἐκ
1146 718 1220 756 τοῦ
1239 714 1379 757 Ἠσαῦ
1388 746 1401 766 ,
1437 715 1480 757 ἐν
1509 708 1539 773 ᾗ

39 783 342 841 ἀνεβλάστησεν
365 783 387 828 ’ὅ
408 782 615 842 μακάριος
646 786 714 827 καὶ
747 783 955 836 πολύτλας
978 787 1047 827 καὶ
1077 782 1300 840 διαβόητος
1321 782 1448 839 Ἰώβ·
1491 784 1538 827 ὃν

38 854 298 913 ἐγκωμιάζων
316 853 339 898 ὃ
356 859 472 906 θεῖος
487 852 793 913 Χρυσόστομος
810 855 915 912 λέγει
939 853 1197 912 “ἆ’νθρωπός
1213 872 1276 906 τις
1291 848 1342 911 ἦν
1360 855 1402 898 ἓν
1413 853 1536 915 χώρα

0 931 88 984 Ξθτῇ
112 925 307 969 Αὖσίτιὸι
317 925 365 979 ,²³
403 923 616 983 κηρύττων
639 925 764 969 αὐτὸν
785 927 853 968 καὶ
878 925 959 968 ἀπὸ
985 930 1061 981 τῆς
1083 923 1248 983 φύσεως
1270 927 1337 968 καὶ
1361 925 1442 968 ἀπὸ
1463 931 1537 981 τῆς

31 995 200 1055 χώρας,
225 997 284 1040 ‘lv’
317 994 454 1054 ὥσπερ
489 993 671 1048 ἀκούσας
697 995 823 1040 αὐτὸν
855 995 1080 1054 ἄνθρωπον
1100 994 1331 1051 θαυμάζεις
1352 995 1413 1039 ὅτι
1431 994 1535 1051 ὑπὲρ

38 1066 265 1124 ἄνθρωπον
294 1065 582 1110 ἐπολιτεύσατο
592 1099 605 1119 ,
655 1065 762 1111 οὕτω
790 1068 946 1121 μαθὼν
979 1068 1047 1109 καὶ
1080 1066 1154 1122 τὴν
1177 1065 1323 1123 χώραν
1353 1069 1396 1118 ἐξ
1426 1060 1476 1122 ἧς
1507 1065 1528 1109 ὃ
1554 1072 1586 1107 C

36 1141 224 1189 τοιοῦτος
256 1137 414 1195 καρπὸς
444 1136 650 1192 ἤνθησεν,
687 1139 891 1195 ἕκπλαγῇς
921 1134 1062 1179 ὁποῖον
1091 1134 1214 1195 ῥόδον
1243 1138 1286 1179 ἓν
1313 1137 1428 1194 μέσῳ
1452 1142 1534 1180 τῶν

38 1207 234 1251 ἀκανθῶν
277 1206 540 1263 ἐβλάστησεν.
612 1209 797 1263 ε’πίγονος
837 1207 916 1264 γάρ
959 1208 1044 1251 ἐστι
1088 1212 1163 1251 τοῦ
1200 1208 1532 1262 διαβαλλομένου

0 1277 196 1330 swani,
232 1278 380 1329 καθώς
407 1276 433 1333 ἡ
460 1277 601 1336 γραφὴ
631 1278 816 1332 πέμπτον
843 1277 968 1320 αὐτὸν
999 1277 1078 1320 ἀπὸ
1105 1282 1178 1321 τοῦ
1195 1278 1389 1335 Ἀβραὰμ
1414 1279 1533 1334 λέγει.

32 1347 242 1405 Ἀβραὰμ
261 1347 364 1405 γάρ,
397 1349 546 1406 φησίν,
572 1348 755 1404 ἐγέννησε
777 1348 848 1390 τὸν
867 1346 1017 1390 Ἰσαάκ
1029 1380 1042 1399 ,
1064 1347 1215 1391 Ἰσαὰκ
1234 1349 1278 1390 δὲ
1296 1348 1367 1391 τὸν
1380 1348 1534 1401 Ἠσαῦ,

32 1417 171 1461 Ἠσαῢ
205 1418 251 1460 δὲ
281 1417 353 1462 τὸν
379 1416 580 1474 Ῥαγουὴλ
613 1419 682 1461 καὶ
717 1417 787 1461 τὸν
821 1416 969 1475 Ζάρα,
1004 1416 1126 1475 Ζὰρα
1159 1419 1203 1460 ὸὲ
1232 1417 1302 1461 τὸν
1327 1417 1454 1472 Ἰώβ,
1491 1418 1537 1470 ὃς

35 1488 189 1545 ἐγένετο
219 1487 447 1546 ἄνθρωπος
473 1486 655 1545 σώφρων
682 1490 750 1530 καὶ
781 1486 948 1543 σεμνός,
986 1490 1114 1545 λέγων
1143 1486 1275 1540 οὕτως
1303 1486 1371 1532 “u‘
1399 1490 1443 1532 δὲ
1467 1490 1538 1531 καὶ

35 1556 370 1614 ἐπηκολούθησεν
393 1556 414 1601 ὃ
441 1556 667 1617 ὀφθαλμός
684 1575 767 1614 μου
789 1560 949 1616 γυναικὶ
980 1559 1198 1619 ἀλλοτρία,
1229 1560 1295 1601 καὶ
1327 1556 1537 1615 διαθήκην

0 1629 234 1685 θδιεθέμην
266 1635 352 1680 τοῖς
381 1628 621 1687 ὀφθαλμοῖς
648 1629 776 1685 μου.”
848 1628 896 1672 οὐ
928 1628 1013 1685 μὴν
1043 1630 1088 1672 δὲ
1112 1628 1219 1672 ἀλλὰ
1240 1630 1309 1672 καὶ
1330 1627 1432 1686 ὑπὲρ
1456 1634 1538 1673 τῶν

33 1700 192 1742 οἰκείων
219 1699 367 1742 τέκνων
404 1701 557 1750 θυσίας
588 1704 769 1756 προσῆγε
795 1698 902 1743 καθ’
927 1697 1087 1758 ἡμέραν
1096 1732 1109 1752 ,
1146 1696 1320 1757 φάσκων
1346 1697 1536 1755 “perfunt-⁶.

32 1769 139 1813 κακὰ
158 1767 374 1825 ε’νενόησαν
396 1770 501 1826 πρὸς
519 1770 590 1813 τὸν
609 1769 757 1813 θεόν.”
831 1768 998 1821 εἰκότως
1023 1764 1096 1813 οὖν
1118 1769 1197 1827 ἔφη
1228 1767 1327 1812 ακαὶ
1349 1763 1399 1825 ἦν
1421 1767 1442 1813 ὃ
1462 1769 1536 1813 ἄν·

29 1843 205 1897 θρωπος
236 1841 386 1891 ἐκεῖνος
418 1839 632 1895 ἄμεμπτος
668 1842 825 1892 δίκαιος
854 1839 1088 1896 θεοσεβὴς”
1127 1841 1195 1882 καὶ
1229 1839 1281 1882 τὰ
1315 1838 1420 1896 ἑξῆς.
1494 1840 1532 1883 οἱ

29 1910 105 1966 μὲν
131 1910 211 1969 γὰρ
238 1909 317 1962 ἔξω
344 1908 567 1970 φιλόσοφοι
586 1910 657 1954 τὸν
678 1910 776 1969 ὅρον
795 1912 1014 1968 δηλοῦντες
1031 1915 1104 1954 τοῦ
1127 1908 1355 1968 ἀνθρώπου
1377 1912 1527 1970 φασίν·
1549 1918 1582 1953 D

29 2032 138 2056 canus
161 2020 274 2057 tradit
294 2020 393 2056 Esao
418 2033 495 2056 cum
523 2020 612 2056 alios
637 2021 765 2058 multos
789 2021 902 2058 fuisse
922 2020 1040 2067 filios,
1065 2025 1138 2057 tum
1163 2021 1356 2067 Raguelem
1380 2020 1531 2058 zarethi

30 2074 179 2115 patrem.
228 2068 379 2104 Zarethi
397 2068 490 2103 filius
510 2069 579 2104 fuit
599 2070 726 2115 lobus,
751 2069 782 2105 is
806 2069 869 2116 qui
892 2069 1068 2116 permissu
1087 2067 1146 2103 dei
1165 2080 1186 2103 a
1204 2069 1346 2105 diabolo
1369 2074 1529 2105 tentatus

31 2120 88 2150 est
107 2127 150 2150 ac
172 2120 384 2150 tentatorem
409 2115 510 2151 vicit.
559 2116 702 2152 divinus
729 2122 846 2152 autem
870 2117 1090 2152 Abrahamus
1115 2128 1159 2150 ex
1182 2115 1305 2151 ultima
1326 2128 1390 2151 sua
1417 2128 1531 2153 uxore

30 2162 205 2197 Chettura
227 2162 385 2208 quinque
407 2174 546 2198 rursum
570 2163 662 2200 filios
687 2164 833 2208 habuit;
865 2177 885 2199 e
908 2164 1037 2210 quibus
1062 2163 1132 2199 fuit
1155 2162 1375 2208 Mafflamus,
1404 2170 1531 2199 auctor

28 2208 328 2255 Maffianstarum,
355 2214 392 2244 et
412 2210 556 2256 Aphar,
580 2223 602 2246 a
625 2223 695 2257 quo
720 2216 818 2247 terra
841 2223 946 2258 quam
969 2210 1117 2246 incoluit
1139 2209 1285 2245 Africae
1309 2222 1434 2245 nomen
1461 2211 1527 2245 ob-

29 2255 150 2302 tinuit,
173 2255 267 2291 sicut
283 2256 419 2292 Ausitis
438 2263 535 2293 terra
551 2259 595 2294 ab
612 2259 724 2294 Esau.
775 2271 866 2305 quae
890 2264 989 2294 terra
1011 2259 1153 2293 beatum
1181 2256 1276 2292 illum
1302 2256 1530 2292 excellentis-

54 2314 99 2338 ue
110 2302 306 2350 patientiae
317 2309 354 2339 et
366 2304 560 2340 nobilitatis
573 2306 695 2341 Iobum
713 2306 872 2352 protulit,
892 2306 993 2341 cuius
1011 2305 1134 2340 laudes
1152 2304 1364 2350 praedicans
1384 2303 1530 2340 divinus

55 2350 89 2385 le
112 2350 392 2396 chrysostomus
416 2352 504 2387 haec
521 2352 610 2388 dicit
631 2354 714 2398 (Iob
736 2365 816 2400 cap.
842 2355 879 2398 1)
903 2349 997 2388 “fuit
1021 2352 1163 2399 quidam
1185 2352 1287 2386 homo
1308 2351 1345 2385 in
1364 2350 1531 2387 Ausitide

28 2393 163 2434 terra.'’
212 2403 249 2433 et
278 2403 440 2434 naturam
473 2399 549 2435 eius
572 2401 688 2436 refert
711 2406 748 2436 et
771 2400 944 2447 patriam,
979 2405 1018 2434 ut
1042 2405 1078 2434 et
1101 2410 1178 2433 cum
1203 2398 1378 2433 hominem
1406 2398 1532 2433 vocari

28 2444 151 2489 audis,
185 2444 371 2480 admireris
395 2445 504 2481 vitam
534 2446 683 2483 humana
706 2448 1023 2494 praestantiorem,
1058 2451 1094 2481 et
1117 2457 1194 2481 cum
1217 2444 1329 2480 solum
1354 2444 1532 2480 nominari

28 2491 130 2526 audis
153 2493 250 2538 quod
274 2492 378 2528 talem
405 2493 519 2528 edidit
546 2495 719 2540 fructum,
754 2495 869 2530 animo
895 2493 1121 2542 percellaris,
1157 2493 1251 2540 quod
1273 2491 1355 2527 talis
1378 2504 1462 2528 rosa
1483 2493 1530 2528 de

27 2539 144 2574 medio
174 2539 356 2585 spinarum
389 2539 562 2576 effloruit.
612 2548 668 2577 est
702 2542 794 2577 enim
830 2546 1027 2588 prognatus
1050 2540 1174 2575 infami
1199 2539 1259 2574 illo
1282 2539 1403 2585 Esao,
1437 2551 1530 2586 quo-

27 2586 131 2621 modo
157 2597 235 2621 eum
257 2587 436 2633 scriptura
459 2587 618 2633 quintum
643 2590 688 2624 ab
713 2589 914 2624 Abrahamo
943 2589 1031 2624 facit
1054 2587 1109 2622 his
1135 2586 1272 2622 verbis:
1305 2586 1530 2622 Abrahamus

26 2631 187 2668 Isaacum
204 2633 340 2678 genuit,
364 2634 509 2670 Isaacus
529 2636 672 2682 Esaum,
697 2636 816 2672 Esaus
836 2637 972 2682 Ragum
993 2640 1029 2669 et
1048 2634 1189 2679 Zaram,
1214 2633 1307 2668 zara
1326 2634 1465 2669 Iobum.
1495 2633 1529 2669 is

25 2679 135 2714 Iobus
160 2679 217 2715 vir
238 2680 309 2716 fuit
331 2682 501 2717 honestus
526 2694 568 2717 ac
591 2683 711 2728 gravis
726 2710 736 2729 ,
764 2684 814 2719 ita
838 2685 884 2718 de
907 2695 947 2718 se
971 2681 1093 2717 dicens
1117 2678 1269 2728 “quodsi
1288 2680 1408 2716 oculus
1429 2693 1528 2716 meus

27 2725 176 2762 alienam
192 2727 383 2763 -mulierem
409 2735 633 2765 consectatus
658 2736 731 2775 est,
766 2738 907 2776 pactum
931 2741 1007 2765 cum
1034 2727 1144 2763 oculis
1169 2728 1256 2763 meis
1280 2724 1391 2763 feci?
1437 2728 1525 2773 quin

27 2778 64 2808 et
85 2785 150 2819 pro
168 2773 293 2809 liberis
311 2775 386 2811 suis
405 2776 472 2811 deo
493 2776 655 2822 quotidie
673 2778 904 2822 sacrificavit,
928 2776 1023 2823 quod
1040 2775 1178 2812 diceret
1195 2779 1352 2811 metuere
1371 2787 1411 2810 se
1429 2786 1474 2809 ne
1495 2774 1524 2809 ii

25 2818 159 2867 aliquid
179 2821 351 2857 adversus
377 2823 481 2858 deum
499 2823 616 2859 animo
635 2824 844 2870 agitassent.
893 2829 992 2859 recte
1013 2823 1136 2870 itaque
1160 2823 1338 2870 scriptura
1361 2821 1415 2857 ait
1438 2821 1521 2864 (Iob

25 2878 105 2912 cap.
119 2869 155 2913 1)
173 2863 236 2903 “et
251 2875 330 2904 erat
347 2869 450 2906 homo
468 2869 528 2906 ille
550 2871 690 2918 integer
703 2872 816 2907 iustus
833 2872 912 2919 pius
927 2882 1014 2917 erga
1025 2867 1151 2906 deum”
1170 2875 1240 2906 etc.
1276 2881 1356 2904 nam
1377 2867 1521 2916 profani

26 2913 227 2963 philosophi
249 2915 423 2954 hominem
449 2918 638 2966 definiunt,
662 2919 791 2956 animal
809 2918 950 2954 ratione
968 2917 1167 2964 praeditum
1191 2916 1349 2954 mortale.
1396 2926 1522 2951 sacrae
