<?xml version="1.0" encoding="UTF-8"?>
<!DOCTYPE html PUBLIC "-//W3C//DTD XHTML 1.0 Transitional//EN"
    "http://www.w3.org/TR/xhtml1/DTD/xhtml1-transitional.dtd">
<html xmlns="http://www.w3.org/1999/xhtml" xml:lang="en" lang="en">
 <head>
  <title>
</title>
<meta http-equiv="Content-Type" content="text/html;charset=utf-8" />
  <meta name='ocr-system' content='tesseract 3.04.00' />
  <meta name='ocr-capabilities' content='ocr_page ocr_carea ocr_par ocr_line ocrx_word'/>
</head>
<body>
  <div class='ocr_page' id='page_1' title='image "./corpusscriptorum13niebuoft_0374.png"; bbox 0 0 1742 3184; ppageno 0'>
   <div class='ocr_carea' id='block_1_1' title="bbox 199 159 1195 212">
    <p class='ocr_par' dir='ltr' id='par_1_1' title="bbox 199 159 1195 212">
     <span class='ocr_line' id='line_1_1' title="bbox 199 159 1195 212; baseline -0.008 -1"><span class='ocrx_word' id='word_1_1' title='bbox 199 162 299 212; x_wconf 79' lang='lat'><em>350</em></span> <span class='ocrx_word' id='word_1_2' title='bbox 680 160 919 207; x_wconf 86' lang='lat' dir='ltr'>GEORGII</span> <span class='ocrx_word' id='word_1_3' title='bbox 948 159 1195 205; x_wconf 83' lang='lat' dir='ltr'><strong>GEDRENI</strong></span> 
     </span>
    </p>
   </div>
   <div class='ocr_carea' id='block_1_2' title="bbox 142 272 1734 1796">
    <p class='ocr_par' dir='ltr' id='par_1_2' title="bbox 142 272 1734 1796">
     <span class='ocr_line' id='line_1_2' title="bbox 197 272 1670 340; baseline -0.006 -14"><span class='ocrx_word' id='word_1_4' title='bbox 197 283 386 340; x_wconf 73' lang='grc' dir='ltr'><em>τρεΐσθαι</em></span> <span class='ocrx_word' id='word_1_5' title='bbox 406 277 510 337; x_wconf 75' lang='grc' dir='ltr'><em>παρ’</em></span> <span class='ocrx_word' id='word_1_6' title='bbox 543 276 682 330; x_wconf 76' lang='grc' dir='ltr'><em>αῧτοΐς</em></span> <span class='ocrx_word' id='word_1_7' title='bbox 705 276 864 336; x_wconf 81' lang='grc' dir='ltr'><em>τροφὴν</em></span> <span class='ocrx_word' id='word_1_8' title='bbox 883 278 952 319; x_wconf 79' lang='grc' dir='ltr'><em>καὶ</em></span> <span class='ocrx_word' id='word_1_9' title='bbox 975 273 1094 319; x_wconf 84' lang='grc' dir='ltr'><em>πόσιν</em></span> <span class='ocrx_word' id='word_1_10' title='bbox 1118 275 1232 332; x_wconf 81' lang='grc' dir='ltr'><em>λιτὴν</em></span> <span class='ocrx_word' id='word_1_11' title='bbox 1260 276 1327 318; x_wconf 81' lang='grc' dir='ltr'><em>καὶ</em></span> <span class='ocrx_word' id='word_1_12' title='bbox 1347 272 1583 333; x_wconf 73' lang='grc' dir='ltr'><em>ἀπερίεργον</em></span> <span class='ocrx_word' id='word_1_13' title='bbox 1603 275 1670 317; x_wconf 79' lang='grc' dir='ltr'><em>καὶ</em></span> 
     </span>
     <span class='ocr_line' id='line_1_3' title="bbox 198 343 1672 404; baseline -0.007 -9"><span class='ocrx_word' id='word_1_14' title='bbox 198 352 491 403; x_wconf 80' lang='grc' dir='ltr'><strong><em>σπανίζουσαν·</em></strong></span> <span class='ocrx_word' id='word_1_15' title='bbox 528 348 660 399; x_wconf 69' lang='grc' dir='ltr'><em>οὐδεὶς</em></span> <span class='ocrx_word' id='word_1_16' title='bbox 674 346 752 404; x_wconf 79' lang='grc' dir='ltr'><em>γὰρ</em></span> <span class='ocrx_word' id='word_1_17' title='bbox 773 346 876 404; x_wconf 69' lang='grc' dir='ltr'><em>παρ’</em></span> <span class='ocrx_word' id='word_1_18' title='bbox 900 346 1038 396; x_wconf 78' lang='grc' dir='ltr'><em>αὓτοΐς</em></span> <span class='ocrx_word' id='word_1_19' title='bbox 1060 343 1182 403; x_wconf 87' lang='grc' dir='ltr'><em>κόρος</em></span> <span class='ocrx_word' id='word_1_20' title='bbox 1199 346 1266 388; x_wconf 85' lang='grc' dir='ltr'><em>καὶ</em></span> <span class='ocrx_word' id='word_1_21' title='bbox 1283 345 1487 402; x_wconf 88' lang='grc' dir='ltr'><em>χορτασία</em></span> <span class='ocrx_word' id='word_1_22' title='bbox 1504 344 1672 396; x_wconf 81' lang='grc' dir='ltr'><strong><em>κοιλίας,</em></strong></span> 
     </span>
     <span class='ocr_line' id='line_1_4' title="bbox 197 413 1671 473; baseline -0.006 -9"><span class='ocrx_word' id='word_1_23' title='bbox 197 420 285 465; x_wconf 65' lang='grc' dir='ltr'><em>ἀλλ’</em></span> <span class='ocrx_word' id='word_1_24' title='bbox 311 419 442 463; x_wconf 65' lang='grc' dir='ltr'><em>ἔνδεια</em></span> <span class='ocrx_word' id='word_1_25' title='bbox 461 418 589 473; x_wconf 82' lang='grc' dir='ltr'><em>πολλὴ</em></span> <span class='ocrx_word' id='word_1_26' title='bbox 613 419 681 460; x_wconf 85' lang='grc' dir='ltr'><em>καὶ</em></span> <span class='ocrx_word' id='word_1_27' title='bbox 703 417 919 472; x_wconf 69' lang='grc' dir='ltr'><em>ὀλιγοδεία.</em></span> <span class='ocrx_word' id='word_1_28' title='bbox 985 415 1055 458; x_wconf 86' lang='grc' dir='ltr'><em>τὸν</em></span> <span class='ocrx_word' id='word_1_29' title='bbox 1079 416 1124 458; x_wconf 80' lang='grc' dir='ltr'><em>δὲ</em></span> <span class='ocrx_word' id='word_1_30' title='bbox 1147 413 1471 472; x_wconf 78' lang='grc' dir='ltr'><em>προσερχόμενον</em></span> <span class='ocrx_word' id='word_1_31' title='bbox 1494 414 1671 469; x_wconf 81' lang='grc' dir='ltr'><em>ζηλῶσαι</em></span> 
     </span>
     <span class='ocr_line' id='line_1_5' title="bbox 195 483 1670 545; baseline -0.007 -12"><span class='ocrx_word' id='word_1_32' title='bbox 195 490 267 533; x_wconf 85' lang='grc' dir='ltr'><em>τὸν</em></span> <span class='ocrx_word' id='word_1_33' title='bbox 292 491 384 545; x_wconf 88' lang='grc' dir='ltr'><em>βίον</em></span> <span class='ocrx_word' id='word_1_34' title='bbox 414 488 487 531; x_wconf 73' lang='grc' dir='ltr'><em>οὖν,</em></span> <span class='ocrx_word' id='word_1_35' title='bbox 520 487 648 537; x_wconf 67' lang='grc' dir='ltr'><em>εὐθὺς</em></span> <span class='ocrx_word' id='word_1_36' title='bbox 676 483 962 540; x_wconf 82' lang='grc' dir='ltr'><em>ἀδοκιμάστως</em></span> <span class='ocrx_word' id='word_1_37' title='bbox 984 486 1052 527; x_wconf 89' lang='grc' dir='ltr'><em>καὶ</em></span> <span class='ocrx_word' id='word_1_38' title='bbox 1075 483 1343 540; x_wconf 72' lang='grc' dir='ltr'><em>ἀγυμνάστως</em></span> <span class='ocrx_word' id='word_1_39' title='bbox 1358 483 1670 541; x_wconf 75' lang='grc' dir='ltr'><em>παραδέχονται,</em></span> 
     </span>
     <span class='ocr_line' id='line_1_6' title="bbox 195 550 1705 611; baseline -0.005 -9"><span class='ocrx_word' id='word_1_40' title='bbox 195 559 283 603; x_wconf 74' lang='grc' dir='ltr'><em>ἀλλ’</em></span> <span class='ocrx_word' id='word_1_41' title='bbox 305 557 487 602; x_wconf 71' lang='grc' dir='ltr'><em>ἐνιαυτὸν</em></span> <span class='ocrx_word' id='word_1_42' title='bbox 503 556 582 608; x_wconf 65' lang='grc' dir='ltr'><em>ἔξω</em></span> <span class='ocrx_word' id='word_1_43' title='bbox 598 557 757 611; x_wconf 77' lang='grc' dir='ltr'><em>μένοντι</em></span> <span class='ocrx_word' id='word_1_44' title='bbox 773 555 847 610; x_wconf 84' lang='grc' dir='ltr'><em>τὴν</em></span> <span class='ocrx_word' id='word_1_45' title='bbox 865 554 992 610; x_wconf 77' lang='grc' dir='ltr'><em>αὐτὴν</em></span> <span class='ocrx_word' id='word_1_46' title='bbox 1007 552 1269 597; x_wconf 69' lang='grc' dir='ltr'><em>ὑποτίθενται</em></span> <span class='ocrx_word' id='word_1_47' title='bbox 1285 554 1443 595; x_wconf 87' lang='grc' dir='ltr'><em>δίαιταν</em></span> <span class='ocrx_word' id='word_1_48' title='bbox 1457 554 1526 596; x_wconf 85' lang='grc' dir='ltr'><em>καὶ</em></span> <span class='ocrx_word' id='word_1_49' title='bbox 1544 550 1670 595; x_wconf 86' lang='grc' dir='ltr'><em>κατά-</em></span> <span class='ocrx_word' id='word_1_50' title='bbox 1683 559 1705 595; x_wconf 86' lang='grc'><strong>5</strong></span> 
     </span>
     <span class='ocr_line' id='line_1_7' title="bbox 142 619 1673 684; baseline -0.007 -10"><span class='ocrx_word' id='word_1_51' title='bbox 142 643 175 679; x_wconf 80' lang='lat' dir='ltr'>c</span> <span class='ocrx_word' id='word_1_52' title='bbox 198 646 367 680; x_wconf 83' lang='grc' dir='ltr'><em>στασιν,</em></span> <span class='ocrx_word' id='word_1_53' title='bbox 411 624 618 684; x_wconf 80' lang='grc' dir='ltr'><em>ἀξινάριόν</em></span> <span class='ocrx_word' id='word_1_54' title='bbox 646 642 689 668; x_wconf 88' lang='grc' dir='ltr'><em>τε</em></span> <span class='ocrx_word' id='word_1_55' title='bbox 716 626 783 667; x_wconf 84' lang='grc' dir='ltr'><em>καὶ</em></span> <span class='ocrx_word' id='word_1_56' title='bbox 816 626 1022 682; x_wconf 78' lang='grc' dir='ltr'><em>περίζωμα</em></span> <span class='ocrx_word' id='word_1_57' title='bbox 1049 622 1186 674; x_wconf 78' lang='grc' dir='ltr'><em>δόντες</em></span> <span class='ocrx_word' id='word_1_58' title='bbox 1209 624 1279 666; x_wconf 87' lang='grc' dir='ltr'><em>καὶ</em></span> <span class='ocrx_word' id='word_1_59' title='bbox 1307 622 1495 680; x_wconf 77' lang='grc' dir='ltr'><em>πενιχρὸν</em></span> <span class='ocrx_word' id='word_1_60' title='bbox 1513 619 1673 675; x_wconf 81' lang='grc' dir='ltr'><em>ἱμάτιον</em></span> 
     </span>
     <span class='ocr_line' id='line_1_8' title="bbox 199 689 1674 756; baseline -0.006 -14"><span class='ocrx_word' id='word_1_61' title='bbox 199 696 471 756; x_wconf 70' lang='grc' dir='ltr'><em>γυμνάζουσιν</em></span> <span class='ocrx_word' id='word_1_62' title='bbox 501 695 569 738; x_wconf 69' lang='grc' dir='ltr'><em>ἐπ’</em></span> <span class='ocrx_word' id='word_1_63' title='bbox 601 695 735 752; x_wconf 65' lang='grc' dir='ltr'><em>ἔργοις</em></span> <span class='ocrx_word' id='word_1_64' title='bbox 767 694 948 750; x_wconf 80' lang='grc' dir='ltr'><em>ἀρίστοις</em></span> <span class='ocrx_word' id='word_1_65' title='bbox 975 694 1043 735; x_wconf 83' lang='grc' dir='ltr'><em>καὶ</em></span> <span class='ocrx_word' id='word_1_66' title='bbox 1062 690 1210 749; x_wconf 79' lang='grc' dir='ltr'><em>λόγοις.</em></span> <span class='ocrx_word' id='word_1_67' title='bbox 1279 689 1364 735; x_wconf 79' lang='grc' dir='ltr'><em>εἶτα</em></span> <span class='ocrx_word' id='word_1_68' title='bbox 1381 691 1485 747; x_wconf 79' lang='grc' dir='ltr'><em>μετὰ</em></span> <span class='ocrx_word' id='word_1_69' title='bbox 1504 690 1578 746; x_wconf 88' lang='grc' dir='ltr'><em>τὴν</em></span> <span class='ocrx_word' id='word_1_70' title='bbox 1599 694 1674 745; x_wconf 84' lang='grc' dir='ltr'><em>τῆς</em></span> 
     </span>
     <span class='ocr_line' id='line_1_9' title="bbox 199 756 1674 825; baseline -0.007 -13"><span class='ocrx_word' id='word_1_71' title='bbox 199 768 415 825; x_wconf 79' lang='grc' dir='ltr'><em>καρτερίας</em></span> <span class='ocrx_word' id='word_1_72' title='bbox 436 766 627 816; x_wconf 76' lang='grc' dir='ltr'><em>ἐπίδειξιν</em></span> <span class='ocrx_word' id='word_1_73' title='bbox 645 765 761 807; x_wconf 86' lang='grc' dir='ltr'><em>δυσὶν</em></span> <span class='ocrx_word' id='word_1_74' title='bbox 782 763 922 814; x_wconf 77' lang='grc' dir='ltr'><em>ἄλλοις</em></span> <span class='ocrx_word' id='word_1_75' title='bbox 950 762 1077 806; x_wconf 72' lang='grc' dir='ltr'><em>ἴτεσιν</em></span> <span class='ocrx_word' id='word_1_76' title='bbox 1101 761 1148 805; x_wconf 83' lang='grc' dir='ltr'><em>τὸ</em></span> <span class='ocrx_word' id='word_1_77' title='bbox 1175 756 1283 817; x_wconf 72' lang='grc' dir='ltr'><em>ἦθος</em></span> <span class='ocrx_word' id='word_1_78' title='bbox 1307 761 1377 804; x_wconf 85' lang='grc' dir='ltr'><em>καὶ</em></span> <span class='ocrx_word' id='word_1_79' title='bbox 1403 760 1450 804; x_wconf 85' lang='grc' dir='ltr'><em>τὸ</em></span> <span class='ocrx_word' id='word_1_80' title='bbox 1478 761 1519 803; x_wconf 74' lang='grc' dir='ltr'><em>ἐν</em></span> <span class='ocrx_word' id='word_1_81' title='bbox 1549 765 1674 803; x_wconf 80' lang='grc' dir='ltr'><em>πᾶσιν</em></span> 
     </span>
     <span class='ocr_line' id='line_1_10' title="bbox 198 828 1673 893; baseline -0.006 -13"><span class='ocrx_word' id='word_1_82' title='bbox 198 836 380 893; x_wconf 63' lang='grc' dir='ltr'><em>ὑπήκοον</em></span> <span class='ocrx_word' id='word_1_83' title='bbox 403 832 675 889; x_wconf 84' lang='grc' dir='ltr'><em>δοκιμάζεται,</em></span> <span class='ocrx_word' id='word_1_84' title='bbox 707 835 774 876; x_wconf 84' lang='grc' dir='ltr'><em>καὶ</em></span> <span class='ocrx_word' id='word_1_85' title='bbox 797 834 939 890; x_wconf 79' lang='grc' dir='ltr'><em>φανεὶς</em></span> <span class='ocrx_word' id='word_1_86' title='bbox 961 831 1073 883; x_wconf 76' lang='grc' dir='ltr'><em>ἄξιος</em></span> <span class='ocrx_word' id='word_1_87' title='bbox 1095 833 1164 874; x_wconf 86' lang='grc' dir='ltr'><em>καὶ</em></span> <span class='ocrx_word' id='word_1_88' title='bbox 1188 829 1356 885; x_wconf 79' lang='grc' dir='ltr'><em>δόκιμος</em></span> <span class='ocrx_word' id='word_1_89' title='bbox 1377 828 1506 880; x_wconf 71' lang='grc' dir='ltr'><em>οὕτως</em></span> <span class='ocrx_word' id='word_1_90' title='bbox 1528 830 1585 878; x_wconf 77' lang='grc' dir='ltr'><em>εἷς</em></span> <span class='ocrx_word' id='word_1_91' title='bbox 1603 828 1673 871; x_wconf 86' lang='grc' dir='ltr'><em>τὸν</em></span> 
     </span>
     <span class='ocr_line' id='line_1_11' title="bbox 196 896 1730 965; baseline -0.007 -16"><span class='ocrx_word' id='word_1_92' title='bbox 196 907 305 965; x_wconf 76' lang='grc' dir='ltr'><em>ἱερὸν</em></span> <span class='ocrx_word' id='word_1_93' title='bbox 328 905 469 960; x_wconf 79' lang='grc' dir='ltr'><em>ὅμιλον</em></span> <span class='ocrx_word' id='word_1_94' title='bbox 488 905 721 962; x_wconf 75' lang='grc' dir='ltr'><em>ἐγκρίνεται.</em></span> <span class='ocrx_word' id='word_1_95' title='bbox 790 901 869 960; x_wconf 86' lang='grc' dir='ltr'><em>πρό</em></span> <span class='ocrx_word' id='word_1_96' title='bbox 897 919 942 959; x_wconf 88' lang='grc' dir='ltr'><em>γε</em></span> <span class='ocrx_word' id='word_1_97' title='bbox 978 896 1050 944; x_wconf 72' lang='grc' dir='ltr'><em>οὖν</em></span> <span class='ocrx_word' id='word_1_98' title='bbox 1081 899 1244 944; x_wconf 87' lang='grc' dir='ltr'><em>πάντων</em></span> <span class='ocrx_word' id='word_1_99' title='bbox 1274 899 1422 959; x_wconf 83' lang='grc' dir='ltr'><em>ὅρκους</em></span> <span class='ocrx_word' id='word_1_100' title='bbox 1455 896 1674 957; x_wconf 73' lang='grc' dir='ltr'><em>φρικώδεις</em></span> <span class='ocrx_word' id='word_1_101' title='bbox 1687 903 1730 939; x_wconf 87' lang='grc'><em>10</em></span> 
     </span>
     <span class='ocr_line' id='line_1_12' title="bbox 197 967 1675 1031; baseline -0.006 -12"><span class='ocrx_word' id='word_1_102' title='bbox 197 976 440 1027; x_wconf 81' lang='grc' dir='ltr'><em>ἀπαιτοῦσι,</em></span> <span class='ocrx_word' id='word_1_103' title='bbox 488 978 651 1031; x_wconf 86' lang='grc' dir='ltr'><em>πρῶτον</em></span> <span class='ocrx_word' id='word_1_104' title='bbox 671 973 745 1027; x_wconf 76' lang='grc' dir='ltr'><em>μὲν</em></span> <span class='ocrx_word' id='word_1_105' title='bbox 767 971 946 1026; x_wconf 73' lang='grc' dir='ltr'><em>εὐσεβεῖν</em></span> <span class='ocrx_word' id='word_1_106' title='bbox 967 972 1037 1014; x_wconf 84' lang='grc' dir='ltr'><em>καὶ</em></span> <span class='ocrx_word' id='word_1_107' title='bbox 1057 967 1298 1028; x_wconf 74' lang='grc' dir='ltr'><em>θεραπεύειν</em></span> <span class='ocrx_word' id='word_1_108' title='bbox 1320 971 1362 1021; x_wconf 75' lang='grc' dir='ltr'><em>ἐξ</em></span> <span class='ocrx_word' id='word_1_109' title='bbox 1387 969 1484 1025; x_wconf 80' lang='grc' dir='ltr'><em>ὅλης</em></span> <span class='ocrx_word' id='word_1_110' title='bbox 1506 969 1574 1011; x_wconf 84' lang='grc' dir='ltr'><em>καὶ</em></span> <span class='ocrx_word' id='word_1_111' title='bbox 1599 985 1675 1010; x_wconf 87' lang='grc' dir='ltr'><em>κα-</em></span> 
     </span>
     <span class='ocr_line' id='line_1_13' title="bbox 197 1035 1676 1103; baseline -0.007 -15"><span class='ocrx_word' id='word_1_112' title='bbox 197 1049 342 1103; x_wconf 74' lang='grc' dir='ltr'><em>θαρᾶς</em></span> <span class='ocrx_word' id='word_1_113' title='bbox 361 1048 502 1100; x_wconf 79' lang='grc' dir='ltr'><em>ψυχῆς</em></span> <span class='ocrx_word' id='word_1_114' title='bbox 521 1045 589 1086; x_wconf 87' lang='grc' dir='ltr'><em>καὶ</em></span> <span class='ocrx_word' id='word_1_115' title='bbox 612 1041 803 1098; x_wconf 80' lang='grc' dir='ltr'><em>σώματος</em></span> <span class='ocrx_word' id='word_1_116' title='bbox 821 1040 868 1084; x_wconf 83' lang='grc' dir='ltr'><em>τὸ</em></span> <span class='ocrx_word' id='word_1_117' title='bbox 891 1045 1029 1093; x_wconf 79' lang='grc' dir='ltr'><em>θεῖον,</em></span> <span class='ocrx_word' id='word_1_118' title='bbox 1071 1039 1207 1083; x_wconf 61' lang='grc' dir='ltr'><em>ἔπειτα</em></span> <span class='ocrx_word' id='word_1_119' title='bbox 1237 1040 1281 1082; x_wconf 74' lang='grc' dir='ltr'><em>δὲ</em></span> <span class='ocrx_word' id='word_1_120' title='bbox 1304 1039 1408 1097; x_wconf 84' lang='grc' dir='ltr'><em>πρὸς</em></span> <span class='ocrx_word' id='word_1_121' title='bbox 1428 1035 1676 1095; x_wconf 70' lang='grc' dir='ltr'><em>ἀνθρώπους</em></span> 
     </span>
     <span class='ocr_line' id='line_1_14' title="bbox 199 1103 1675 1172; baseline -0.006 -14"><span class='ocrx_word' id='word_1_122' title='bbox 199 1116 339 1158; x_wconf 87' lang='grc' dir='ltr'><em>δίκαια</em></span> <span class='ocrx_word' id='word_1_123' title='bbox 362 1111 577 1172; x_wconf 78' lang='grc' dir='ltr'><em>φυλάττειν</em></span> <span class='ocrx_word' id='word_1_124' title='bbox 599 1111 759 1155; x_wconf 78' lang='grc' dir='ltr'><em>ἅπαντα</em></span> <span class='ocrx_word' id='word_1_125' title='bbox 781 1112 850 1154; x_wconf 85' lang='grc' dir='ltr'><em>καὶ</em></span> <span class='ocrx_word' id='word_1_126' title='bbox 871 1108 1242 1169; x_wconf 85' lang='grc' dir='ltr'><em>ἀπροσωπόληπτα,</em></span> <span class='ocrx_word' id='word_1_127' title='bbox 1277 1110 1345 1151; x_wconf 88' lang='grc' dir='ltr'><em>καὶ</em></span> <span class='ocrx_word' id='word_1_128' title='bbox 1362 1109 1421 1164; x_wconf 88' lang='grc' dir='ltr'><em>μὴ</em></span> <span class='ocrx_word' id='word_1_129' title='bbox 1443 1106 1549 1150; x_wconf 80' lang='grc' dir='ltr'><em>κατὰ</em></span> <span class='ocrx_word' id='word_1_130' title='bbox 1570 1103 1675 1163; x_wconf 78' lang='grc' dir='ltr'><em>γνώ-</em></span> 
     </span>
     <span class='ocr_line' id='line_1_15' title="bbox 198 1175 1675 1240; baseline -0.007 -13"><span class='ocrx_word' id='word_1_131' title='bbox 198 1203 281 1240; x_wconf 89' lang='grc' dir='ltr'><em>μην</em></span> <span class='ocrx_word' id='word_1_132' title='bbox 303 1181 468 1239; x_wconf 81' lang='grc' dir='ltr'><em>βλάψαι</em></span> <span class='ocrx_word' id='word_1_133' title='bbox 496 1180 607 1234; x_wconf 77' lang='grc' dir='ltr'><em>τινά,</em></span> <span class='ocrx_word' id='word_1_134' title='bbox 655 1179 756 1237; x_wconf 83' lang='grc' dir='ltr'><em>μήγε</em></span> <span class='ocrx_word' id='word_1_135' title='bbox 784 1180 868 1236; x_wconf 84' lang='grc' dir='ltr'><em>μὴν</em></span> <span class='ocrx_word' id='word_1_136' title='bbox 902 1185 1184 1237; x_wconf 86' lang='grc' dir='ltr'><em>συγκοινωνεΐν</em></span> <span class='ocrx_word' id='word_1_137' title='bbox 1215 1178 1391 1230; x_wconf 84' lang='grc' dir='ltr'><em>ἀδίκοις,</em></span> <span class='ocrx_word' id='word_1_138' title='bbox 1435 1176 1541 1219; x_wconf 81' lang='grc' dir='ltr'><em>ἀλλὰ</em></span> <span class='ocrx_word' id='word_1_139' title='bbox 1570 1175 1675 1219; x_wconf 81' lang='grc' dir='ltr'><em>κατὰ</em></span> 
     </span>
     <span class='ocr_line' id='line_1_16' title="bbox 199 1245 1732 1308; baseline -0.007 -11"><span class='ocrx_word' id='word_1_140' title='bbox 199 1253 374 1308; x_wconf 83' lang='grc' dir='ltr'><em>δύναμιν</em></span> <span class='ocrx_word' id='word_1_141' title='bbox 392 1255 467 1295; x_wconf 81' lang='grc' dir='ltr'><em>τοῦ</em></span> <span class='ocrx_word' id='word_1_142' title='bbox 487 1253 644 1294; x_wconf 82' lang='grc' dir='ltr'><em>’δικαίου</em></span> <span class='ocrx_word' id='word_1_143' title='bbox 668 1252 736 1294; x_wconf 88' lang='grc' dir='ltr'><em>καὶ</em></span> <span class='ocrx_word' id='word_1_144' title='bbox 756 1251 981 1308; x_wconf 78' lang='grc' dir='ltr'><em>φροντίζειν</em></span> <span class='ocrx_word' id='word_1_145' title='bbox 1002 1250 1070 1292; x_wconf 82' lang='grc' dir='ltr'><em>καὶ</em></span> <span class='ocrx_word' id='word_1_146' title='bbox 1092 1247 1313 1303; x_wconf 68' lang='grc' dir='ltr'><em>βιάζεσθαι</em></span> <span class='ocrx_word' id='word_1_147' title='bbox 1331 1245 1494 1297; x_wconf 87' lang='grc' dir='ltr'><em>πάντως</em></span> <span class='ocrx_word' id='word_1_148' title='bbox 1514 1247 1581 1288; x_wconf 81' lang='grc' dir='ltr'><em>καὶ</em></span> <span class='ocrx_word' id='word_1_149' title='bbox 1604 1245 1676 1288; x_wconf 84' lang='grc' dir='ltr'><em>τὸν</em></span> <span class='ocrx_word' id='word_1_150' title='bbox 1689 1250 1732 1288; x_wconf 82' lang='grc'><em>15</em></span> 
     </span>
     <span class='ocr_line' id='line_1_17' title="bbox 145 1311 1677 1379; baseline -0.008 -10"><span class='ocrx_word' id='word_1_151' title='bbox 145 1333 177 1369; x_wconf 91' lang='lat' dir='ltr'>D</span> <span class='ocrx_word' id='word_1_152' title='bbox 200 1322 388 1379; x_wconf 75' lang='grc' dir='ltr'><em>ἓνήδονον</em></span> <span class='ocrx_word' id='word_1_153' title='bbox 409 1323 478 1364; x_wconf 85' lang='grc' dir='ltr'><em>καὶ</em></span> <span class='ocrx_word' id='word_1_154' title='bbox 498 1321 685 1378; x_wconf 79' lang='grc' dir='ltr'><em>περιττὸν</em></span> <span class='ocrx_word' id='word_1_155' title='bbox 708 1320 774 1362; x_wconf 81' lang='grc' dir='ltr'><em>καὶ</em></span> <span class='ocrx_word' id='word_1_156' title='bbox 793 1318 920 1376; x_wconf 74' lang='grc' dir='ltr'><em>ὑγρὸν</em></span> <span class='ocrx_word' id='word_1_157' title='bbox 942 1318 1275 1376; x_wconf 73' lang='grc' dir='ltr'><em>ἀποστρέφεσθαι</em></span> <span class='ocrx_word' id='word_1_158' title='bbox 1294 1318 1386 1373; x_wconf 85' lang='grc' dir='ltr'><em>βίον</em></span> <span class='ocrx_word' id='word_1_159' title='bbox 1403 1316 1523 1374; x_wconf 76' lang='grc' dir='ltr'><em>μέχρι</em></span> <span class='ocrx_word' id='word_1_160' title='bbox 1539 1311 1677 1357; x_wconf 70' lang='grc' dir='ltr'><em>θανά-</em></span> 
     </span>
     <span class='ocr_line' id='line_1_18' title="bbox 194 1382 1678 1450; baseline -0.007 -14"><span class='ocrx_word' id='word_1_161' title='bbox 194 1410 284 1436; x_wconf 85' lang='grc' dir='ltr'><em>του.</em></span> <span class='ocrx_word' id='word_1_162' title='bbox 352 1392 456 1450; x_wconf 84' lang='grc' dir='ltr'><em>πρὸς</em></span> <span class='ocrx_word' id='word_1_163' title='bbox 486 1392 531 1434; x_wconf 79' lang='grc' dir='ltr'><em>δὲ</em></span> <span class='ocrx_word' id='word_1_164' title='bbox 560 1389 719 1441; x_wconf 77' lang='grc' dir='ltr'><em>τούτοις</em></span> <span class='ocrx_word' id='word_1_165' title='bbox 749 1387 944 1445; x_wconf 79' lang='grc' dir='ltr'><em>ὀμνύουσι</em></span> <span class='ocrx_word' id='word_1_166' title='bbox 975 1386 1098 1430; x_wconf 83' lang='grc' dir='ltr'><em>πάλιν</em></span> <span class='ocrx_word' id='word_1_167' title='bbox 1127 1388 1271 1443; x_wconf 82' lang='grc' dir='ltr'><em>μηδενὶ</em></span> <span class='ocrx_word' id='word_1_168' title='bbox 1300 1387 1375 1441; x_wconf 76' lang='grc' dir='ltr'><em>μὲν</em></span> <span class='ocrx_word' id='word_1_169' title='bbox 1403 1385 1450 1429; x_wconf 82' lang='grc' dir='ltr'><em>τὸ</em></span> <span class='ocrx_word' id='word_1_170' title='bbox 1481 1382 1678 1442; x_wconf 85' lang='grc' dir='ltr'><em>παράπαν</em></span> 
     </span>
     <span class='ocr_line' id='line_1_19' title="bbox 195 1454 1678 1519; baseline -0.006 -14"><span class='ocrx_word' id='word_1_171' title='bbox 195 1464 444 1519; x_wconf 77' lang='grc' dir='ltr'><em>μεταδοῦναι</em></span> <span class='ocrx_word' id='word_1_172' title='bbox 472 1465 554 1503; x_wconf 80' lang='grc' dir='ltr'><em>τῶν</em></span> <span class='ocrx_word' id='word_1_173' title='bbox 586 1458 800 1517; x_wconf 78' lang='grc' dir='ltr'><em>δογμάτων</em></span> <span class='ocrx_word' id='word_1_174' title='bbox 820 1460 888 1501; x_wconf 85' lang='grc' dir='ltr'><em>καὶ</em></span> <span class='ocrx_word' id='word_1_175' title='bbox 911 1461 993 1501; x_wconf 79' lang='grc' dir='ltr'><em>τῶν</em></span> <span class='ocrx_word' id='word_1_176' title='bbox 1014 1455 1271 1514; x_wconf 78' lang='grc' dir='ltr'><em>ἁγιοπρεπῶν</em></span> <span class='ocrx_word' id='word_1_177' title='bbox 1291 1454 1448 1499; x_wconf 77' lang='grc' dir='ltr'><em>τούτων</em></span> <span class='ocrx_word' id='word_1_178' title='bbox 1466 1456 1678 1509; x_wconf 72' lang='grc' dir='ltr'><em>ἐπιτηδευ-</em></span> 
     </span>
     <span class='ocr_line' id='line_1_20' title="bbox 195 1522 1678 1590; baseline -0.007 -16"><span class='ocrx_word' id='word_1_179' title='bbox 195 1531 338 1590; x_wconf 82' lang='grc' dir='ltr'><em>μάτων</em></span> <span class='ocrx_word' id='word_1_180' title='bbox 356 1530 382 1587; x_wconf 79' lang='grc' dir='ltr'>ἢ</span> <span class='ocrx_word' id='word_1_181' title='bbox 406 1528 463 1581; x_wconf 79' lang='grc' dir='ltr'><em>ὡς</em></span> <span class='ocrx_word' id='word_1_182' title='bbox 480 1530 659 1588; x_wconf 76' lang='grc' dir='ltr'><em>ἀκριβῶς</em></span> <span class='ocrx_word' id='word_1_183' title='bbox 682 1528 804 1580; x_wconf 76' lang='grc' dir='ltr'><em>αὐτὸς</em></span> <span class='ocrx_word' id='word_1_184' title='bbox 825 1528 1067 1585; x_wconf 81' lang='grc' dir='ltr'><em>παρέλαβεν,</em></span> <span class='ocrx_word' id='word_1_185' title='bbox 1091 1526 1320 1584; x_wconf 61' lang='grc' dir='ltr'><em>ἀφέξεσθαι</em></span> <span class='ocrx_word' id='word_1_186' title='bbox 1340 1526 1384 1567; x_wconf 81' lang='grc' dir='ltr'><em>δὲ</em></span> <span class='ocrx_word' id='word_1_187' title='bbox 1404 1522 1539 1579; x_wconf 82' lang='grc' dir='ltr'><em>πάσης</em></span> <span class='ocrx_word' id='word_1_188' title='bbox 1560 1524 1678 1565; x_wconf 72' lang='grc' dir='ltr'><em>ἐναν-</em></span> 
     </span>
     <span class='ocr_line' id='line_1_21' title="bbox 197 1593 1734 1656; baseline -0.007 -12"><span class='ocrx_word' id='word_1_189' title='bbox 197 1603 287 1652; x_wconf 87' lang='grc' dir='ltr'><em>τίας</em></span> <span class='ocrx_word' id='word_1_190' title='bbox 320 1600 443 1654; x_wconf 80' lang='grc' dir='ltr'><em>δόξης</em></span> <span class='ocrx_word' id='word_1_191' title='bbox 466 1602 534 1642; x_wconf 86' lang='grc' dir='ltr'><em>καὶ</em></span> <span class='ocrx_word' id='word_1_192' title='bbox 565 1601 773 1656; x_wconf 82' lang='grc' dir='ltr'><em>λατρείας,</em></span> <span class='ocrx_word' id='word_1_193' title='bbox 808 1599 877 1639; x_wconf 86' lang='grc' dir='ltr'><em>καὶ</em></span> <span class='ocrx_word' id='word_1_194' title='bbox 906 1596 1035 1653; x_wconf 81' lang='grc' dir='ltr'><em>ταύτῃ</em></span> <span class='ocrx_word' id='word_1_195' title='bbox 1065 1594 1170 1653; x_wconf 86' lang='grc' dir='ltr'><em>μόνῃ</em></span> <span class='ocrx_word' id='word_1_196' title='bbox 1202 1594 1464 1653; x_wconf 80' lang='grc' dir='ltr'><em>προσανέχειν</em></span> <span class='ocrx_word' id='word_1_197' title='bbox 1495 1597 1547 1650; x_wconf 85' lang='grc' dir='ltr'><em>τῇ</em></span> <span class='ocrx_word' id='word_1_198' title='bbox 1577 1593 1734 1652; x_wconf 37' lang='lat' dir='ltr'><em>&amp;alsamo</em></span> 
     </span>
     <span class='ocr_line' id='line_1_22' title="bbox 196 1660 1678 1728; baseline -0.005 -16"><span class='ocrx_word' id='word_1_199' title='bbox 196 1671 339 1727; x_wconf 76' lang='grc' dir='ltr'><em>μέχρις</em></span> <span class='ocrx_word' id='word_1_200' title='bbox 361 1671 534 1723; x_wconf 74' lang='grc' dir='ltr'><em>αἵματος</em></span> <span class='ocrx_word' id='word_1_201' title='bbox 554 1669 758 1728; x_wconf 71' lang='grc' dir='ltr'><em>θρησκεία</em></span> <span class='ocrx_word' id='word_1_202' title='bbox 776 1668 844 1709; x_wconf 82' lang='grc' dir='ltr'><em>καὶ</em></span> <span class='ocrx_word' id='word_1_203' title='bbox 865 1663 1126 1709; x_wconf 80' lang='grc' dir='ltr'><em>καταστάσει.</em></span> <span class='ocrx_word' id='word_1_204' title='bbox 1160 1665 1204 1707; x_wconf 73' lang='grc' dir='ltr'><em>ἐκ</em></span> <span class='ocrx_word' id='word_1_205' title='bbox 1220 1669 1294 1719; x_wconf 82' lang='grc' dir='ltr'><em>τῆς</em></span> <span class='ocrx_word' id='word_1_206' title='bbox 1312 1667 1468 1718; x_wconf 80' lang='grc' dir='ltr'><em>πολλῆς</em></span> <span class='ocrx_word' id='word_1_207' title='bbox 1485 1663 1530 1705; x_wconf 79' lang='grc' dir='ltr'><em>δὲ</em></span> <span class='ocrx_word' id='word_1_208' title='bbox 1546 1660 1678 1717; x_wconf 82' lang='grc' dir='ltr'><em>ἀσκή-</em></span> 
     </span>
     <span class='ocr_line' id='line_1_23' title="bbox 196 1731 1678 1796; baseline -0.006 -13"><span class='ocrx_word' id='word_1_209' title='bbox 196 1756 300 1791; x_wconf 80' lang='grc' dir='ltr'><em>σεως</em></span> <span class='ocrx_word' id='word_1_210' title='bbox 320 1741 389 1782; x_wconf 85' lang='grc' dir='ltr'><em>καὶ</em></span> <span class='ocrx_word' id='word_1_211' title='bbox 410 1736 698 1796; x_wconf 73' lang='grc' dir='ltr'><em>καθαρότητος</em></span> <span class='ocrx_word' id='word_1_212' title='bbox 716 1738 859 1779; x_wconf 85' lang='grc' dir='ltr'><em>πολλοὶ</em></span> <span class='ocrx_word' id='word_1_213' title='bbox 882 1737 950 1778; x_wconf 86' lang='grc' dir='ltr'><em>καὶ</em></span> <span class='ocrx_word' id='word_1_214' title='bbox 970 1735 1023 1779; x_wconf 76' lang='grc' dir='ltr'><em>τὰ</em></span> <span class='ocrx_word' id='word_1_215' title='bbox 1043 1734 1244 1790; x_wconf 83' lang='grc' dir='ltr'><em>μέλλοντα</em></span> <span class='ocrx_word' id='word_1_216' title='bbox 1267 1731 1612 1792; x_wconf 84' lang='grc' dir='ltr'><em>προγινώσκουσιν</em></span> <span class='ocrx_word' id='word_1_217' title='bbox 1634 1733 1678 1774; x_wconf 77' lang='grc' dir='ltr'><em>ἐκ</em></span> 
     </span>
    </p>
   </div>
   <div class='ocr_carea' id='block_1_3' title="bbox 168 1887 1686 2916">
    <p class='ocr_par' dir='ltr' id='par_1_3' title="bbox 168 1887 1686 2916">
     <span class='ocr_line' id='line_1_24' title="bbox 197 1887 1679 1939; baseline -0.004 -11"><span class='ocrx_word' id='word_1_218' title='bbox 197 1892 293 1939; x_wconf 90' lang='lat' dir='ltr'>quod</span> <span class='ocrx_word' id='word_1_219' title='bbox 324 1892 377 1927; x_wconf 90' lang='lat' dir='ltr'><em>eis</em></span> <span class='ocrx_word' id='word_1_220' title='bbox 413 1895 510 1927; x_wconf 82' lang='lat' dir='ltr'>certa</span> <span class='ocrx_word' id='word_1_221' title='bbox 540 1902 703 1925; x_wconf 83' lang='lat' dir='ltr'>mensura</span> <span class='ocrx_word' id='word_1_222' title='bbox 736 1890 839 1926; x_wconf 81' lang='lat' dir='ltr'>datur</span> <span class='ocrx_word' id='word_1_223' title='bbox 873 1890 973 1925; x_wconf 86' lang='lat' dir='ltr'>cibus</span> <span class='ocrx_word' id='word_1_224' title='bbox 1006 1892 1182 1936; x_wconf 82' lang='lat' dir='ltr'>potusque</span> <span class='ocrx_word' id='word_1_225' title='bbox 1219 1889 1322 1925; x_wconf 84' lang='lat' dir='ltr'>exilis</span> <span class='ocrx_word' id='word_1_226' title='bbox 1363 1892 1400 1924; x_wconf 79' lang='lat' dir='ltr'><em>et</em></span> <span class='ocrx_word' id='word_1_227' title='bbox 1439 1887 1596 1934; x_wconf 81' lang='lat' dir='ltr'>vulgaris</span> <span class='ocrx_word' id='word_1_228' title='bbox 1636 1900 1679 1923; x_wconf 83' lang='lat' dir='ltr'><em>ac</em></span> 
     </span>
     <span class='ocr_line' id='line_1_25' title="bbox 196 1935 1677 1987; baseline -0.003 -13"><span class='ocrx_word' id='word_1_229' title='bbox 196 1950 343 1987; x_wconf 83' lang='lat' dir='ltr'>parcus:</span> <span class='ocrx_word' id='word_1_230' title='bbox 370 1951 485 1984; x_wconf 85' lang='lat' dir='ltr'>neque</span> <span class='ocrx_word' id='word_1_231' title='bbox 505 1938 597 1972; x_wconf 89' lang='lat' dir='ltr'>enim</span> <span class='ocrx_word' id='word_1_232' title='bbox 621 1937 714 1984; x_wconf 86' lang='lat' dir='ltr'>apud</span> <span class='ocrx_word' id='word_1_233' title='bbox 738 1949 800 1972; x_wconf 92' lang='lat' dir='ltr'><em>eos</em></span> <span class='ocrx_word' id='word_1_234' title='bbox 822 1936 893 1971; x_wconf 87' lang='lat' dir='ltr'>ulla</span> <span class='ocrx_word' id='word_1_235' title='bbox 918 1941 973 1971; x_wconf 80' lang='lat' dir='ltr'><em>est</em></span> <span class='ocrx_word' id='word_1_236' title='bbox 996 1936 1142 1971; x_wconf 79' lang='lat' dir='ltr'><strong>satietas</strong></span> <span class='ocrx_word' id='word_1_237' title='bbox 1167 1941 1227 1971; x_wconf 81' lang='lat' dir='ltr'><em>aut</em></span> <span class='ocrx_word' id='word_1_238' title='bbox 1250 1935 1385 1971; x_wconf 84' lang='lat' dir='ltr'>ventris</span> <span class='ocrx_word' id='word_1_239' title='bbox 1408 1935 1581 1981; x_wconf 80' lang='lat' dir='ltr'><strong>repletio,</strong></span> <span class='ocrx_word' id='word_1_240' title='bbox 1613 1937 1677 1970; x_wconf 80' lang='lat' dir='ltr'><em>sed</em></span> 
     </span>
     <span class='ocr_line' id='line_1_26' title="bbox 198 1982 1679 2031; baseline -0.003 -11"><span class='ocrx_word' id='word_1_241' title='bbox 198 1997 343 2031; x_wconf 82' lang='lat' dir='ltr'>magnus</span> <span class='ocrx_word' id='word_1_242' title='bbox 366 1986 539 2029; x_wconf 83' lang='lat' dir='ltr'>defectus,</span> <span class='ocrx_word' id='word_1_243' title='bbox 564 1990 601 2019; x_wconf 88' lang='lat' dir='ltr'><em>et</em></span> <span class='ocrx_word' id='word_1_244' title='bbox 621 1983 834 2029; x_wconf 85' lang='lat' dir='ltr'>paucissima</span> <span class='ocrx_word' id='word_1_245' title='bbox 859 1983 1043 2029; x_wconf 82' lang='lat' dir='ltr'>requirere</span> <span class='ocrx_word' id='word_1_246' title='bbox 1066 1982 1279 2018; x_wconf 82' lang='lat' dir='ltr'>didicerunt.</span> <span class='ocrx_word' id='word_1_247' title='bbox 1327 1983 1358 2017; x_wconf 87' lang='lat' dir='ltr'><em>si</em></span> <span class='ocrx_word' id='word_1_248' title='bbox 1382 1982 1461 2026; x_wconf 86' lang='lat' dir='ltr'>quis</span> <span class='ocrx_word' id='word_1_249' title='bbox 1486 1983 1532 2017; x_wconf 86' lang='lat' dir='ltr'><em>ad</em></span> <span class='ocrx_word' id='word_1_250' title='bbox 1554 1993 1616 2016; x_wconf 90' lang='lat' dir='ltr'><em>eos</em></span> <span class='ocrx_word' id='word_1_251' title='bbox 1640 1993 1679 2016; x_wconf 86' lang='lat' dir='ltr'><em>se</em></span> 
     </span>
     <span class='ocr_line' id='line_1_27' title="bbox 198 2027 1681 2074; baseline -0.003 -7"><span class='ocrx_word' id='word_1_252' title='bbox 198 2034 360 2068; x_wconf 74' lang='lat' dir='ltr'>conferat</span> <span class='ocrx_word' id='word_1_253' title='bbox 387 2033 533 2067; x_wconf 80' lang='lat' dir='ltr'>eandem</span> <span class='ocrx_word' id='word_1_254' title='bbox 556 2031 654 2065; x_wconf 82' lang='lat' dir='ltr'>vitae</span> <span class='ocrx_word' id='word_1_255' title='bbox 676 2031 848 2065; x_wconf 82' lang='lat' dir='ltr'>rationem</span> <span class='ocrx_word' id='word_1_256' title='bbox 876 2029 1035 2063; x_wconf 84' lang='lat' dir='ltr'>sectandi</span> <span class='ocrx_word' id='word_1_257' title='bbox 1062 2041 1187 2074; x_wconf 82' lang='lat' dir='ltr'>causa,</span> <span class='ocrx_word' id='word_1_258' title='bbox 1218 2029 1249 2063; x_wconf 79' lang='lat' dir='ltr'><em>is</em></span> <span class='ocrx_word' id='word_1_259' title='bbox 1273 2040 1345 2063; x_wconf 84' lang='lat' dir='ltr'><em>non</em></span> <span class='ocrx_word' id='word_1_260' title='bbox 1368 2028 1488 2063; x_wconf 79' lang='lat' dir='ltr'>statim</span> <span class='ocrx_word' id='word_1_261' title='bbox 1516 2027 1681 2074; x_wconf 79' lang='lat' dir='ltr'>explora-</span> 
     </span>
     <span class='ocr_line' id='line_1_28' title="bbox 196 2074 1682 2121; baseline -0.004 -7"><span class='ocrx_word' id='word_1_262' title='bbox 196 2079 297 2115; x_wconf 84' lang='lat' dir='ltr'>tione</span> <span class='ocrx_word' id='word_1_263' title='bbox 321 2083 382 2113; x_wconf 76' lang='lat' dir='ltr'><em>aut</em></span> <span class='ocrx_word' id='word_1_264' title='bbox 406 2078 660 2113; x_wconf 80' lang='lat' dir='ltr'>exercitatione</span> <span class='ocrx_word' id='word_1_265' title='bbox 688 2076 782 2111; x_wconf 78' lang='lat' dir='ltr'>nulla</span> <span class='ocrx_word' id='word_1_266' title='bbox 804 2075 999 2121; x_wconf 72' lang='lat' dir='ltr'>praemissa</span> <span class='ocrx_word' id='word_1_267' title='bbox 1020 2076 1234 2120; x_wconf 81' lang='lat' dir='ltr'>admittitur,</span> <span class='ocrx_word' id='word_1_268' title='bbox 1268 2075 1331 2110; x_wconf 86' lang='lat' dir='ltr'><em>sed</em></span> <span class='ocrx_word' id='word_1_269' title='bbox 1356 2085 1573 2121; x_wconf 78' lang='lat' dir='ltr'>perannum</span> <span class='ocrx_word' id='word_1_270' title='bbox 1592 2074 1682 2109; x_wconf 71' lang='lat' dir='ltr'>foris</span> 
     </span>
     <span class='ocr_line' id='line_1_29' title="bbox 197 2121 1682 2168; baseline -0.003 -8"><span class='ocrx_word' id='word_1_271' title='bbox 197 2126 341 2161; x_wconf 82' lang='lat' dir='ltr'>iubetur</span> <span class='ocrx_word' id='word_1_272' title='bbox 360 2127 483 2160; x_wconf 89' lang='lat' dir='ltr'>eodem</span> <span class='ocrx_word' id='word_1_273' title='bbox 506 2125 604 2159; x_wconf 81' lang='lat' dir='ltr'>victu</span> <span class='ocrx_word' id='word_1_274' title='bbox 623 2124 819 2168; x_wconf 77' lang='lat' dir='ltr'>iisdemque</span> <span class='ocrx_word' id='word_1_275' title='bbox 840 2123 992 2157; x_wconf 83' lang='lat' dir='ltr'>mori-bus</span> <span class='ocrx_word' id='word_1_276' title='bbox 1017 2122 1083 2157; x_wconf 84' lang='lat' dir='ltr'>uti.</span> <span class='ocrx_word' id='word_1_277' title='bbox 1131 2122 1265 2158; x_wconf 85' lang='lat' dir='ltr'>securis</span> <span class='ocrx_word' id='word_1_278' title='bbox 1290 2123 1325 2157; x_wconf 89' lang='lat' dir='ltr'><em>ei</em></span> <span class='ocrx_word' id='word_1_279' title='bbox 1343 2122 1448 2156; x_wconf 78' lang='lat' dir='ltr'>datur</span> <span class='ocrx_word' id='word_1_280' title='bbox 1469 2127 1510 2156; x_wconf 86' lang='lat' dir='ltr'><em>et</em></span> <span class='ocrx_word' id='word_1_281' title='bbox 1524 2121 1682 2166; x_wconf 75' lang='lat' dir='ltr'>subliga-</span> 
     </span>
     <span class='ocr_line' id='line_1_30' title="bbox 198 2168 1683 2215; baseline -0.004 -8"><span class='ocrx_word' id='word_1_282' title='bbox 198 2173 312 2208; x_wconf 82' lang='lat' dir='ltr'><strong>culum</strong></span> <span class='ocrx_word' id='word_1_283' title='bbox 336 2183 379 2206; x_wconf 71' lang='grc' dir='ltr'><em>αα</em></span> <span class='ocrx_word' id='word_1_284' title='bbox 401 2171 559 2207; x_wconf 75' lang='lat' dir='ltr'>tunicula</span> <span class='ocrx_word' id='word_1_285' title='bbox 581 2171 729 2205; x_wconf 64' lang='lat' dir='ltr'>miserm</span> <span class='ocrx_word' id='word_1_286' title='bbox 760 2170 882 2215; x_wconf 78' lang='lat' dir='ltr'>itaque</span> <span class='ocrx_word' id='word_1_287' title='bbox 915 2170 1080 2214; x_wconf 84' lang='lat' dir='ltr'>operibus</span> <span class='ocrx_word' id='word_1_288' title='bbox 1115 2175 1153 2204; x_wconf 83' lang='lat' dir='ltr'><em>et</em></span> <span class='ocrx_word' id='word_1_289' title='bbox 1175 2169 1280 2204; x_wconf 77' lang='lat' dir='ltr'>dictis</span> <span class='ocrx_word' id='word_1_290' title='bbox 1305 2168 1448 2214; x_wconf 78' lang='lat' dir='ltr'>opti-mis</span> <span class='ocrx_word' id='word_1_291' title='bbox 1481 2174 1683 2203; x_wconf 78' lang='lat' dir='ltr'>exercetur.</span> 
     </span>
     <span class='ocr_line' id='line_1_31' title="bbox 196 2214 1684 2266; baseline -0.004 -12"><span class='ocrx_word' id='word_1_292' title='bbox 196 2224 384 2266; x_wconf 78' lang='lat' dir='ltr'><strong>postquam</strong></span> <span class='ocrx_word' id='word_1_293' title='bbox 417 2218 640 2253; x_wconf 78' lang='lat' dir='ltr'>tolerantiam</span> <span class='ocrx_word' id='word_1_294' title='bbox 671 2228 768 2251; x_wconf 83' lang='lat' dir='ltr'>suam</span> <span class='ocrx_word' id='word_1_295' title='bbox 799 2217 987 2263; x_wconf 83' lang='lat' dir='ltr'>probavit,</span> <span class='ocrx_word' id='word_1_296' title='bbox 1019 2216 1088 2250; x_wconf 78' lang='lat' dir='ltr'>alio</span> <span class='ocrx_word' id='word_1_297' title='bbox 1117 2215 1260 2251; x_wconf 90' lang='lat' dir='ltr'>biennio</span> <span class='ocrx_word' id='word_1_298' title='bbox 1296 2216 1342 2250; x_wconf 87' lang='lat' dir='ltr'><em>de</em></span> <span class='ocrx_word' id='word_1_299' title='bbox 1364 2214 1520 2249; x_wconf 80' lang='lat' dir='ltr'>moribus</span> <span class='ocrx_word' id='word_1_300' title='bbox 1545 2215 1623 2249; x_wconf 79' lang='lat' dir='ltr'>eius</span> <span class='ocrx_word' id='word_1_301' title='bbox 1646 2218 1684 2248; x_wconf 88' lang='lat' dir='ltr'><em>et</em></span> 
     </span>
     <span class='ocr_line' id='line_1_32' title="bbox 168 2261 1683 2308; baseline -0.005 -7"><span class='ocrx_word' id='word_1_302' title='bbox 168 2300 170 2304; x_wconf 15' lang='grc' dir='ltr'><strong>Α</strong></span> <span class='ocrx_word' id='word_1_303' title='bbox 198 2265 404 2301; x_wconf 75' lang='lat' dir='ltr'>obedientia</span> <span class='ocrx_word' id='word_1_304' title='bbox 435 2265 596 2299; x_wconf 86' lang='lat' dir='ltr'>omnibus</span> <span class='ocrx_word' id='word_1_305' title='bbox 627 2264 666 2298; x_wconf 87' lang='lat' dir='ltr'><em>in</em></span> <span class='ocrx_word' id='word_1_306' title='bbox 691 2265 800 2298; x_wconf 80' lang='lat' dir='ltr'>rebus</span> <span class='ocrx_word' id='word_1_307' title='bbox 834 2263 877 2297; x_wconf 79' lang='lat' dir='ltr'><em>fit</em></span> <span class='ocrx_word' id='word_1_308' title='bbox 907 2262 1111 2308; x_wconf 88' lang='lat' dir='ltr'>periculum.</span> <span class='ocrx_word' id='word_1_309' title='bbox 1165 2263 1215 2297; x_wconf 83' lang='lat' dir='ltr'><em>ita</em></span> <span class='ocrx_word' id='word_1_310' title='bbox 1243 2262 1386 2297; x_wconf 81' lang='lat' dir='ltr'>tandem</span> <span class='ocrx_word' id='word_1_311' title='bbox 1417 2261 1548 2306; x_wconf 67' lang='lat' dir='ltr'>dignus</span> <span class='ocrx_word' id='word_1_312' title='bbox 1575 2267 1683 2306; x_wconf 77' lang='lat' dir='ltr'>atque</span> 
     </span>
     <span class='ocr_line' id='line_1_33' title="bbox 196 2307 1683 2355; baseline -0.004 -8"><span class='ocrx_word' id='word_1_313' title='bbox 196 2312 346 2347; x_wconf 83' lang='lat' dir='ltr'>idoneus</span> <span class='ocrx_word' id='word_1_314' title='bbox 369 2312 545 2346; x_wconf 84' lang='lat' dir='ltr'>iudicatus</span> <span class='ocrx_word' id='word_1_315' title='bbox 569 2311 607 2345; x_wconf 86' lang='lat' dir='ltr'><em>in</em></span> <span class='ocrx_word' id='word_1_316' title='bbox 634 2321 770 2345; x_wconf 81' lang='lat' dir='ltr'>sacrum</span> <span class='ocrx_word' id='word_1_317' title='bbox 794 2315 930 2343; x_wconf 86' lang='lat' dir='ltr'>coetum</span> <span class='ocrx_word' id='word_1_318' title='bbox 951 2309 1137 2355; x_wconf 80' lang='lat' dir='ltr'>recipitur.</span> <span class='ocrx_word' id='word_1_319' title='bbox 1172 2314 1255 2344; x_wconf 81' lang='lat' dir='ltr'>ante</span> <span class='ocrx_word' id='word_1_320' title='bbox 1279 2308 1395 2343; x_wconf 80' lang='lat' dir='ltr'>omnia</span> <span class='ocrx_word' id='word_1_321' title='bbox 1414 2307 1567 2342; x_wconf 77' lang='lat' dir='ltr'>terribili</span> <span class='ocrx_word' id='word_1_322' title='bbox 1584 2307 1683 2341; x_wconf 85' lang='lat' dir='ltr'>iure-</span> 
     </span>
     <span class='ocr_line' id='line_1_34' title="bbox 197 2354 1684 2403; baseline -0.005 -9"><span class='ocrx_word' id='word_1_323' title='bbox 197 2359 346 2394; x_wconf 80' lang='lat' dir='ltr'>iurando</span> <span class='ocrx_word' id='word_1_324' title='bbox 382 2359 541 2403; x_wconf 82' lang='lat' dir='ltr'>obligare</span> <span class='ocrx_word' id='word_1_325' title='bbox 572 2369 612 2392; x_wconf 77' lang='lat' dir='ltr'><em>se</em></span> <span class='ocrx_word' id='word_1_326' title='bbox 645 2356 784 2402; x_wconf 76' lang='lat' dir='ltr'>cogitur</span> <span class='ocrx_word' id='word_1_327' title='bbox 817 2355 929 2402; x_wconf 88' lang='lat' dir='ltr'>primo</span> <span class='ocrx_word' id='word_1_328' title='bbox 958 2357 1000 2390; x_wconf 85' lang='lat' dir='ltr'><em>ad</em></span> <span class='ocrx_word' id='word_1_329' title='bbox 1032 2356 1201 2402; x_wconf 89' lang='lat' dir='ltr'>pietatem</span> <span class='ocrx_word' id='word_1_330' title='bbox 1230 2354 1486 2390; x_wconf 77' lang='lat' dir='ltr'>observandam</span> <span class='ocrx_word' id='word_1_331' title='bbox 1510 2355 1684 2398; x_wconf 78' lang='lat' dir='ltr'>deumque</span> 
     </span>
     <span class='ocr_line' id='line_1_35' title="bbox 196 2399 1682 2450; baseline -0.005 -10"><span class='ocrx_word' id='word_1_332' title='bbox 196 2417 289 2450; x_wconf 81' lang='lat' dir='ltr'>pura</span> <span class='ocrx_word' id='word_1_333' title='bbox 313 2411 430 2440; x_wconf 87' lang='lat' dir='ltr'>mente</span> <span class='ocrx_word' id='word_1_334' title='bbox 455 2411 491 2440; x_wconf 83' lang='lat' dir='ltr'><em>et</em></span> <span class='ocrx_word' id='word_1_335' title='bbox 515 2415 665 2449; x_wconf 83' lang='lat' dir='ltr'>corpore</span> <span class='ocrx_word' id='word_1_336' title='bbox 689 2402 883 2447; x_wconf 84' lang='lat' dir='ltr'>colendum,</span> <span class='ocrx_word' id='word_1_337' title='bbox 908 2402 1036 2437; x_wconf 87' lang='lat' dir='ltr'>deinde</span> <span class='ocrx_word' id='word_1_338' title='bbox 1060 2402 1105 2437; x_wconf 84' lang='lat' dir='ltr'><em>ad</em></span> <span class='ocrx_word' id='word_1_339' title='bbox 1124 2402 1219 2436; x_wconf 84' lang='lat' dir='ltr'>iuste</span> <span class='ocrx_word' id='word_1_340' title='bbox 1244 2413 1320 2436; x_wconf 89' lang='lat' dir='ltr'><em>cum</em></span> <span class='ocrx_word' id='word_1_341' title='bbox 1345 2401 1505 2436; x_wconf 85' lang='lat' dir='ltr'>omnibus</span> <span class='ocrx_word' id='word_1_342' title='bbox 1530 2399 1682 2434; x_wconf 73' lang='lat' dir='ltr'>homini-</span> 
     </span>
     <span class='ocr_line' id='line_1_36' title="bbox 196 2445 1684 2497; baseline -0.005 -10"><span class='ocrx_word' id='word_1_343' title='bbox 196 2453 264 2487; x_wconf 79' lang='lat' dir='ltr'><em>bus</em></span> <span class='ocrx_word' id='word_1_344' title='bbox 298 2463 339 2486; x_wconf 82' lang='lat' dir='ltr'><em>ac</em></span> <span class='ocrx_word' id='word_1_345' title='bbox 371 2452 450 2486; x_wconf 78' lang='lat' dir='ltr'>sine</span> <span class='ocrx_word' id='word_1_346' title='bbox 483 2462 655 2497; x_wconf 78' lang='lat' dir='ltr'>personae</span> <span class='ocrx_word' id='word_1_347' title='bbox 688 2449 791 2484; x_wconf 81' lang='lat' dir='ltr'>ullius</span> <span class='ocrx_word' id='word_1_348' title='bbox 822 2453 987 2494; x_wconf 82' lang='lat' dir='ltr'>respectu</span> <span class='ocrx_word' id='word_1_349' title='bbox 1021 2449 1212 2494; x_wconf 83' lang='lat' dir='ltr'>agendum,</span> <span class='ocrx_word' id='word_1_350' title='bbox 1249 2447 1343 2494; x_wconf 88' lang='lat' dir='ltr'>quod</span> <span class='ocrx_word' id='word_1_351' title='bbox 1377 2458 1492 2492; x_wconf 81' lang='lat' dir='ltr'>neque</span> <span class='ocrx_word' id='word_1_352' title='bbox 1523 2445 1684 2481; x_wconf 72' lang='lat' dir='ltr'>laesurus</span> 
     </span>
     <span class='ocr_line' id='line_1_37' title="bbox 197 2493 1682 2543; baseline -0.004 -11"><span class='ocrx_word' id='word_1_353' title='bbox 197 2509 406 2543; x_wconf 76' lang='lat' dir='ltr'>quemquam</span> <span class='ocrx_word' id='word_1_354' title='bbox 429 2498 551 2533; x_wconf 77' lang='lat' dir='ltr'>dedita</span> <span class='ocrx_word' id='word_1_355' title='bbox 574 2508 684 2543; x_wconf 84' lang='lat' dir='ltr'>opera</span> <span class='ocrx_word' id='word_1_356' title='bbox 707 2507 821 2541; x_wconf 88' lang='lat' dir='ltr'>neque</span> <span class='ocrx_word' id='word_1_357' title='bbox 850 2495 992 2530; x_wconf 73' lang='lat' dir='ltr'>iniustis</span> <span class='ocrx_word' id='word_1_358' title='bbox 1014 2507 1054 2530; x_wconf 82' lang='lat' dir='ltr'><em>se</em></span> <span class='ocrx_word' id='word_1_359' title='bbox 1078 2495 1209 2530; x_wconf 79' lang='lat' dir='ltr'>socium</span> <span class='ocrx_word' id='word_1_360' title='bbox 1232 2494 1457 2541; x_wconf 83' lang='lat' dir='ltr'>praebiturus</span> <span class='ocrx_word' id='word_1_361' title='bbox 1484 2493 1553 2537; x_wconf 84' lang='lat' dir='ltr'>sit,</span> <span class='ocrx_word' id='word_1_362' title='bbox 1586 2493 1682 2538; x_wconf 82' lang='lat' dir='ltr'><em>quod</em></span> 
     </span>
     <span class='ocr_line' id='line_1_38' title="bbox 197 2539 1681 2587; baseline -0.003 -9"><span class='ocrx_word' id='word_1_363' title='bbox 197 2555 263 2586; x_wconf 82' lang='lat' dir='ltr'><em>pro</em></span> <span class='ocrx_word' id='word_1_364' title='bbox 286 2544 383 2578; x_wconf 88' lang='lat' dir='ltr'>virili</span> <span class='ocrx_word' id='word_1_365' title='bbox 406 2549 444 2579; x_wconf 86' lang='lat' dir='ltr'><em>et</em></span> <span class='ocrx_word' id='word_1_366' title='bbox 466 2545 622 2579; x_wconf 80' lang='lat' dir='ltr'>culturus</span> <span class='ocrx_word' id='word_1_367' title='bbox 647 2548 686 2578; x_wconf 82' lang='lat' dir='ltr'><em>et</em></span> <span class='ocrx_word' id='word_1_368' title='bbox 706 2543 915 2577; x_wconf 77' lang='lat' dir='ltr'>defensurus</span> <span class='ocrx_word' id='word_1_369' title='bbox 937 2542 985 2576; x_wconf 86' lang='lat' dir='ltr'><em>sit</em></span> <span class='ocrx_word' id='word_1_370' title='bbox 1007 2542 1190 2586; x_wconf 85' lang='lat' dir='ltr'>iustitiam,</span> <span class='ocrx_word' id='word_1_371' title='bbox 1214 2539 1467 2587; x_wconf 69' lang='lat' dir='ltr'>voluptatibu5‚</span> <span class='ocrx_word' id='word_1_372' title='bbox 1488 2540 1594 2574; x_wconf 75' lang='lat' dir='ltr'>rebus</span> <span class='ocrx_word' id='word_1_373' title='bbox 1610 2550 1681 2574; x_wconf 84' lang='lat' dir='ltr'><em>non</em></span> 
     </span>
     <span class='ocr_line' id='line_1_39' title="bbox 197 2585 1680 2632; baseline -0.003 -8"><span class='ocrx_word' id='word_1_374' title='bbox 197 2591 410 2625; x_wconf 78' lang='lat' dir='ltr'>necessariis</span> <span class='ocrx_word' id='word_1_375' title='bbox 443 2603 485 2625; x_wconf 82' lang='lat' dir='ltr'><em>ac</em></span> <span class='ocrx_word' id='word_1_376' title='bbox 517 2589 678 2625; x_wconf 84' lang='lat' dir='ltr'>mollitiei</span> <span class='ocrx_word' id='word_1_377' title='bbox 708 2588 862 2624; x_wconf 82' lang='lat' dir='ltr'>deditam</span> <span class='ocrx_word' id='word_1_378' title='bbox 891 2588 1001 2623; x_wconf 78' lang='lat' dir='ltr'>vitam</span> <span class='ocrx_word' id='word_1_379' title='bbox 1033 2589 1077 2623; x_wconf 79' lang='lat' dir='ltr'><em>ad</em></span> <span class='ocrx_word' id='word_1_380' title='bbox 1108 2592 1255 2622; x_wconf 90' lang='lat' dir='ltr'>mortem</span> <span class='ocrx_word' id='word_1_381' title='bbox 1286 2597 1398 2632; x_wconf 88' lang='lat' dir='ltr'>usque</span> <span class='ocrx_word' id='word_1_382' title='bbox 1428 2585 1680 2620; x_wconf 67' lang='lat' dir='ltr'>declinaturus.</span> 
     </span>
     <span class='ocr_line' id='line_1_40' title="bbox 198 2632 1682 2682; baseline -0.003 -12"><span class='ocrx_word' id='word_1_383' title='bbox 198 2647 319 2671; x_wconf 85' lang='lat' dir='ltr'>rursus</span> <span class='ocrx_word' id='word_1_384' title='bbox 343 2642 486 2682; x_wconf 84' lang='lat' dir='ltr'>praeter</span> <span class='ocrx_word' id='word_1_385' title='bbox 504 2637 591 2671; x_wconf 83' lang='lat' dir='ltr'>haec</span> <span class='ocrx_word' id='word_1_386' title='bbox 609 2636 727 2671; x_wconf 72' lang='lat' dir='ltr'>iurant</span> <span class='ocrx_word' id='word_1_387' title='bbox 749 2634 879 2670; x_wconf 89' lang='lat' dir='ltr'>nemini</span> <span class='ocrx_word' id='word_1_388' title='bbox 903 2646 942 2669; x_wconf 85' lang='lat' dir='ltr'><em>se</em></span> <span class='ocrx_word' id='word_1_389' title='bbox 968 2635 1155 2680; x_wconf 79' lang='lat' dir='ltr'>quidquam</span> <span class='ocrx_word' id='word_1_390' title='bbox 1180 2633 1320 2668; x_wconf 82' lang='lat' dir='ltr'>omnino</span> <span class='ocrx_word' id='word_1_391' title='bbox 1343 2644 1468 2667; x_wconf 82' lang='lat' dir='ltr'>sacrae</span> <span class='ocrx_word' id='word_1_392' title='bbox 1490 2632 1594 2667; x_wconf 78' lang='lat' dir='ltr'>istius</span> <span class='ocrx_word' id='word_1_393' title='bbox 1616 2633 1682 2666; x_wconf 87' lang='lat' dir='ltr'><em>do·</em></span> 
     </span>
     <span class='ocr_line' id='line_1_41' title="bbox 198 2679 1683 2725; baseline -0.002 -10"><span class='ocrx_word' id='word_1_394' title='bbox 198 2682 335 2717; x_wconf 81' lang='lat' dir='ltr'>ctrinae</span> <span class='ocrx_word' id='word_1_395' title='bbox 370 2695 411 2718; x_wconf 84' lang='lat' dir='ltr'><em>ac</em></span> <span class='ocrx_word' id='word_1_396' title='bbox 445 2683 702 2718; x_wconf 80' lang='lat' dir='ltr'>venerabilium</span> <span class='ocrx_word' id='word_1_397' title='bbox 726 2682 919 2718; x_wconf 82' lang='lat' dir='ltr'>studiorum</span> <span class='ocrx_word' id='word_1_398' title='bbox 942 2693 1045 2716; x_wconf 81' lang='lat' dir='ltr'>secus</span> <span class='ocrx_word' id='word_1_399' title='bbox 1073 2681 1283 2716; x_wconf 80' lang='lat' dir='ltr'>traditurum</span> <span class='ocrx_word' id='word_1_400' title='bbox 1309 2691 1413 2725; x_wconf 77' lang='lat' dir='ltr'>quam</span> <span class='ocrx_word' id='word_1_401' title='bbox 1436 2679 1509 2725; x_wconf 84' lang='lat' dir='ltr'>ipsi</span> <span class='ocrx_word' id='word_1_402' title='bbox 1532 2689 1683 2723; x_wconf 78' lang='lat' dir='ltr'>accepe-</span> 
     </span>
     <span class='ocr_line' id='line_1_42' title="bbox 197 2724 1683 2775; baseline -0.003 -12"><span class='ocrx_word' id='word_1_403' title='bbox 197 2727 291 2772; x_wconf 84' lang='lat' dir='ltr'>rint,</span> <span class='ocrx_word' id='word_1_404' title='bbox 324 2741 456 2764; x_wconf 89' lang='lat' dir='ltr'>omnem</span> <span class='ocrx_word' id='word_1_405' title='bbox 481 2730 660 2764; x_wconf 82' lang='lat' dir='ltr'>diversam</span> <span class='ocrx_word' id='word_1_406' title='bbox 683 2728 884 2775; x_wconf 89' lang='lat' dir='ltr'>opinionem</span> <span class='ocrx_word' id='word_1_407' title='bbox 908 2740 950 2762; x_wconf 77' lang='lat' dir='ltr'><em>ac</em></span> <span class='ocrx_word' id='word_1_408' title='bbox 973 2728 1180 2772; x_wconf 84' lang='lat' dir='ltr'>religionem</span> <span class='ocrx_word' id='word_1_409' title='bbox 1202 2726 1398 2771; x_wconf 81' lang='lat' dir='ltr'>vitaturos,</span> <span class='ocrx_word' id='word_1_410' title='bbox 1431 2725 1516 2760; x_wconf 79' lang='lat' dir='ltr'>huic</span> <span class='ocrx_word' id='word_1_411' title='bbox 1537 2724 1683 2760; x_wconf 75' lang='lat' dir='ltr'>divinae</span> 
     </span>
     <span class='ocr_line' id='line_1_43' title="bbox 198 2774 1682 2821; baseline -0.003 -12"><span class='ocrx_word' id='word_1_412' title='bbox 198 2774 364 2819; x_wconf 84' lang='lat' dir='ltr'>religioni</span> <span class='ocrx_word' id='word_1_413' title='bbox 390 2777 492 2810; x_wconf 73' lang='lat' dir='ltr'>unice</span> <span class='ocrx_word' id='word_1_414' title='bbox 516 2787 628 2821; x_wconf 82' lang='lat' dir='ltr'>usque</span> <span class='ocrx_word' id='word_1_415' title='bbox 652 2776 698 2810; x_wconf 83' lang='lat' dir='ltr'><em>ad</em></span> <span class='ocrx_word' id='word_1_416' title='bbox 722 2775 925 2820; x_wconf 81' lang='lat' dir='ltr'>sanguinem</span> <span class='ocrx_word' id='word_1_417' title='bbox 951 2787 990 2809; x_wconf 88' lang='lat' dir='ltr'><em>se</em></span> <span class='ocrx_word' id='word_1_418' title='bbox 1017 2775 1075 2820; x_wconf 85' lang='lat' dir='ltr'><em>pie</em></span> <span class='ocrx_word' id='word_1_419' title='bbox 1099 2786 1142 2809; x_wconf 86' lang='lat' dir='ltr'><em>ac</em></span> <span class='ocrx_word' id='word_1_420' title='bbox 1170 2778 1381 2808; x_wconf 74' lang='lat' dir='ltr'>reverenter</span> <span class='ocrx_word' id='word_1_421' title='bbox 1403 2783 1547 2819; x_wconf 79' lang='lat' dir='ltr'>operam</span> <span class='ocrx_word' id='word_1_422' title='bbox 1571 2782 1682 2805; x_wconf 81' lang='lat' dir='ltr'>nava-</span> 
     </span>
     <span class='ocr_line' id='line_1_44' title="bbox 203 2818 1685 2867; baseline -0.003 -12"><span class='ocrx_word' id='word_1_423' title='bbox 203 2825 316 2855; x_wconf 84' lang='lat' dir='ltr'>turos.</span> <span class='ocrx_word' id='word_1_424' title='bbox 365 2829 627 2867; x_wconf 86' lang='lat' dir='ltr'>consequuntur</span> <span class='ocrx_word' id='word_1_425' title='bbox 660 2822 729 2856; x_wconf 86' lang='lat' dir='ltr'><em>hoc</em></span> <span class='ocrx_word' id='word_1_426' title='bbox 760 2821 858 2856; x_wconf 88' lang='lat' dir='ltr'>multi</span> <span class='ocrx_word' id='word_1_427' title='bbox 891 2821 1048 2866; x_wconf 90' lang='lat' dir='ltr'>ipsorum</span> <span class='ocrx_word' id='word_1_428' title='bbox 1080 2825 1252 2867; x_wconf 80' lang='lat' dir='ltr'>perpetua</span> <span class='ocrx_word' id='word_1_429' title='bbox 1288 2818 1544 2854; x_wconf 77' lang='lat' dir='ltr'>exercitatione</span> <span class='ocrx_word' id='word_1_430' title='bbox 1577 2823 1685 2861; x_wconf 72' lang='lat' dir='ltr'>atque</span> 
     </span>
     <span class='ocr_line' id='line_1_45' title="bbox 204 2862 1686 2916; baseline -0.003 -15"><span class='ocrx_word' id='word_1_431' title='bbox 204 2866 360 2912; x_wconf 81' lang='lat' dir='ltr'>puritate</span> <span class='ocrx_word' id='word_1_432' title='bbox 383 2874 423 2903; x_wconf 85' lang='lat' dir='ltr'><em>ut</em></span> <span class='ocrx_word' id='word_1_433' title='bbox 445 2868 566 2904; x_wconf 87' lang='lat' dir='ltr'>divino</span> <span class='ocrx_word' id='word_1_434' title='bbox 590 2874 678 2905; x_wconf 82' lang='lat' dir='ltr'>nutu</span> <span class='ocrx_word' id='word_1_435' title='bbox 697 2874 806 2916; x_wconf 77' lang='lat' dir='ltr'>atque</span> <span class='ocrx_word' id='word_1_436' title='bbox 827 2868 945 2915; x_wconf 78' lang='lat' dir='ltr'>gratia</span> <span class='ocrx_word' id='word_1_437' title='bbox 968 2868 1074 2904; x_wconf 74' lang='lat' dir='ltr'>etiam</span> <span class='ocrx_word' id='word_1_438' title='bbox 1096 2868 1216 2903; x_wconf 82' lang='lat' dir='ltr'>futura</span> <span class='ocrx_word' id='word_1_439' title='bbox 1237 2865 1486 2913; x_wconf 72' lang='lat' dir='ltr'>praevideant,</span> <span class='ocrx_word' id='word_1_440' title='bbox 1508 2865 1589 2900; x_wconf 84' lang='lat' dir='ltr'><em>dum</em></span> <span class='ocrx_word' id='word_1_441' title='bbox 1610 2862 1686 2908; x_wconf 80' lang='lat' dir='ltr'>iugi</span> 
     </span>
    </p>
   </div>
  </div>
 </body>
</html>
