1742 3184
205 181 307 230 600
567 205 570 210 ⁴
656 202 660 208 ’
681 179 926 226 GEORGII
960 178 1205 223 CEDRENI

153 321 155 324 ·
205 300 518 355 καρτεροῦντος,
554 298 644 349 περὶ
666 294 778 353 ὥραν
797 294 949 351 τρίτην,
980 292 1099 353 ἄφνω
1121 291 1283 337 πάντων
1305 290 1493 351 δρώντων
1512 289 1676 352 ἥρπάγη

206 368 366 418 νεανίας
390 370 446 417 εἷς
465 366 536 409 τὸν
563 366 664 424 ἀέρα
696 367 764 408 καὶ
789 363 936 419 ἢκουσε
957 365 1075 415 θειάς
1097 368 1237 422 φωνῆς
1259 362 1548 421 παρεγγυώσης
1566 363 1678 421 αὐτῷ

207 437 443 493 ἀναγγεῖλαι
465 440 523 492 τῷ
546 432 750 491 ε’πισκόπῳ
773 435 842 476 καὶ
864 437 924 492 τῷ
947 437 1035 491 λαῷ
1064 431 1282 476 λιτανεύειν
1307 432 1428 486 οὕτω,
1462 434 1529 475 καὶ
1552 433 1678 488 λέγειν

201 503 348 562 “”ἁ’γιος
377 502 545 555 ὁθεός,
582 503 695 559 ἅγιος
723 501 890 560 ἰσχυρός
897 535 912 556 ,
947 502 1061 559 ἅγιος
1083 500 1293 553 ἀθάνατος
1303 534 1317 555 ,
1347 503 1509 558 ἐλέησον
1533 499 1675 557 ἡμᾶς”

205 577 274 618 καὶ
296 574 422 630 μηδὲν
444 574 578 630 ἕτερον
597 572 877 630 προστιθέναι.
948 574 1014 615 καὶ
1046 572 1202 623 εὐθέως
1221 576 1340 615 τοῦτο
1355 569 1587 627 ψάλλοντος
1603 573 1677 613 τοῦ
1688 579 1711 614 5

204 647 309 687 λαοῦ
327 643 422 697 ἔστη
445 641 466 684 ὃ
489 641 666 697 σεισμός.
737 641 837 685 ὅθεν
865 639 885 684 ὃ
917 641 1110 696 βασιλεὺς
1129 639 1351 692 Θεοδόσιος
1367 643 1434 683 καὶ
1452 638 1477 696 ἧ
1497 641 1682 697 μακαρία

203 713 455 768 Πουλχερία,
487 709 842 770 ὓπεραγασθέντες
865 715 924 769 τῷ
946 709 1148 766 θαύματι,
1179 711 1402 754 ἐθέσπισαν
1424 709 1529 754 κατὰ
1546 714 1682 753 πᾶσαν

206 782 443 836 οἰκουμένην
467 780 575 824 οὕτω
594 779 835 836 ψάλλεσθαι
858 780 930 823 τὸν
948 785 1065 824 θεῖον
1082 779 1221 835 ὕμνον.

150 860 183 895 c
346 854 420 908 Τῷ
443 848 499 893 λε’
522 849 599 893 ἔτει
621 850 776 906 ἠνέχθη
797 850 878 893 ἀπὸ
902 848 1120 901 Πανεάδος
1140 849 1185 892 τὸ
1207 848 1403 904 λείψανον
1423 844 1684 906 τοῦ-προφή-

202 936 275 963 του
290 920 483 971 Ἠσαί’“ου,
509 921 577 963 καὶ
595 920 718 974 ἐτέθη
740 920 782 962 ἐν
799 923 859 977 τῷ
880 923 967 977 ναῷ
989 923 1063 962 τοῦ
1081 917 1196 975 ἁγίου
1214 918 1488 975 Λαυρεντίου.
1693 928 1738 963 10

342 992 416 1047 Τῷ
450 987 510 1040 λς’
545 988 623 1032 ἔτει
657 987 880 1040 Θεοδόσιος
911 986 932 1030 ὃ
962 989 1158 1043 βασιλεὺς
1183 987 1385 1042 Ἀντίοχον
1415 984 1684 1045 πραιπόσιτον

202 1060 270 1101 καὶ
293 1058 528 1115 πατρίκιον,
575 1058 647 1101 τὸν
674 1061 871 1112 βαΐουλον
904 1057 1052 1110 αὐτοῦ,
1087 1055 1228 1100 πάπαν
1255 1058 1439 1111 ἐποίησε,
1476 1054 1684 1111 δημεύσας

202 1130 270 1170 καὶ
302 1127 373 1170 τὸν
406 1125 515 1170 οἷκον
548 1127 676 1170 αὐτοῦ
704 1125 760 1178 ὡς
783 1128 1130 1183 κατεπαιρομένου
1148 1131 1220 1170 τοῦ
1241 1126 1443 1181 βασιλέως
1463 1127 1530 1168 καὶ
1554 1143 1680 1168 κατα-

203 1201 453 1255 φρονοῦντος
483 1197 624 1240 αὐτοῦ.
693 1197 758 1239 διὸ
792 1198 860 1239 καὶ
890 1194 1017 1251 νόμον
1047 1196 1208 1248 ἐξέθετο
1245 1195 1303 1251 μὴ
1336 1195 1592 1249 εἷσέρχεσθαι
1629 1196 1684 1245 εἷς

202 1267 416 1323 πατρικίου
446 1265 562 1316 ἀξίαν
590 1266 794 1321 εὐνοῦχον.
866 1260 986 1316 οὗτος
1014 1264 1035 1308 ὅ
1075 1264 1296 1316 Θεοδόσιος
1323 1263 1601 1321 εὖμετάγωγος
1634 1260 1683 1319 ἦν
1696 1274 1739 1312 15

203 1334 385 1394 σφόδρα,
420 1333 665 1390 πειθόμενος
697 1342 781 1386 τοῖς
810 1333 1116 1389 ὑποβάλλουσιν
1144 1336 1255 1393 αὐτῷ
1287 1335 1469 1385 οἵκείοις,
1510 1332 1564 1384 ὡς
1583 1337 1686 1376 πολ-

204 1402 322 1455 λάκις
343 1406 409 1447 καὶ
434 1402 617 1461 χάρτους
648 1404 706 1459 μὴ
742 1402 1029 1460 ἀναγινώσκων
1050 1402 1298 1461 ὑπέγραψεν.
1367 1402 1465 1460 ὅπερ
1487 1407 1687 1458 μαθοῦσα

201 1475 438 1531 Πουλχερία
460 1472 487 1529 ἡ
512 1473 638 1516 αὐτοῦ
662 1471 844 1531 ἀδελφή,
880 1474 948 1516 καὶ
968 1472 1165 1523 πολλάκις
1183 1469 1484 1526 νουθετήσασα,
1511 1473 1594 1514 ἐπεὶ
1613 1472 1687 1515 οὐκ

153 1549 185 1585 D
207 1543 342 1586 ἔπειθε
354 1575 368 1595 ,
405 1547 546 1600 σοφῶς
563 1541 750 1603 ἐπῆλθεν
772 1541 911 1594 αὐτόν,
946 1544 1013 1584 καὶ
1034 1542 1192 1599 δωρεὰν
1212 1543 1341 1597 δῆθεν
1363 1544 1487 1584 αι’τεῖ·
1522 1540 1549 1596 ἦ
1572 1542 1616 1584 ‹5'
1637 1536 1688 1597 ἦν

205 1613 309 1670 πρὸς
338 1614 523 1655 δουλείαν
541 1613 777 1669 ἕκχωροῦσα
797 1612 1002 1655 Εὐδοκίαν
1022 1612 1096 1667 τὴν
1121 1611 1249 1654 αὐτοῦ
1268 1608 1460 1667 γαμετήν.
1529 1609 1742 1668 προσή-20

204 1699 318 1726 νεκτο
340 1683 475 1725 τοίνυν
501 1679 522 1724 ὃ
552 1687 674 1725 τοῦτο
707 1680 1023 1736 διαταττόμενος
1050 1680 1210 1739 χάρτης
1239 1682 1307 1722 καὶ
1335 1680 1449 1736 παρὰ
1475 1684 1549 1722 τοῦ
1566 1685 1690 1734 βασι-

205 1752 307 1802 λέως
327 1748 635 1805 ’ἷῖπεσημαιίἐτο.
703 1751 808 1805 μετὰ
833 1752 876 1793 δὲ
897 1755 1017 1793 τοῦτο
1040 1750 1373 1805 ἀναγνωσθέντος
1399 1749 1528 1791 αὐτοῦ
1551 1752 1692 1801 δεινιῦς

203 1818 283 1862 ὑπὸ
308 1825 380 1875 τῆς
398 1821 659 1878 Πουλχερίας
689 1820 931 1875 ὠνειδίσθη,
977 1820 1045 1861 καὶ
1063 1819 1198 1862 ἔκτοτε
1221 1818 1431 1877 ἀκρίβειαν
1452 1823 1533 1862 τῶν
1554 1818 1691 1862 τοιού-

297 1916 345 1951 22
367 1911 632 1960 ἐπεσημαίνετο
653 1916 682 1950 Ρ

203 1998 322 2035 subito
348 1998 551 2033 adolescens
576 1995 736 2031 omnibus
760 1995 985 2031 cernentibus
1009 1995 1046 2030 in
1071 1996 1189 2030 aerem
1213 1998 1270 2030 est
1293 1997 1499 2042 surreptus,
1535 1996 1691 2031 audivit-

204 2057 275 2091 que
298 2045 453 2080 divinam
477 2055 599 2080 vocem
624 2043 695 2077 sibi
717 2043 957 2086 mandantem,
989 2049 1029 2077 ut
1052 2042 1220 2087 episcopo
1245 2042 1465 2077 renuntiaret
1491 2046 1526 2077 et
1545 2044 1691 2090 populo,

205 2097 246 2126 ut
266 2092 303 2126 in
329 2092 480 2137 publicis
504 2089 814 2135 deprecationibus
841 2090 893 2124 sic
915 2094 1020 2124 orent
1039 2085 1185 2123 “sancte
1209 2090 1308 2131 deus,
1334 2094 1455 2123 sancte
1474 2090 1590 2135 sortis,
1609 2102 1691 2124 san-

206 2144 264 2172 cte
295 2138 519 2182 immortalis,
555 2136 723 2182 miaerere
754 2136 866 2171 nostri
879 2132 914 2181 ‚³⁹
947 2147 1064 2182 neque
1095 2135 1190 2171 aliud
1224 2136 1412 2180 quidquam
1448 2136 1592 2171 addant.
1638 2137 1691 2172 ita

207 2184 326 2219 statim
351 2189 514 2219 cantante
539 2183 671 2229 populo
694 2188 812 2217 terrae
835 2188 948 2217 motus
974 2183 1093 2217 desiit.
1140 2193 1181 2216 eo
1208 2181 1374 2217 miraculo
1398 2184 1581 2217 admodum
1606 2195 1690 2229 per-

206 2230 296 2265 culsi
313 2231 537 2265 Theodosius
559 2241 600 2264 ac
616 2229 804 2264 Pulcheria
822 2229 1010 2264 edixerunt
1032 2234 1070 2264 ut
1090 2239 1192 2264 sacra
1210 2229 1327 2264 cautio
1348 2241 1415 2275 per
1438 2234 1549 2265 totum
1565 2232 1691 2266 »orbem

206 2283 379 2312 terrarum
403 2278 457 2312 sic
482 2282 681 2313 caneretur.

300 2324 400 2358 Anno
423 2324 468 2360 35
492 2324 658 2358 Paneade
681 2323 854 2359 advectae
884 2327 968 2358 sunt
1000 2322 1172 2369 reliquiae
1202 2320 1296 2357 vatis
1324 2321 1476 2366 Esaiae,
1520 2326 1558 2357 et
1585 2323 1623 2358 in
1652 2323 1690 2358 d.

206 2369 392 2405 Laurentii
414 2369 544 2416 templo
569 2370 760 2414 repositae.

302 2417 401 2451 Anno
425 2418 470 2452 36
495 2416 719 2451 Theodosius
742 2415 951 2450 Antiochum
973 2413 1215 2460 praepositum
1239 2417 1275 2448 et
1299 2413 1498 2459 patricium,
1522 2427 1693 2461 suumque

208 2463 375 2508 baiulum,
405 2475 528 2510 papam
554 2463 653 2507 fecit,
678 2462 906 2496 facultatibus
931 2473 1072 2507 quoque
1096 2460 1172 2495 eius
1196 2459 1406 2507 publicatis,
1431 2462 1524 2506 quod
1549 2462 1580 2496 is
1605 2474 1692 2496 con-

208 2513 264 2543 tra
288 2510 534 2556 imperatorem
556 2521 620 2554 pei·
641 2515 877 2554 contemptum
898 2520 936 2543 se
961 2508 1161 2542 extulisset?
1205 2507 1327 2552 itaque
1349 2507 1454 2542 etiam
1478 2508 1590 2552 legem
1610 2509 1693 2544 tulit

207 2567 252 2590 ne
279 2557 358 2601 quis
383 2557 560 2591 eunuchus
580 2555 755 2600 dignitate
780 2554 920 2600 patricii
944 2560 1142 2589 ornaretur.
1190 2553 1260 2588 fuit
1283 2552 1474 2598 imperator
1496 2555 1564 2589 iste
1588 2555 1691 2590 nimis

209 2613 313 2646 quam
337 2602 496 2647 mobilis,
531 2602 691 2647 adeoque
725 2601 892 2647 proclivis
926 2602 970 2635 ad
1002 2601 1261 2645 obsequendum
1295 2599 1526 2636 familiaribus
1557 2601 1692 2647 aliquid

211 2649 440 2684 suadentibus
454 2676 464 2694 ‚
491 2654 531 2683 ut
553 2660 662 2694 saepe
687 2648 791 2683 etiam
817 2647 956 2682 schedis
981 2659 1052 2682 non
1075 2647 1175 2681 lectis
1198 2647 1449 2683 subscriberet.
1499 2649 1591 2692 quod
1614 2659 1691 2683 cum

211 2695 510 2730 animadverteret
532 2706 634 2730 soror
659 2694 733 2730 eius
758 2693 969 2738 Pulclieria‚
1005 2699 1043 2728 et
1065 2705 1173 2738 saepe
1197 2692 1403 2737 castigando
1427 2694 1515 2728 nihil
1538 2696 1691 2740 profice-

210 2746 288 2785 ret,
322 2742 446 2776 callide
471 2753 549 2776 eum
571 2742 695 2776 adorta
720 2746 786 2775 est.
837 2752 915 2775 nam
940 2741 1005 2775 sub
1031 2745 1219 2786 praetextu
1241 2740 1386 2785 petendi
1411 2741 1582 2786 muneris,
1623 2741 1693 2776 sibi

210 2787 248 2820 in
272 2788 477 2822 servitutem
502 2788 595 2823 tradi
618 2788 814 2828 Eudociam
843 2786 968 2822 fratris
1002 2797 1148 2821 uxorem
1179 2797 1244 2832 per
1275 2785 1397 2821 literas
1425 2789 1582 2841 petebat.
1631 2800 1691 2822 eas

213 2833 259 2867 ad
281 2845 321 2867 ae
347 2833 470 2868 allatas
494 2836 687 2879 imperator
711 2834 827 2879 sigillo
857 2832 1090 2869 confirmavit.
1139 2837 1264 2877 postea
1286 2831 1331 2866 iis
1357 2832 1457 2868 lectis
1484 2835 1615 2868 acriter
1639 2842 1693 2870 est

213 2891 235 2914 a
256 2878 443 2916 Pulcheria
464 2881 689 2926 obiurgatus,
721 2888 830 2927 atque
861 2879 945 2915 inde
967 2879 1099 2914 talibus
1121 2877 1158 2912 in
1181 2879 1288 2914 rebus
1310 2880 1567 2916 accurationem
1589 2880 1691 2915 adhi-
