1742 3184
224 178 325 226 200
705 179 944 225 GEORGII
974 177 1218 224 CEDRENI

225 293 372 352 φέγγος
394 290 593 337 κύκλοθεν
603 326 617 346 ,
662 294 740 350 τὴν
763 292 912 353 τριάδα
935 291 1248 353 φανταζόμενος.
1318 293 1403 338 ἐκεῖ
1430 292 1499 336 καὶ
1529 297 1610 337 τῶν
1624 310 1696 348 χε-

224 365 377 422 ρουβὶμ
397 361 498 406 εἶδεν
515 360 788 416 ὑποτύπωσιν,
830 363 873 406 ἓν
897 363 1103 422 προσώπῳ
1126 359 1349 421 ἀνθρώπου
1368 364 1435 405 καὶ
1452 360 1609 418 μόσχου
1630 364 1698 405 καὶ

225 432 386 483 λέοντος
403 434 470 475 καὶ
490 432 611 475 ἀετοῦ
629 430 975 488 ὗποτυπουμένην.
1044 430 1233 490 ὑπεράνω
1256 433 1300 475 δὲ
1314 429 1482 484 τούτων,
1517 429 1573 482 ὥς
1595 429 1699 482 εἶδος

224 499 473 558 ἀνθρώπου,
519 501 590 544 τὸν
618 500 718 544 θεὸν
749 500 971 558 ἄνθρωπον
999 499 1107 560 ὁρῶν
1137 501 1197 544 δι’
1236 500 1364 544 αὐτοῦ
1387 499 1603 559 προφήτης
1626 504 1699 543 τοῦ

219 569 395 628 Ἰσραὴλ
414 569 602 625 κατέστη,
626 571 694 613 καὶ
711 574 793 614 τῶν
813 570 1014 626 ἐσομένων
1035 570 1109 626 τὴν
1126 576 1275 628 γνῶσιν
1286 571 1471 614 ἐντεῦθεν
1486 574 1731 626 μεμυστα-5

224 637 416 696 γώγηται.

363 707 490 752 Μετὰ
521 707 564 750 δὲ
590 706 785 762 Ἰωακεὶμ
807 707 1064 763 ἐβασίλευσεν
1088 707 1286 764 Ἰεχονίας
1301 707 1390 759 υἱὸς
1406 707 1555 759 αὐτοῦ,
1590 704 1611 749 ὅ
1631 707 1698 749 καὶ

221 775 437 832 Ἰωακείμ,
484 776 554 819 διὰ
582 775 896 834 προστάγματος
925 776 1312 836 Ναβουχοδονόσορ.
1381 779 1448 820 καὶ
1470 777 1628 830 ἐποίησε
1651 774 1698 818 τὸ

223 846 401 903 πονηρὸν
429 843 599 888 ε’νιῦπιον
625 847 779 903 κυρίου.
849 847 917 889 καὶ
936 849 1027 905 περὶ
1047 847 1142 897 τοὺς
1165 845 1319 906 φόρους
1339 843 1699 903 ἅγνωμονήσαντος

225 915 353 958 αὐτοῦ
379 909 508 971 ἦλθεν
541 909 666 965 αὖθις
684 915 1058 974 Ναβουχοδονόσορ
1086 918 1143 966 εἷς
1171 917 1248 971 τὴν
1276 914 1393 959 πόλιν
1408 913 1697 973 Ἰερουσαλήμ,
1711 922 1742 958 1(

81 988 112 1023 Ρ
137 988 203 1026 114
226 985 294 1026 καὶ
316 982 540 1041 ἐπολιόρκει
561 982 701 1039 αὐτήν.
770 984 873 1042 πρὸς
898 984 943 1027 ὃν
965 985 1163 1041 Ἰεχονίας
1193 987 1340 1040 ἐξῆλθε
1373 985 1447 1028 σὺν
1476 985 1600 1041 μητρὶ
1632 986 1699 1026 καὶ

221 1053 374 1103 τέκνοις
405 1054 473 1094 καὶ
503 1058 589 1102 τοῖς
618 1051 814 1110 ἄρχουσιν
850 1053 991 1097 αὐτοῦ.
1074 1055 1142 1097 καὶ
1173 1056 1365 1108 εἰσῆλθον
1398 1054 1437 1096 οἱ
1466 1056 1700 1109 μεγιστᾶνες

221 1119 594 1178 Ναβουχοδονόσορ
623 1124 679 1172 εἷς
706 1121 779 1176 τὴν
809 1120 949 1175 πόλιν,
985 1124 1052 1166 καὶ
1086 1121 1298 1179 ἐξήνεγκαν
1333 1122 1429 1174 τοὺς
1457 1121 1700 1179 θησαυροὺς

221 1192 363 1249 κυρίου
385 1192 452 1233 καὶ
474 1194 547 1233 τοῦ
564 1191 766 1245 βασιλέως
788 1193 855 1233 καὶ
884 1192 937 1234 τὰ
962 1197 1102 1250 χρυσᾶ
1126 1191 1247 1248 σκεύη
1272 1191 1300 1234 ἃ
1321 1193 1480 1247 ἐποίησε
1501 1194 1700 1245 Σολομῶν

222 1261 264 1303 ἐν
284 1265 370 1319 ναῷ
391 1260 546 1317 κυρίου.
590 1259 661 1302 τὸν
685 1260 727 1302 δὲ
747 1262 939 1303 Σεδεκίαν
961 1262 1049 1304 ἀντὶ
1063 1262 1259 1317 Ἰεχονίου
1279 1259 1553 1316 καταστήσας,
1583 1258 1699 1319 ἀπῴ-
1711 1269 1742 1304 1ἐ

220 1347 331 1372 κισεν
347 1329 545 1383 Ἰεχονίαν
573 1329 629 1378 εἷς
650 1331 885 1382 Βαβυλῶνα
915 1332 984 1372 καὶ
1012 1330 1087 1385 τὴν
1114 1331 1272 1388 μητέρα
1293 1332 1361 1373 καὶ
1383 1330 1479 1381 τοὺς
1499 1329 1702 1387 ἄρχοντας

221 1398 362 1451 αὐτοῦ,
396 1395 698 1453 βασιλεύσαντα
717 1402 851 1452 μῆνας
872 1406 991 1455 τρεῖς.
1036 1400 1127 1455 περὶ
1146 1394 1195 1440 οὗ
1213 1396 1335 1440 πάλιν
1348 1397 1550 1455 Ἱερεμίας
1570 1398 1700 1454 ἔλεγεν

215 1464 436 1522 “finani-977
453 1467 665 1529 Ἰεχονίας.
684 1464 740 1517 ὥς
771 1471 912 1517 σκεῦος
935 1461 984 1509 οὗ
1008 1467 1082 1509 οὐκ
1104 1466 1210 1510 ἔστιν
1228 1468 1372 1525 χρεία,
1409 1466 1471 1509 ὅτι
1493 1466 1698 1525 ἀπερρίφη

218 1537 285 1578 καὶ
309 1534 513 1591 ἐξεβλήθη
537 1538 593 1585 εἷς
608 1539 696 1591 γῆν,
722 1534 772 1590 ἣν
796 1536 867 1578 οὐκ
885 1534 997 1592 ᾔὸει,
1029 1536 1132 1592 λέγει
1149 1534 1300 1593 κύριος.
1369 1539 1435 1592 γῆ,
1470 1540 1535 1591 γῆ,
1573 1535 1696 1579 ἄκου-

218 1622 292 1648 σον
313 1604 433 1661 λόγον
452 1605 617 1661 κυρίου,
653 1601 816 1660 γράψον
836 1603 906 1647 τὸν
933 1604 1064 1662 ἄνδρα
1092 1609 1234 1647 τοῦτον
1264 1602 1508 1662 ἕκκήρυκτον
1529 1603 1697 1662 ἄνθρω-
1708 1618 1742 1653 2(

168 1681 199 1717 B
223 1691 313 1725 πον,
350 1672 412 1716 ὅτι
434 1673 481 1714 οὗ
500 1672 558 1727 μὴ
581 1672 746 1729 αὐξηθῇ
766 1674 808 1715 ἐκ
827 1677 902 1715 τοῦ
921 1674 1151 1731 σπέρματος
1176 1673 1304 1717 αὐτοῦ
1335 1674 1437 1730 ἀνὴρ
1465 1673 1699 1729 καθήμενος

223 1743 287 1785 ἐπὶ
304 1740 460 1800 θρόνου
483 1742 646 1795 Λαβίὸ,
684 1740 820 1799 ἄρχων
838 1741 894 1785 ἔτι
917 1743 958 1786 ἒν
977 1748 1035 1802 τῷ
1048 1741 1242 1803 ’studet-’³
1313 1744 1418 1798 μετὰ
1439 1743 1483 1786 δὲ
1499 1743 1698 1800 Ἰεχονίαν

221 1812 477 1867 ἐβασίλευσεν
498 1811 712 1864 Σεδεκίας,
747 1810 1034 1871 πατράὸελφος
1057 1812 1206 1866 αὐτοῦ,
1242 1813 1309 1855 καὶ
1331 1813 1491 1868 ἐποίησε
1507 1813 1553 1856 τὸ
1571 1831 1698 1870 πονη-

221 1943 432 1989 venientem,
456 1944 652 1990 nubemque
675 1943 712 1980 in
737 1957 778 1980 eo
807 1949 844 1981 et
866 1944 1088 1992 splendorem
1115 1946 1153 1980 in
1181 1946 1301 1981 orbem
1325 1945 1583 1989 circumfusum.
1627 1958 1696 1993 quo

220 1990 300 2025 viso
323 1991 517 2026 trinitatem
550 1998 604 2026 est
631 1991 853 2037 imaginatus.
900 1993 952 2027 ibi
975 1998 1011 2027 et
1033 1993 1313 2028 Cherubinorum
1337 1992 1428 2028 vidit
1450 2000 1696 2039 repraesenta—

220 2036 365 2082 tionem,
389 2038 426 2072 in
449 2038 562 2072 forma
584 2038 731 2073 hominis
755 2038 858 2073 vituli
879 2038 992 2074 leonis
1016 2044 1053 2074 et
1075 2039 1225 2084 aquilae,
1252 2052 1294 2074 ac
1317 2050 1424 2085 supra
1444 2040 1507 2074 hos
1526 2041 1698 2085 quendam

221 2082 373 2118 humana
390 2084 529 2129 specie,
562 2084 724 2120 nimirum
759 2086 862 2120 deum
891 2085 952 2130 qui
985 2086 1167 2121 humanam
1191 2091 1348 2121 naturam
1369 2086 1502 2132 induit,
1537 2099 1698 2134 cernens,

222 2129 290 2176 qui.
309 2142 388 2164 eum
409 2130 586 2166 Israelicis
610 2137 726 2166 vatem
749 2132 933 2166 constituit
955 2133 1220 2178 futurorumque
1244 2132 1439 2178 cognitioni
1456 2132 1628 2168 initiavit.

314 2176 404 2211 Post
425 2178 612 2213 Ioacimum
635 2178 819 2213 Iechonias
842 2177 935 2213 filius
960 2177 1058 2225 eius,
1091 2180 1147 2214 cui
1183 2184 1219 2214 et
1248 2179 1427 2214 Ioachimo
1459 2191 1584 2214 nomen
1616 2179 1698 2227 fuit,

222 2221 321 2258 iussu
344 2223 702 2260 Nabuchodonosoris
725 2236 871 2270 regnum
894 2224 1045 2271 occepit.
1092 2225 1185 2261 vixit
1207 2229 1244 2260 et
1265 2226 1344 2272 ipse
1368 2225 1498 2272 impie,
1523 2231 1560 2261 et
1581 2226 1697 2262 tribu-

220 2272 295 2303 tum
325 2269 415 2305 mala
445 2271 516 2305 fide
546 2271 731 2317 persolvit.
788 2276 977 2318 eapropter
1008 2271 1053 2306 ad
1077 2271 1326 2317 Hierosolyma
1347 2285 1469 2308 rursus
1492 2283 1569 2307 cum
1592 2285 1696 2308 exer-

222 2314 295 2349 citu
314 2315 640 2352 Nabuchodonosor
663 2317 814 2353 accessit
832 2318 1022 2363 urbemque
1043 2319 1195 2354 obsedit.
1244 2319 1332 2354 exiit
1353 2320 1398 2354 ad
1417 2331 1494 2354 eum
1512 2320 1698 2355 Iechonias

223 2372 300 2395 cum
323 2367 434 2397 matre
456 2363 579 2398 liberis
603 2369 639 2399 et
661 2364 886 2410 primoribus.
934 2371 971 2399 et
989 2364 1050 2410 qui
1071 2371 1171 2401 erant
1191 2366 1285 2412 apud
1302 2366 1696 2412 Nabuchodonosorem‚

222 2407 327 2452 primi
358 2408 396 2443 in
427 2411 548 2445 urbem
579 2410 731 2456 ingressi
760 2411 945 2446 thesauros
975 2415 1046 2445 tam
1069 2424 1189 2447 sacros
1213 2424 1314 2458 quam
1336 2412 1475 2458 regios,
1511 2413 1698 2458 omniaque

224 2464 332 2488 aurea
355 2455 476 2501 templi
503 2456 561 2500 dei
584 2457 835 2502 instrumenta,
862 2468 952 2503 quae
974 2458 1140 2493 Solomon
1163 2460 1312 2502 fecerat,
1330 2464 1580 2506 exportatum.
1628 2461 1697 2494 Se-

223 2498 384 2536 dechiam
406 2514 516 2547 reguo
548 2504 719 2540 barbarus
743 2503 934 2550 praefecit,
967 2504 1155 2550 Iechonia,
1188 2517 1264 2540 cum
1296 2506 1327 2540 is
1356 2506 1439 2540 anni
1470 2506 1698 2552 quadrantem

222 2556 367 2590 regnum
391 2549 582 2595 gessisset,
614 2562 685 2586 una
713 2562 789 2585 cum
811 2555 923 2585 matre
950 2555 986 2585 et
1015 2552 1232 2598 principibus
1256 2551 1472 2610 Babylonem
1495 2553 1697 2599 deportato.

226 2590 271 2624 de
295 2592 361 2626 hoc
382 2594 547 2632 lechonia
571 2596 623 2632 sic
645 2597 813 2633 Ieremias
837 2597 1079 2642 pronuntiavit
1104 2599 1210 2644 (cap.
1232 2599 1305 2644 22)
1347 2594 1485 2633 ‘nullius
1509 2598 1617 2645 pretii
1642 2603 1698 2634 est

224 2636 429 2685 Iechonias,
454 2643 601 2687 perinde
622 2649 729 2690 atque
750 2655 814 2679 vas
838 2642 941 2678 nullis
964 2644 1085 2679 usibus
1108 2645 1284 2680 idoneum.
1332 2649 1387 2679 est
1411 2646 1502 2680 enim
1526 2646 1697 2689 abiectus,

227 2687 265 2717 et
288 2684 420 2720 eiectus
443 2688 479 2722 in
503 2694 632 2724 terram
664 2690 734 2725 sibi
764 2691 939 2736 ignotam,
975 2691 1026 2725 ait
1048 2691 1220 2727 dominus.
1269 2703 1290 2726 o
1314 2695 1428 2736 terra,
1462 2697 1578 2735 terra,
1612 2692 1696 2726 audi

225 2740 417 2765 sermonem
441 2734 512 2768 dei.
560 2737 677 2772 scribe
701 2738 792 2772 hunc
815 2737 1006 2783 hominem,
1041 2737 1155 2773 virum
1179 2737 1393 2773 abdicatum:
1418 2750 1487 2773 non
1513 2738 1604 2773 enim
1628 2749 1694 2772 un-

187 2790 189 2793 *
225 2786 327 2820 quam
360 2789 403 2811 ex
434 2781 566 2816 semine
597 2783 673 2818 eius
706 2783 883 2818 adolescet
909 2783 986 2829 vir,
1020 2784 1080 2829 qui
1110 2784 1147 2818 in
1175 2783 1264 2819 solio
1287 2784 1460 2820 Davidico
1487 2786 1610 2821 sedeat
1633 2789 1695 2820 aut

224 2832 330 2876 porro
355 2822 392 2857 in
414 2824 502 2860 Iuda
525 2828 689 2875 princeps
714 2827 798 2865 sit.''
846 2841 930 2876 ergo
963 2835 1046 2875 post
1072 2830 1271 2866 lechoniam
1299 2835 1445 2877 patruus
1479 2831 1556 2866 eius
1579 2831 1692 2866 Sede·

225 2867 322 2904 chiae
347 2871 521 2919 regnavit,
545 2875 606 2921 qui
631 2882 668 2911 et
683 2876 764 2924 ipse
781 2876 884 2913 deum
909 2887 975 2914 sua
993 2877 1070 2913 vita
1094 2877 1242 2919 offendit
1264 2882 1301 2914 et
1321 2877 1419 2925 pacti
1442 2877 1567 2915 tributi
1588 2878 1694 2914 fidem
