1742 3184
381 196 781 274 amomum
821 226 1221 275 COMPENDIUM.
1442 230 1544 278 277

62 344 130 387 καὶ
150 341 256 396 ὅλως
273 345 519 401 γεωμετρίας
535 341 796 389 ὑποτύπωσιν
817 340 955 395 ἔδειξε.
1022 341 1074 386 τὰ
1097 342 1143 385 δὲ
1160 341 1293 400 ἄστρα
1313 346 1414 403 φησὶ
1434 346 1543 402 γενέ-

64 417 168 457 σθαι
184 411 332 456 κύκλον
349 411 499 470 πυρός,
535 413 843 472 περιληφθέντα
863 414 908 455 δὲ
925 410 1007 456 ὕπὸ
1029 411 1165 470 ἀέρος.
1230 413 1403 464 ἐκπνοὰς
1422 416 1469 457 δὲ
1488 412 1542 457 εἶ-

62 499 131 525 ναι
160 480 315 540 πόρους
341 482 456 533 τινὰς
483 481 705 540 αὖρώὸεις,
740 481 844 525 καθ’
877 481 949 533 οὓς
977 482 1191 539 φαίνονται
1212 480 1262 525 τὰ
1287 481 1445 541 ἄστρα·
1479 480 1542 525 διό

64 567 166 608 φησι
193 552 261 592 καὶ
289 551 651 608 ἓπιφρασσομένων
686 555 767 594 τῶν
803 553 980 602 ε’κπνοῷν
1008 549 1085 602 τὰς
1114 550 1312 606 ἐκλείψεις
1340 553 1543 608 γίνεσθαι.

30 627 52 664 5
65 619 137 674 τὴν
160 619 204 662 δὲ
226 617 397 675 σελήνην
412 620 510 662 πὀτὲ
526 620 601 674 μέν
620 620 842 678 φαίνεσθαι
867 620 1151 677 πληρουμένην
1173 621 1270 663 ποτὲ
1291 621 1336 663 δὲ
1350 622 1543 677 μειουμέ-

62 706 136 744 νην
159 687 272 746 παρὰ
293 688 368 744 τὴν
391 692 472 731 τῶν
493 687 632 747 πόρων
651 690 867 746 ε’πίφραξιν
888 688 915 745 ἢ
938 688 1103 740 ἄνοιξιν.
1174 687 1273 732 εἶναι
1302 691 1348 733 δὲ
1372 689 1443 733 τὸν
1469 688 1546 733 κύ·-

63 761 161 800 κλον
186 761 260 800 τοῦ
282 755 400 813 ἡλίου
424 755 922 801 ἕπτακαιεικοσιπλασίονα
940 762 1013 814 τῆς
1030 754 1226 814 σελήνης,
1260 760 1329 802 καὶ
1349 757 1545 803 ἀνωτάτω

62 827 138 882 μέν
170 823 269 869 εἶναι
299 826 370 869 τὸν
401 826 537 882 ἥλιον,
571 825 794 870 κατωτάτω
826 828 872 870 δὲ
905 827 1001 878 τοὺς
1032 830 1115 870 τῶν
1142 826 1335 871 ἀπλανῶν
1361 828 1540 886 ἀστέρων
1561 840 1594 876 Β

65 894 252 946 κύκλους.
319 894 374 939 τά
412 896 457 938 δὲ
500 894 626 949 ζώὸια
657 897 844 953 γίνεσθαι
875 895 1168 951 ἔξατμιζόμενα
1196 895 1281 940 ὕπὸ·
1310 901 1385 940 τοῦ
1411 896 1545 953 ἧλιόυ,

10 971 55 1006 10
66 964 242 1019 ἀνέμους
263 964 308 1007 δὲ
329 964 515 1021 γίνεσθαι
536 970 618 1008 τῶν
636 964 891 1009 λεπτοτάτων
911 966 1052 1020 ἀτμῶν
1071 965 1114 1008 ἔκ
1136 971 1210 1009 τοῦ
1231 965 1352 1024 ἀέρος
1373 966 1545 1024 ἀποκρι-

63 1035 242 1088 νομένων
260 1035 329 1076 καὶ
349 1031 447 1077 ὅταν
467 1034 734 1091 ἀθροισθῶσι
753 1035 999 1089 κινουμένων
1006 1066 1020 1086 ,
1053 1032 1196 1085 ὑετοὺς
1214 1035 1258 1077 δὲ
1275 1035 1319 1077 ἐκ
1338 1039 1411 1090 τῆς
1426 1035 1545 1090 ἀτμί-

65 1105 139 1153 δος
156 1107 230 1156 τῆς
247 1103 292 1145 ἔκ
308 1107 390 1146 τῶν
405 1100 485 1161 ὕφ’
503 1102 621 1159 ἥλιον
639 1103 981 1159 ἀναδιὸουμένης,
1010 1103 1223 1160 ἀστραπὰς
1241 1104 1308 1156 δέ,
1337 1102 1436 1147 ὅταν
1453 1103 1547 1147 ἀνε-

64 1189 144 1228 μος
160 1172 361 1214 ἐκπίπτων
379 1174 554 1228 διίστησι
574 1173 648 1224 τὰς
663 1173 848 1231 νεφέλας.
895 1173 968 1216 τὸν
986 1173 1032 1217 δὲ
1053 1171 1276 1230 ἄνθρωπον
1294 1173 1388 1216 κατ’
1416 1172 1548 1232 ἀρχὰς

66 1239 190 1296 ἰχθύι·
204 1240 490 1299 παραπλήσιον
507 1242 712 1298 γενέσθαι.

12 1316 56 1352 15
195 1308 340 1361 ’Έκτος
365 1311 637 1366 Ἀναξιμένης.
708 1303 827 1361 οὗτος
862 1308 964 1367 ἀέρα
1000 1308 1168 1368 ἄπειρον
1198 1309 1272 1366 τὴν
1305 1306 1436 1367 ἀρχὴν
1468 1307 1547 1368 ἔφη

69 1376 190 1431 εἶναι,
235 1379 278 1431 ἒξ
309 1372 358 1421 οὗ
390 1379 443 1423 τὰ
473 1378 664 1437 γινόμενα
694 1381 763 1422 καὶ
792 1379 843 1422 τά
873 1377 1065 1436 γεγονότα
1097 1380 1165 1421 καὶ
1196 1379 1249 1422 τὰ
1282 1377 1453 1433 ἐσόμενα
1481 1380 1550 1421 καὶ

66 1448 194 1499 θεοὺς
212 1449 280 1491 καὶ
299 1452 396 1491 θεῖα
416 1451 616 1505 γίνεσθαι.
684 1448 758 1503 τὴν
782 1448 826 1490 δὲ
847 1453 922 1504 γῆν
945 1452 1138 1491 πλατεῖαν
1159 1447 1227 1489 ἐπ’
1251 1447 1354 1506 ἀέρα
1375 1447 1549 1503 ὀχουμέ-

67 1535 154 1573 νην.
222 1515 374 1572 ὃμοίως
394 1518 439 1560 δὲ
459 1517 575 1573 ἥλιον
593 1519 660 1561 καὶ
685 1515 856 1572 σελήνην
877 1518 944 1559 καὶ
966 1517 1019 1559 τὰ
1039 1516 1146 1559 ἄλλα
1166 1515 1300 1574 ἄστρα
1317 1515 1450 1560 πάντα
1466 1514 1546 1560 2115-
1568 1529 1600 1564 c

69 1604 162 1643 ρινα
181 1584 280 1630 ὄντα
297 1586 536 1641 ἐποχεῖσθαι
555 1592 613 1644 τῷ
633 1587 721 1644 ἀέρι
744 1585 814 1628 διὰ
832 1585 879 1628 τὸ
898 1584 1067 1636 πλάτος.
1121 1586 1259 1642 γέγονε
1279 1585 1327 1628 δὲ
1343 1585 1396 1628 τὰ
1418 1584 1551 1643 ἄστρα

11 1656 114 1700 Ξθέκ
136 1659 212 1712 γῆς
228 1654 297 1698 διὰ
317 1655 364 1698 τὸ
387 1656 464 1711 τὴν
483 1655 640 1711 ἰκμάδα
664 1656 708 1699 ἐκ
729 1653 882 1710 ταύτης
904 1654 1178 1707 ἀνίστασθαι,
1210 1648 1262 1709 ἧς
1281 1653 1552 1711 ἀραιουμένης

68 1725 116 1768 τὸ
144 1729 226 1783 πῦρ
253 1725 464 1782 γίνεσθαι·
500 1723 601 1768 εἶναι
638 1725 683 1767 δὲ
717 1726 785 1767 καὶ
819 1721 988 1781 γεώδεις
1016 1721 1159 1780 φύσεις
1187 1724 1229 1765 ἐν
1254 1727 1314 1782 τῷ
1337 1721 1449 1782 τόπῳ
1471 1727 1553 1766 τῶν

69 1793 275 1852 ἀστέρων,
310 1794 715 1853 συμπεριφερομένας
744 1794 921 1844 ἐκείνοις.
991 1787 1111 1843 οὗτος
1139 1791 1297 1847 ἤκμασε
1328 1792 1434 1835 κατὰ
1457 1792 1554 1843 τοὺς

65 1861 243 1922 χρόνους
266 1862 534 1923 Ἀλεξάνδρου
565 1867 641 1908 τοῦ
669 1860 940 1916 Μακεδόνος,
987 1855 1038 1906 οὗ
1068 1861 1180 1913 τινὸς
1206 1862 1274 1904 καὶ
1306 1859 1555 1912 διδάσκαλος

68 1933 241 1990 γέγονεν.

70 2089 107 2123 in
131 2099 230 2122 usum
249 2086 439 2134 produxit,
463 2086 674 2133 omninoque
693 2086 927 2134 geometricas
944 2084 1203 2132 descriptiones
1220 2083 1392 2120 ostendit.
1436 2084 1559 2119 stellas

71 2134 164 2171 dixit
187 2146 266 2169 esse
290 2135 396 2169 orbes
417 2134 542 2179 igneos
567 2135 612 2169 ab
638 2135 721 2169 aete
744 2134 1036 2180 comprehensos:
1068 2144 1175 2178 porro
1195 2131 1455 2174 exspirationes
1477 2142 1558 2165 esse

70 2180 238 2227 quasdam
262 2191 370 2215 aurae
394 2186 613 2227 permeatus,
650 2182 695 2215 ob
719 2192 808 2226 quas
831 2180 955 2215 stellae
976 2179 1185 2223 videantur,
1221 2183 1258 2212 et
1282 2177 1409 2223 quibus
1432 2175 1558 2211 meati-

70 2230 137 2262 bus
162 2227 337 2261 obturatis
358 2227 518 2261 defectus
542 2226 709 2262 existant.
758 2239 800 2262 ac
821 2226 921 2261 iuxta
945 2226 1069 2260 horum
1091 2225 1151 2258 vel
1174 2223 1390 2269 apertionem
1412 2222 1471 2258 vel
1490 2223 1556 2256 ob-

71 2273 302 2309 structionem
323 2272 439 2307 lunam
464 2274 566 2307 modo
598 2272 735 2318 plenam
765 2274 868 2308 modo
902 2271 1032 2306 lumine
1063 2270 1266 2305 diminutam
1295 2267 1424 2304 videri.
1472 2268 1558 2303 solis

73 2319 240 2356 circulum
273 2319 319 2354 ad
353 2319 458 2354 lunae
488 2320 609 2353 orbem
642 2331 722 2354 esse
754 2319 987 2366 proportione
1008 2315 1316 2363 vigintiseptupla.
1361 2314 1399 2348 in
1425 2326 1557 2349 summo

73 2378 155 2402 esse
180 2366 308 2410 solem,
344 2365 382 2400 in
410 2365 481 2399 imo
509 2367 614 2400 orbes
646 2365 825 2400 stellarum
847 2366 1009 2400 fixarum.
1057 2363 1220 2398 animalia
1244 2360 1342 2396 nasci
1366 2360 1561 2406 vaporibus

74 2425 97 2447 a
131 2411 206 2447 sole
239 2411 408 2457 elevatis,
443 2417 593 2455 ventos,
624 2423 700 2446 cum
735 2411 933 2446 tenuissimi
962 2421 1114 2456 vapores
1136 2421 1181 2443 ex
1204 2409 1288 2443 aere
1312 2412 1558 2451 secernuntur,

73 2458 134 2504 qui
157 2457 297 2493 collecti
319 2464 624 2502 commoveantur,
649 2457 787 2504 pluvias
809 2469 854 2492 ex
877 2456 1159 2491 exhalationibus
1182 2467 1204 2489 a
1226 2453 1301 2489 sole
1323 2464 1460 2488 sursum
1483 2452 1557 2487 ele-

74 2504 190 2550 vatis,
214 2505 376 2549 fulgura,
401 2515 479 2539 cum
502 2509 629 2538 ventus
653 2515 838 2551 erumpens
862 2505 975 2538 nubes
999 2501 1142 2537 scindit.
1190 2499 1365 2535 hominem
1387 2500 1432 2535 ab
1454 2498 1559 2534 initio

73 2550 183 2598 piscis
206 2551 353 2586 similem
376 2557 495 2586 natum
515 2550 643 2585 fuisse.
721 2581 726 2586 .

168 2597 300 2632 Sextus
333 2597 403 2632 fuit
435 2595 684 2632 Anaximenes.
730 2595 762 2630 is
795 2596 911 2631 aetem
941 2593 1115 2628 infinitum
1139 2590 1265 2627 statuit
1285 2602 1401 2626 rerum
1423 2589 1560 2636 princi-

75 2643 194 2690 pium:
219 2655 263 2678 ex
288 2655 331 2678 eo
355 2655 447 2690 quae
471 2648 573 2687 sunt,
597 2654 689 2687 quae
713 2643 876 2686 fuerunt,
902 2640 1016 2675 omnia
1041 2645 1153 2674 ortum
1177 2638 1323 2673 habere.
1370 2649 1450 2672 esse
1473 2637 1560 2671 deos

79 2697 116 2725 et
136 2701 196 2724 res
218 2688 372 2724 divinas.
420 2696 551 2724 terram
573 2688 759 2723 latitudine
777 2701 841 2723 sua
860 2688 935 2722 aeri
953 2687 1167 2721 incumbere.
1214 2683 1376 2719 similiter
1394 2683 1503 2718 solem
1523 2686 1561 2718 et

77 2736 195 2770 lunam
217 2740 255 2770 et
276 2736 432 2781 reliquas
453 2734 595 2779 stellas,
629 2746 707 2769 cum
736 2734 843 2779 ignea
864 2734 937 2768 sint
960 2732 1096 2775 omnia,
1132 2732 1178 2766 ab
1202 2731 1284 2765 aare
1308 2734 1455 2776 propter
1474 2728 1561 2765 lati-

78 2782 236 2817 tudinem
266 2783 415 2827 gestari.
463 2782 584 2816 stellas
612 2793 658 2815 ex
687 2786 785 2815 terra
814 2785 911 2815 ortas
935 2791 977 2813 eo
1002 2778 1098 2823 quod
1120 2789 1165 2812 ex
1189 2788 1232 2812 ea
1254 2776 1377 2811 humor
1398 2776 1561 2820 effertur,

80 2840 150 2873 quo
182 2833 363 2863 attenuato
396 2828 490 2874 ignis
521 2827 664 2862 existat.
713 2839 793 2862 esse
822 2826 929 2861 etiarn
963 2830 1126 2859 terrenas
1156 2823 1324 2870 quasdam
1356 2827 1499 2857 naturas
1522 2821 1561 2856 in

80 2874 158 2908 loco
194 2874 395 2918 stellarum,
429 2886 521 2920 quae
552 2885 622 2907 una
655 2883 732 2908 cum
764 2873 818 2907 his
849 2871 1145 2916 circumagantur.
1205 2868 1264 2904 hic
1293 2868 1416 2905 floruit
1447 2872 1563 2904 aetate

82 2920 275 2956 Alexandri
297 2920 525 2967 Macedonis,
552 2919 650 2955 cuius
669 2919 774 2956 etiam
792 2923 1005 2965 praeceptor
1022 2916 1104 2953 suit.
