1742 3184
226 219 321 267 114
705 213 945 268 GEORGII
976 207 1222 258 CEDRENI

219 339 359 391 πνῖγον
383 327 520 376 αῧτόν.
591 333 659 375 καὶ
680 329 833 387 ἀπέστη
853 329 899 373 τὸ
923 333 1082 383 πνεῦμα
1107 327 1187 371 ἀπὸ
1208 322 1371 379 Σαούλ,
1404 324 1473 369 καὶ
1493 322 1707 379 πεποίηκεν

220 403 348 448 αὐτὸν
369 402 433 445 ἐπὶ
458 402 503 446 τὸ
528 401 656 459 αἴρειν
683 401 733 444 τὰ
765 398 889 455 σκεύη
920 398 1048 442 αὐτοῦ
1070 398 1123 441 τὰ
1146 394 1360 451 πολεμικά.
1431 393 1640 451 ἀγαπητὸς
1663 393 1709 435 δὲ

221 474 358 532 γέγονε
381 472 524 527 Δαβὶδ
545 468 779 530 τῷὶΣαούλ.
848 467 937 513 τότε
964 468 1141 522 ἐξῆλθον
1162 467 1199 509 οἱ
1219 463 1447 523 ἀλλόφυλοι
1470 463 1512 506 ἓν
1537 461 1707 517 δυνάμει

219 544 395 604 βαρείᾳ,
431 542 498 584 καὶ
519 542 652 598 γέγονε
676 540 726 583 τὰ
750 541 841 597 περὶ
864 539 1008 592 Δαβὶδ
1028 539 1096 580 καὶ
1118 538 1159 578 Γ
1156 535 1283 580 ολιάθ
1290 567 1304 588 ,
1352 534 1400 578 ὃν
1431 533 1565 577 ἀνεῖλε
1584 548 1709 588 μονο-

222 610 418 669 μαχήσας
446 609 558 666 ὕψος
587 609 731 665 ἔχοντα
751 607 882 659 πόδας
901 606 1008 651 ὀκτώ
1019 641 1032 661 ,
1070 606 1127 649 ὢν
1149 607 1251 650 ἐτῶν
1274 603 1352 662 λγ’.
1420 597 1454 663 ᾧ
1473 600 1742 658 ὕπήντησανὸ

226 683 269 725 αἱ
293 678 542 740 χορεύουσαι
578 681 766 736 λέγουσαι
801 675 1004 728 “ε’πάταξε
1036 675 1176 719 Σαοὺλ
1196 677 1248 719 -ἒν
1274 671 1455 730 χιλιάσιν
1484 672 1611 716 αὐτοῦ
1643 673 1712 713 καὶ

177 764 208 800 c
232 752 374 806 Δαβὶδ
396 750 438 792 ἓν
459 747 653 807 μυριάσιν
674 747 847 791 αὖτοῦ.”
885 749 953 790 καὶ
971 749 1121 804 γίνεται
1146 743 1306 805 φθόνος
1327 743 1466 787 Σαοὺλ
1488 743 1551 784 ἐπὶ
1571 741 1714 796 Λαβὶδ

227 821 296 864 διὰ
323 820 369 863 τὸ
395 819 506 878 αὐτῷ
533 819 608 873 μὲν
634 820 812 873 δοθῆναι
833 817 907 868 τὰς
924 815 1139 871 χιλιάδας,
1176 816 1309 873 ἐκείνῳ
1333 814 1378 858 δὲ
1399 813 1473 864 τὰς
1492 810 1715 870 μυριάδας.

227 892 295 935 καὶ
323 889 485 932 ἐπέπεσε
516 888 630 945 παρὰ
648 891 752 931 θεοῦ
772 891 932 942 πνεῦμα
954 886 1133 944 πονηρὸν
1155 885 1218 928 ἐπὶ
1239 881 1401 935 Σαούλ,
1436 883 1504 925 καὶ
1526 879 1715 939 προεφή-

227 976 366 1004 τευσεν
389 959 432 1001 ἐν
451 957 564 1016 μέσῳ
585 961 659 1001 τοῦ
679 957 790 1000 οἴκου
813 955 956 999 αὐτοῦ.
1027 958 1094 999 καὶ
1113 956 1256 1010 Δαβὶὸ
1286 954 1464 1010 ἔψαλλεν
1484 953 1526 995 ἐν
1543 956 1592 1010 τῇ
1607 952 1742 1007 χειρὶΙ

229 1030 356 1072 αὐτοῦ
377 1025 433 1079 ὥς
455 1027 561 1073 καθ’
588 1025 762 1083 ἑκάστην
782 1024 954 1084 ἡμέραν,
1003 1028 1071 1069 καὶ
1097 1025 1142 1068 τὸ
1167 1025 1270 1082 δορὺ
1291 1024 1335 1067 ἓν
1357 1028 1407 1081 τῇ
1433 1023 1540 1079 χειρὶ
1560 1020 1716 1072 Σαούλ,

229 1100 298 1142 καὶ
317 1095 400 1141 εἶπε
423 1095 602 1148 πατάξαι
623 1098 664 1140 ἓν
684 1097 827 1151 Δαβίδ
836 1129 849 1149 ,
887 1097 956 1138 καὶ
977 1096 1158 1146 ἐκκλίνας
1179 1095 1321 1150 Δαβίὸ
1330 1126 1343 1146 ,
1380 1090 1576 1143 ἐπάταξεν
1597 1093 1639 1134 ἓν
1660 1094 1718 1148 τῷ

227 1169 366 1227 τοίχῳ.
435 1171 555 1210 τοῦτο
587 1168 651 1218 δὶς
680 1167 870 1222 πεποίηκε
895 1164 1050 1208 Σαούλ.
1120 1164 1239 1222 γνοὺς
1265 1165 1308 1207 δὲ
1329 1162 1467 1206 Σαοὺλ
1491 1167 1719 1216 συμμαχεῖν

229 1238 332 1281 θεὸν
353 1241 410 1296 τῷ
429 1237 595 1291 Λαβίὸ,
632 1237 815 1292 ἐποίησεν
852 1235 975 1278 αὐτὸν
1001 1237 1244 1291 χιλίαρχον,
1279 1233 1567 1290 ἐξαποστείλας
1596 1230 1720 1273 αὐτὸν

230 1307 312 1350 ἀπὸ
348 1304 569 1363 προσώπου
605 1305 733 1349 αὐτοῦ
763 1305 1020 1362 εἷσέρχεσθαι
1046 1307 1113 1347 καὶ
1134 1305 1373 1361 ἔξέρχεσθαι
1395 1303 1438 1345 ἓν
1461 1306 1519 1360 τῷ
1537 1302 1742 1358 πολέμῳ,1

232 1374 354 1420 εἰπών
371 1373 506 1419 “ihm
526 1374 553 1431 ἦ
571 1377 662 1431 χεὶρ
683 1381 765 1418 τῶν
789 1373 1033 1432 ἀλλοφύλων
1054 1374 1148 1417 κατ’
1173 1375 1302 1417 αὐτοῦ
1320 1372 1423 1430 ἤπερ
1447 1369 1472 1427 ἦ
1493 1371 1580 1428 χείρ
1599 1370 1718 1426 μου,”

177 1454 210 1491 D
234 1449 304 1489 καὶ
325 1446 498 1489 δέδωκεν
521 1446 633 1503 αὐτῷ
647 1444 822 1500 Μελχόλ
847 1444 920 1500 τὴν
938 1446 1150 1502 θυγατέρα
1172 1443 1299 1487 αὐτοῦ
1321 1445 1378 1494 εἷς
1396 1447 1582 1499 γυναῖκα.
1618 1443 1724 1483 ἀπο-

234 1517 338 1570 δρὰς
366 1516 410 1557 δὲ
429 1515 574 1570 Δαβὶὸ
602 1514 684 1558 ἀπὸ
716 1513 940 1573 προσώπου
961 1513 1102 1556 Σαοὺλ
1132 1514 1295 1569 ἀπῆλθε
1329 1512 1433 1570 πρὸς
1458 1510 1659 1566 Σαμουὴλ
1682 1511 1724 1552 ἓν

232 1583 344 1628 πόλει
362 1585 607 1642 Ἀρμαθαί’μ
618 1616 631 1635 ,
667 1586 734 1626 καὶ
757 1578 847 1642 εὗρε
864 1582 993 1641 χορὸν
1009 1587 1234 1641 προφητῶν
1249 1581 1354 1638 μετὰ
1373 1578 1587 1636 Σαμουήλ.
1657 1580 1724 1622 καὶ

234 1655 441 1698 ἀπέστειλε
464 1653 605 1696 Σαοὺλ
628 1653 739 1705 ἅπαξ
761 1655 830 1696 καὶ
855 1654 917 1703 δὶς
935 1654 1003 1695 καὶ
1026 1654 1114 1710 τρὶς
1132 1653 1328 1709 ἀγγέλους
1348 1651 1633 1705 συλλαβέσθαι
1655 1649 1742 1693 tovi

235 1724 399 1778 Δαβίδ·
435 1724 503 1765 καὶ
525 1721 850 1780 προφητεύοντες
871 1722 1065 1777 διέμενον.
1132 1723 1353 1776 θυμωθεὶς
1375 1721 1419 1764 δὲ
1438 1719 1578 1763 Σαοὺλ
1602 1719 1725 1769 αὐτὸς

237 1793 298 1837 δι’
337 1791 484 1835 ἑαυτοῦ
520 1791 727 1849 ἐπορεύθη
760 1793 1045 1846 συλλαβέσθαι
1074 1790 1219 1835 αὐτόν·
1268 1793 1335 1834 καὶ
1363 1791 1524 1845 ἐξέστη,
1574 1791 1641 1832 καὶ
1677 1784 1726 1844 ἦν

238 1860 509 1921 προφητεύων
527 1863 596 1905 καὶ
615 1861 752 1915 αὐτός,
779 1863 847 1905 καὶ
868 1860 1083 1913 ἕξεδύσατο
1104 1862 1155 1904 τὰ
1176 1860 1319 1917 ἱμάτια
1341 1861 1483 1913 αὐτοῦ,
1511 1860 1580 1902 καὶ
1600 1858 1726 1902 ἔκειτο

241 2040 323 2075 dum
347 2038 482 2074 domum
513 2049 609 2073 suam
642 2037 815 2084 adscivit,
851 2043 892 2074 ut
924 2038 1052 2074 fidibus
1086 2038 1226 2074 luderet
1256 2038 1489 2085 spiritumque
1521 2050 1543 2074 a
1571 2049 1641 2084 quo
1666 2049 1731 2073 rex

241 2087 441 2121 vexabatur
461 2085 641 2131 abigeret;
668 2085 730 2131 qni
754 2091 792 2120 et
814 2085 964 2120 recessit
988 2098 1008 2121 a
1031 2097 1131 2131 rege.
1181 2085 1331 2132 proinde
1349 2085 1525 2120 Davidum
1552 2097 1616 2120 rex
1640 2084 1731 2120 dile-

242 2133 296 2168 xit
329 2131 609 2178 armigerumque
638 2143 738 2167 suum
773 2132 970 2167 constituit.
1018 2134 1084 2168 sub
1119 2132 1213 2168 idem
1246 2138 1387 2179 tempus
1424 2132 1568 2168 barbari
1604 2131 1732 2167 bellum

240 2178 395 2214 Ebraeis
415 2179 600 2225 fecerunt,
624 2178 758 2224 magnis
785 2179 870 2214 freti
892 2179 1019 2225 copiis.
1068 2191 1137 2226 quo
1159 2180 1195 2214 in
1218 2179 1310 2214 bello
1339 2179 1500 2215 Davidus
1528 2179 1733 2215 Goliathum

242 2231 324 2261 octo
344 2226 453 2273 pedes
473 2225 599 2271 altum,
637 2237 746 2261 annos
772 2231 875 2262 natus
897 2226 960 2270 33,
986 2225 1157 2271 singulari
1182 2226 1317 2272 praelio
1342 2237 1553 2272 congressus
1573 2225 1733 2261 trucida-

242 2273 310 2308 vit.
360 2284 382 2308 a
404 2283 475 2319 qua
498 2271 651 2308 victoria
672 2271 847 2318 redeunti,
873 2284 950 2307 cum
974 2278 1200 2308 occurrentes
1224 2273 1387 2308 choream
1412 2275 1583 2308 ducentes
1608 2271 1733 2307 mulie-

240 2331 300 2354 res
325 2319 539 2355 cecinissent
561 2331 582 2354 a
607 2318 713 2354 Saulo
738 2318 856 2364 milia,
881 2331 903 2353 a
922 2319 1061 2355 Davido
1088 2320 1177 2354 dena
1201 2320 1296 2355 milia
1315 2331 1394 2355 esse
1417 2319 1578 2364 devicta,
1603 2318 1735 2354 invidit

244 2378 310 2401 rex
329 2365 468 2401 Davido
493 2365 563 2401 sibi
587 2377 629 2400 eo
654 2365 808 2400 carmine
831 2364 1012 2412 praelat03
1035 2365 1302 2413 exagitavitque
1325 2378 1402 2402 eum
1425 2367 1539 2402 denuo
1562 2365 1735 2411 malignus

245 2413 314 2448 deo
336 2411 546 2448 immittente
568 2411 728 2467 spiritus,
751 2424 793 2448 ac
816 2413 854 2447 in
878 2412 995 2448 medio
1018 2425 1104 2448 suae
1128 2413 1248 2448 domus
1270 2413 1485 2449 vaticinatus
1509 2417 1578 2448 est.
1617 2424 1735 2447 coram

245 2471 288 2494 eo
316 2459 475 2494 Davidus
506 2458 665 2514 quotidie
702 2458 831 2494 fidibus
866 2459 1009 2495 cecinit.
1056 2459 1183 2495 Saulus
1214 2465 1332 2495 autem
1362 2460 1466 2496 hasta
1497 2471 1600 2506 quam
1633 2470 1737 2494 manu

247 2507 410 2550 tenebat,
435 2506 611 2540 Davidum
634 2505 802 2540 traiicere
825 2505 955 2541 voluit:
989 2507 1053 2540 sed
1079 2506 1137 2541 hic
1162 2507 1332 2543 inclinato
1357 2518 1508 2553 corpore
1525 2506 1634 2541 ictum
1659 2505 1737 2540 evi-

246 2552 352 2596 tavit,
377 2558 414 2587 et
437 2552 539 2587 hasta
561 2551 692 2597 parieti
714 2552 824 2588 infixa
844 2557 912 2587 est.
960 2552 1015 2587 bis
1042 2553 1109 2588 hoc
1134 2554 1260 2589 Saulus
1281 2559 1338 2589 est
1356 2558 1518 2588 conatus.
1567 2552 1650 2588 inde
1675 2564 1736 2587 co-

247 2598 348 2644 gnito
383 2599 486 2634 deum
513 2598 652 2634 Davido
687 2599 832 2644 adesse,
865 2600 1043 2634 tribunum
1070 2599 1216 2636 militum
1250 2613 1329 2636 eum
1358 2599 1447 2635 fecit
1477 2600 1585 2646 inque
1608 2599 1737 2635 bellum

251 2644 388 2689 emisit,
424 2650 463 2679 ut
494 2644 641 2679 militiae
670 2652 896 2681 versaretur:
932 2646 1049 2681 aiebat
1077 2647 1167 2682 enim
1197 2647 1299 2682 malle
1331 2659 1371 2682 se
1405 2658 1483 2682 eum
1507 2647 1737 2681 barbarorum

248 2702 353 2737 quam
374 2691 448 2726 suis
471 2691 630 2726 manibus
651 2691 784 2737 perire.
832 2697 977 2738 nuptum
1001 2704 1142 2739 quoque
1167 2694 1199 2729 ei
1223 2694 1321 2729 dedit
1343 2692 1479 2729 Michol
1496 2693 1604 2729 filiam
1625 2704 1735 2728 suain.

250 2737 430 2773 enimvero
455 2738 615 2773 Davidus
642 2738 785 2773 Saulum
811 2740 952 2785 fugiens
979 2741 1023 2774 ad
1052 2740 1251 2776 Samuelum
1283 2741 1321 2776 in
1354 2742 1477 2776 urbem
1500 2740 1675 2775 Ramatha
1698 2751 1738 2774 se

251 2784 419 2829 contulit,
453 2784 575 2830 ibique
605 2795 682 2819 cum
707 2786 871 2822 Samuelo
903 2787 1045 2821 chorum
1078 2793 1196 2823 vatum
1219 2787 1394 2834 repperit.
1442 2786 1586 2822 tertium
1610 2786 1738 2821 Saulus

251 2842 295 2866 co
328 2830 423 2867 misit
455 2830 516 2876 qui
539 2831 714 2866 Davidum
746 2833 791 2867 ad
823 2845 863 2868 se
887 2834 1122 2869 abducerent:
1147 2847 1269 2869 verum
1301 2834 1328 2869 ii
1359 2833 1580 2871 vaticinandi
1608 2833 1739 2879 spiritu

252 2877 408 2924 correpti
425 2877 556 2912 ibidem
579 2884 794 2915 manserunt.
842 2891 912 2926 qua
933 2891 973 2915 re
993 2880 1045 2914 ira
1069 2881 1226 2925 percitus
1251 2880 1401 2926 Saulus,
1433 2892 1509 2916 cum
1534 2880 1613 2927 ipse
1641 2879 1737 2920 com-

251 2924 493 2971 prehendendi
515 2924 646 2961 Davidi
669 2937 775 2963 causa
800 2928 923 2964 eodem
949 2926 1119 2974 abiisset,
1143 2928 1265 2965 divino
1289 2927 1463 2964 instinctu
1485 2929 1635 2965 affectus
1659 2926 1738 2973 ipse
