1742 3184
188 164 256 214 40
515 207 537 218 ,,
675 164 916 212 GEORGn
941 161 1189 209 cunnum

139 289 170 326 B
192 281 386 341 μυσαρὰς
402 279 539 334 πάσας
555 282 727 341 μαγείας
747 282 815 326 καὶ
837 281 1067 339 μαγγανίας
1080 279 1239 330 ἐδίδαξε
1248 310 1262 331 ,
1303 280 1418 321 νικᾶν
1435 274 1533 329 τοὺς
1556 278 1681 319 πολε-

189 354 311 409 μιόυς
344 353 386 396 ἓν
417 350 577 404 τούτοις
606 356 856 411 παρεγγυῶν.
926 351 1061 395 τοίνυν
1093 351 1149 401 εἷς
1173 347 1333 405 ἡλικίαν
1361 346 1512 405 ἀνδρὸς
1543 346 1682 390 ἐλθὼν

191 420 331 482 φεύγει
360 422 457 474 τοὺς
486 422 601 474 υἱοὺς
621 423 749 467 Νίνου
778 426 852 465 τοῦ
877 422 995 464 θείου
1025 419 1154 464 αὐτοῦ
1162 451 1176 472 ,
1220 420 1288 462 καὶ
1315 417 1418 475 πρὸς
1440 417 1683 475 Ἀσσυρίους

189 491 365 550 ἔρχεται.
433 491 536 548 πρὸς
554 492 600 536 δὲ
620 489 792 548 Λιβύην
821 491 1074 546 διαβαίνοντι
1100 488 1312 548 παρθένος
1340 485 1442 546 κόρη
1468 485 1682 546 χωριτική,

192 561 527 620 ἅπηγριωμένους
562 561 712 619 ἔβςουσα
747 562 844 613 τοὺς
872 559 1123 619 ὀφθαλμοὺς
1154 560 1222 602 καὶ
1254 557 1330 609 τὰς
1359 559 1524 616 τρίχας,
1575 556 1716 640 κατιέὄ

191 631 414 690 πρόσωπον
433 637 627 693 συναντᾷ.
694 630 746 687 ἢν
777 633 845 676 καὶ
874 629 1029 686 στήσας
1053 629 1099 673 τὸ
1126 629 1254 684 αὐτῆς
1276 627 1408 683 ὄνομα
1429 626 1586 685 ἠρώτα.
1655 645 1681 683 η

194 702 238 745 δὲ
254 699 523 746 «Μέδουσα”
551 701 630 760 ἔφη
646 699 883 758 “λέγομαι.”
920 702 990 744 καὶ
1014 699 1160 743 αὐτίκα
1179 699 1253 754 τὴν
1272 697 1403 756 κάραν
1428 698 1556 754 αὐτῆς
1577 697 1684 745 ἄπο-

194 771 352 826 τέμνει·
396 773 465 814 καὶ
498 771 652 827 ταύτην
682 768 928 828 ταριχεύσας
953 769 1059 814 κατὰ
1089 770 1166 821 τὰς
1200 767 1404 827 ἀρρήτους
1433 770 1503 812 καὶ
1529 767 1686 825 μιαρᾶς

193 838 414 896 ὖποθήκας
436 840 540 892 Διὸς
556 845 631 884 τοῦ
651 842 825 899 πατέρος
849 840 999 893 αὖτοῦ,
1048 846 1138 891 ταῖς
1161 840 1281 897 χερσὶ
1311 842 1475 896 κρατῶν
1504 840 1686 889 καὶταΐς

194 912 383 967 μαγείαις
422 914 596 969 θαρρῶν
632 911 740 954 κατὰ
770 916 852 954 τῶν
883 911 1049 968 ἐχθρῶν
1083 907 1240 967 ἐχώρει.
1310 908 1500 967 Γοργόνα
1533 908 1578 951 δὲ
1611 907 1685 964 τὴν
1699 913 1742 952 10

143 985 174 1022 C
197 978 328 1037 κάραν
360 978 492 1024 ἐκάλει
516 982 586 1023 διὰ
616 980 662 1024 τὸ
692 986 765 1037 τῆς
783 982 967 1038 γοητείας
987 981 1141 1039 ένεργὲς
1162 981 1231 1023 καὶ
1250 977 1336 1032 ὀξύ.
1407 981 1565 1022 ἐκεῖθεν
1582 977 1688 1036 πρὸς

196 1050 428 1094 Αἰθιοπίαν
472 1050 623 1106 διαβὰς
655 1048 735 1094 ὕπὸ
775 1052 955 1109 Κηφέως
985 1048 1075 1094 τότε
1115 1049 1460 1106 βασιλευομένην,
1512 1050 1582 1092 καὶ
1613 1048 1687 1104 τὴν

198 1119 327 1163 αὐτοῦ
372 1120 585 1177 θυγατέρα
629 1119 926 1179 Ἀνδρομέδαν
966 1121 1220 1176 καλουμένην
1258 1122 1327 1171 καὶ
1369 1119 1519 1179 ἱέρειαν
1559 1114 1688 1163 οὖσαν

198 1186 410 1245 ἁρπάσας,
447 1191 690 1233 κατέπλευσε
724 1191 793 1233 διὰ
813 1193 966 1249 Συρίας
996 1191 1099 1248 πρὸς
1118 1191 1376 1233 Λυκαονίαν.
1448 1190 1486 1233 οἳ
1518 1190 1562 1232 δὲ
1586 1191 1689 1232 Λυ-

196 1256 338 1310 κάονες
376 1257 507 1317 τούτῳ
550 1260 860 1312 ἐναντιωθέντες
903 1265 954 1319 τῇ
990 1265 1066 1316 τῆς
1093 1259 1298 1318 Γοργόνος
1327 1257 1470 1318 πρώτῃ
1506 1260 1687 1320 βοηθείᾳ
1701 1266 1742 1304 15

197 1326 538 1384 κατενικήθησαν.
609 1330 694 1372 ἐκεῖ
709 1332 775 1372 καὶ
798 1328 915 1373 πόλιν
933 1331 1077 1382 κτίσας
1092 1332 1284 1388 Περσίδα
1303 1335 1360 1389 τῷ
1382 1331 1472 1388 ἰδίῳ
1499 1330 1690 1386 κέκληκεν

196 1396 380 1453 ὀνόματι.
452 1397 604 1454 στήλην
624 1400 668 1442 δὲ
689 1398 772 1450 ἔξω
798 1404 870 1455 τῆς
893 1398 1048 1451 πόλεως
1064 1399 1233 1456 στήσας,
1257 1402 1325 1443 καὶ
1349 1400 1395 1443 τὸ
1420 1398 1691 1455 ἀπεικόνισμα

198 1471 271 1522 τῆς
291 1465 496 1524 Γοργόνος
515 1470 690 1520 ἐπιθείς,
726 1467 914 1513 Εἷκόνιον
933 1468 1085 1525 ταύτην
1105 1469 1382 1525 ἐπωνόμασεν.
1453 1471 1609 1514 ἐκεῖθεν
1626 1472 1692 1513 ἐπὶ

194 1536 402 1595 ’Ῑσαυρίαν
423 1539 490 1579 καὶ
512 1539 703 1581 Κιλικίαν
723 1537 897 1594 διαβάς,
927 1539 1118 1596 χρησμὸν
1147 1540 1287 1594 λαβὼν
1318 1538 1380 1584 ὅτι
1411 1538 1516 1583 ἔνθα
1549 1541 1593 1584 ἔκ
1616 1544 1694 1584 τοῦ

198 1607 327 1648 ἵππου
351 1605 514 1661 ἀποβὰς
542 1607 612 1650 τὸν
638 1608 791 1666 ταρσὸν
817 1609 1028 1666 ὀδυνηθῇς
1050 1614 1123 1654 τοῦ
1149 1609 1296 1663 ποδός,
1331 1612 1446 1666 νίκην
1468 1608 1603 1669 λάβῃς
1623 1613 1691 1654 καὶ
1703 1619 1742 1655 Ξῦ

146 1685 178 1720 D
201 1673 322 1717 ,πόλιν
351 1674 646 1734 οῗκοδυμήσῃς,
691 1679 765 1733 τὴν
786 1679 953 1736 Ταρσὸν
983 1681 1103 1733 κτίζει
1134 1682 1201 1723 καὶ
1229 1681 1335 1723 κατὰ
1365 1685 1447 1724 τῶν
1466 1682 1694 1740 Ἀσσυρίων

201 1741 337 1805 ὁρμᾷ,
372 1743 543 1797 τούτους
573 1764 616 1790 τε
645 1746 815 1804 νικήσας
845 1750 914 1792 καὶ
947 1749 1018 1793 τὸν
1038 1749 1371 1808 Σαρδανάπαλον
1402 1753 1470 1794 καὶ
1497 1751 1593 1803 τοὺς
1620 1757 1693 1795 τοῦ

201 1814 342 1871 γένους
363 1814 489 1858 αὐτοῦ
511 1815 742 1869 ἀπεκτονὼς
763 1820 819 1870 εἷς
841 1819 956 1871 τέλος
981 1819 1132 1872 αὐτοὺς
1152 1818 1388 1864 enutriam.
1459 1824 1527 1864 καὶ
1543 1822 1695 1867 Ἀσσυ-

202 1885 300 1941 ρίων
328 1884 405 1940 τὴν
433 1887 645 1941 βασιλείαν
674 1887 925 1946 ἀφελόμενος
951 1890 1016 1933 ἐπὶ
1038 1896 1095 1950 τῷ
1119 1892 1208 1951 ἰδίῳ
1231 1890 1402 1948 ὀνόματι
1422 1893 1594 1948 Πέρσας
1616 1893 1694 1936 αὖ-

202 2004 272 2039 que
296 2005 415 2030 omnes
437 1995 696 2033 incantationes
722 2003 759 2034 et
781 2000 956 2035 veneficia
981 2001 1113 2048 docuit,
1138 2001 1261 2037 horum
1287 2015 1356 2049 ope
1379 2002 1564 2039 victoriam
1590 2004 1624 2039 ei
1648 1999 1693 2040 ab

201 2039 362 2076 hostibus
387 2045 635 2088 reportandam
659 2045 843 2091 pollicens.
892 2047 1015 2093 itaque
1049 2049 1107 2084 vir
1138 2050 1254 2084 factus
1277 2049 1432 2086 Perseus
1454 2051 1543 2087 Nini
1576 2052 1697 2098 patrui

202 2086 295 2122 filios
323 2088 464 2134 fugiens
490 2091 535 2126 ad
558 2091 726 2136 Assyrios
748 2094 861 2129 venit.
909 2094 994 2130 inde
1024 2096 1061 2130 in
1085 2096 1241 2131 Africam
1274 2098 1373 2132 eunti
1405 2097 1509 2144 virgo
1540 2099 1698 2136 occurrit

202 2133 382 2179 indigena,
420 2137 532 2172 oculis
553 2139 761 2185 capillisque
783 2141 884 2176 ferae
908 2141 1021 2178 instar
1038 2143 1202 2178 horrens.
1251 2155 1354 2190 quam
1379 2144 1459 2192 ipse
1481 2157 1559 2180 cum
1578 2146 1698 2182 subsi-

204 2185 301 2215 stere
322 2183 512 2228 coegisset,
536 2187 632 2231 quod
650 2192 781 2221 nomen
802 2194 945 2233 gereret
966 2189 1217 2236 interrogavit.
1269 2193 1453 2237 professae
1472 2205 1601 2228 nomen
1617 2194 1700 2230 Me·-

205 2227 314 2262 dusae
342 2230 463 2264 statim
495 2237 602 2278 caput
633 2234 853 2279 amputavit3
887 2235 1016 2282 idque,
1052 2243 1092 2272 ut
1121 2237 1289 2272 infandae
1311 2245 1419 2285 atque
1442 2240 1701 2277 abominandae

204 2273 302 2308 Iovis
327 2276 440 2320 patris
463 2280 733 2326 praeceptiones
757 2280 947 2328 iubebant,
983 2285 1160 2319 conditum
1189 2285 1345 2331 habens,
1380 2298 1543 2322 manuum
1566 2289 1701 2324 robore

206 2324 243 2354 et
262 2321 474 2366 magicarum
497 2325 624 2360 artium
647 2327 778 2364 fiducia
798 2329 925 2374 fretus,
952 2331 1140 2366 adversum
1163 2331 1283 2367 hostes
1307 2345 1389 2368 suos
1414 2335 1588 2379 perrexit.
1638 2348 1700 2371 ca-

206 2366 275 2412 piti
297 2380 422 2404 nornen
446 2371 627 2418 Gorgonis
649 2373 819 2420 imposuit
841 2377 886 2411 ob
907 2377 1157 2413 efficacitatem
1176 2385 1213 2414 et
1237 2379 1308 2415 vim
1331 2381 1512 2418 veneficii.
1560 2383 1644 2418 inde
1662 2382 1701 2418 in

206 2413 431 2460 Aethiopiam
454 2419 642 2465 transivit,
679 2432 783 2467 quam
811 2424 1084 2471 tuncwcepheus
1116 2438 1227 2471 reguo
1257 2429 1424 2472 tenebat3
1446 2429 1559 2471 ,cuius
1589 2430 1700 2466 filiam

207 2460 464 2518 Apdromedam
479 2467 712 2546 ‘pandemque
742 2471 963 2506 sacerdotem
998 2471 1140 2518 rapuit,
1174 2485 1216 2508 ac
1235 2486 1300 2519 per
1319 2475 1461 2521 Syriam
1485 2476 1531 2511 ad
1552 2476 1700 2521 Lycao-

209 2516 301 2541 mam
324 2520 490 2555 nav1gavl
510 2537 520 2548 .

236 2551 245 2560 ·
567 2514 756 2559 Lycaones
781 2528 859 2551 cum
882 2529 922 2552 se
945 2518 1080 2553 Perseo
1105 2521 1370 2567 opposuissent,
1416 2522 1530 2568 primo
1553 2525 1701 2569 Gorgo-

210 2562 266 2586 ms
289 2555 419 2590 auxilio
447 2558 579 2594 devicti
607 2566 702 2598 sunt.
749 2563 802 2597 ibi
834 2565 957 2600 urbem
981 2566 1136 2601 Perseus
1161 2568 1321 2604 condidit
1340 2581 1382 2603 ac
1402 2570 1447 2604 de
1471 2581 1535 2604 suo
1560 2572 1703 2607 nomine

208 2596 392 2636 Persidem
416 2605 621 2650 appellavit.
669 2613 771 2644 extra
794 2611 917 2646 urbem
941 2616 1094 2648 statuam
1118 2614 1260 2661 posuit,
1287 2620 1394 2662 atque
1418 2617 1463 2651 ab
1489 2629 1531 2651 eo
1555 2618 1703 2654 simula-

210 2656 271 2679 cro
297 2647 454 2684 Iconium
477 2653 685 2690 nominavit.
740 2657 825 2692 inde
854 2658 1027 2694 Isauriam
1053 2664 1090 2695 et
1112 2661 1274 2697 Ciliciam
1299 2675 1515 2709 peragrans,
1553 2671 1701 2712 accepto

213 2693 364 2749 oraculo·
387 2701 427 2750 ut
460 2709 528 2743 quo
553 2703 629 2735 loco
654 2703 699 2737 de
722 2715 813 2750 equo
837 2705 1054 2741 descendens
1077 2707 1114 2741 in
1137 2708 1257 2752 planta
1281 2709 1383 2756 pedis
1407 2710 1565 2747 dolorem
1588 2713 1703 2748 senti-

212 2743 269 2772 ret
278 2765 295 2794 ,·
314 2741 373 2795 lbi·
388 2745 572 2782 victoriam
595 2748 774 2785 obtineret
796 2756 903 2799 atque
927 2754 1049 2788 urbem
1073 2755 1300 2801 aedificaret,
1335 2756 1507 2803 Tarsum,
1544 2771 1566 2794 a
1583 2759 1705 2806 planta

211 2785 316 2839 pedls
339 2787 468 2824 dlctam
492 2794 625 2838 urbem,
653 2797 826 2833 condidit.
874 2811 917 2835 ac
935 2805 1059 2835 contra
1077 2801 1246 2848 Assyrios
1269 2804 1452 2849 profectus
1472 2817 1533 2841 eos
1551 2818 1706 2852 supera-

211 2836 287 2876 vit,
324 2833 638 2890 Sardanapaloque
669 2847 746 2877 cum
779 2857 844 2881 sua
879 2852 987 2893 gente
1015 2854 1141 2883 necato
1166 2849 1336 2894 Assyrios
1371 2863 1517 2897 prorsus
1551 2854 1707 2899 subegit,

210 2889 394 2928 regnoque
413 2894 459 2918 us
483 2886 660 2935 adempto,
690 2889 823 2928 Persas
846 2894 893 2930 de
919 2905 983 2930 suo
1009 2894 1150 2931 nomine
1173 2895 1392 2962 ‘’ppellavff'
1425 2898 1646 2948 regnumque
1669 2900 1709 2937 in
