1742 3184
179 184 280 234 492
660 188 899 233 GEORGII
927 186 1174 232 CEDRENI

180 305 340 345 πολλῶν
359 299 518 359 ἀνδρῶν
537 298 771 358 1ξλκόμενος,
810 300 1021 357 δεδεμένος
1038 298 1245 345 πάντοθεν
1261 302 1462 358 σχοινίοις,
1497 300 1649 360 ἄγριιῦ-
1699 346 1701 348 .

179 389 302 423 τατος
318 374 386 415 καὶ
406 373 534 428 μέγας
552 370 760 429 ὗπάρχων.
831 373 898 413 καὶ
920 369 941 414 ὃ
965 375 1169 428 Ζαμβρῆς
1187 371 1450 426 ἐπιτωθάζων
1471 377 1528 430 τῷ
1551 375 1650 414 Σιλ-

175 442 336 499 βέστρῳ
358 441 436 499 ἔφη
453 439 555 484 “viv
575 441 626 484 τὰ
647 439 810 497 ῥήματα
839 441 907 482 καὶ
940 441 983 483 αἳ
1011 439 1229 492 ὑποθέσεις
1253 445 1334 484 τῶν
1361 439 1554 500 ῥημάτων
1573 458 1649 484 σου

30 517 59 551 Ρ
83 518 152 554 281
177 511 292 562 τέλος
311 512 482 562 ἕξουσιν.
554 512 589 552 εἴ
611 510 685 563 μὲν
718 504 789 550 οὖν
818 514 991 567 θαρρεῖς
1019 511 1074 561 εἲς
1095 510 1142 553 τὸ
1168 509 1298 566 ὄνομα
1326 507 1399 554 τσῦ
1428 514 1533 554 θεοῦ
1559 527 1649 562 σου,

178 581 262 623 εῗπὲ
280 585 399 623 τοῦτο
422 579 527 623 κατὰ
547 579 619 634 τὴν
641 578 768 634 ἀκοὴν
790 583 863 621 τοῦ
889 577 1066 636 ταύρου,
1101 579 1168 622 καὶ
1191 577 1392 637 δειχθήσῃ
1415 577 1646 637 παντοκρά-
1661 587 1682 623 5

176 667 266 706 τορι
288 647 552 707 θρησκεύων·
590 649 624 690 εἲ
654 648 695 690 δ’
729 642 813 699 οὖν,
850 648 950 699 λέξω
972 646 1071 704 ἐγώ,
1108 651 1175 691 καὶ
1193 647 1340 700 πάντες
1358 654 1407 706 τῇ
1426 650 1503 706 ἐμῇ
1521 666 1651 706 προσ-

175 721 381 777 δραμοῦσι
401 717 574 760 utone?
646 721 728 760 τῶν
756 717 801 759 δὲ
825 717 1047 761 Ἰουδαίων
1073 719 1140 760 καὶ
1166 722 1248 761 τῶν
1276 717 1411 761 ἄλλων
1433 735 1651 775 παρορμη-

176 787 336 832 σάντων
361 790 481 830 εῗπεῖν
506 786 577 829 τὸν
595 789 800 844 Ζαμβρῆν
821 787 868 829 τὸ
893 786 1022 842 ὄνομα
1043 785 1122 830 ὑπὸ
1145 787 1219 843 τὴν
1240 788 1367 843 ἀκοὴν
1387 793 1460 831 τοῦ
1481 786 1649 845 ταύρου,

176 861 246 900 καὶ
278 855 425 899 τούτου
458 855 663 907 εἶπόντος,
714 855 841 906 εὐθὺς
877 855 898 898 ὃ
936 860 1087 914 ταῦρος
1116 855 1400 912 μυκησάμενος
1433 857 1536 912 μέγα
1569 860 1652 899 τῶν

177 926 413 984 ὀφθαλμῶν
433 925 558 968 αὐτοῦ
579 923 829 976 ἐξελθόντων
846 925 1052 980 ἐξέψυξεν.
1122 925 1455 984 ἄνασκιρτώντων
1477 920 1548 968 οὖν
1569 931 1651 968 τῶν
1665 929 1708 966 10

172 995 389 1038 Ἰουδαίων
420 997 488 1037 καὶ
515 993 881 1050 μεγαλαυχούντων
911 995 1016 1038 κατὰ
1037 996 1313 1053 Σιλβέστρου,
1350 998 1416 1038 καὶ
1439 1000 1520 1037 τῶν
1541 998 1591 1036 X
1617 1014 1646 1036 ι-

175 1069 350 1108 στιανῶν
370 1065 632 1118 λυπουμένων
653 1061 838 1121 σφόδρα,
874 1069 1058 1107 κελεῦσαι
1085 1069 1142 1122 τῷ
1165 1069 1253 1123 λαῷ
1279 1063 1483 1120 ἧσυχάσαι
1514 1081 1651 1121 παρα-

177 1139 298 1177 καλεῖ
322 1132 342 1176 ὃ
367 1136 614 1191 Σίλβεστρος
642 1133 713 1176 τὸν
738 1135 926 1187 βασιλέα.
995 1135 1064 1175 καὶ
1085 1132 1231 1176 τούτου
1255 1134 1469 1190 γενομένου
1491 1135 1558 1175 καὶ
1580 1132 1651 1191 ἐφ’

121 1215 151 1249 Β
176 1202 343 1260 ὑψηλοῦ
372 1201 499 1246 τόπου
531 1203 630 1252 στὰς
657 1201 678 1244 ὃ
706 1200 909 1259 μακάριος
933 1204 1177 1259 Σίλβεστρος
1208 1203 1286 1260 ἔφη
1305 1201 1541 1245 ιεἀκούσατέ
1556 1219 1652 1257 μου,

176 1273 370 1331 ἄρχοντες
391 1275 459 1315 καὶ
480 1270 697 1323 δυνάσται,
735 1273 802 1314 καὶ
826 1271 1076 1315 ἐνωτίσασθε
1105 1275 1197 1320 λαοὶ
1223 1271 1397 1323 ἅπαντες
1419 1272 1469 1315 τὰ
1490 1270 1651 1330 ῥήματά
1666 1278 1708 1314 15

175 1360 272 1398 μου.
343 1341 420 1398 ἐγὼ
443 1342 514 1385 τὸν
543 1339 742 1396 δεσπότην
767 1343 835 1383 καὶ
861 1340 1001 1398 κύριον
1033 1342 1187 1392 παντὸς
1214 1346 1288 1384 τοῦ
1314 1340 1470 1396 κόσμου
1486 1342 1654 1396 Ἵὲησοῦν

210 1412 360 1470 ’ριστὸν
389 1409 589 1468 κηρύττω,
634 1410 705 1453 τὸν
729 1408 994 1468 παρασχόντα
1020 1415 1191 1467 τυφλοῖς
1217 1409 1446 1465 ἀνάβλεψιν
1475 1412 1543 1453 καὶ
1571 1428 1653 1453 κω·-

174 1489 270 1540 φοῖς
288 1478 461 1532 ἀκούειν,
477 1479 645 1530 άλάλοις
661 1479 939 1537 χαρισάμενον
960 1483 1108 1531 λαλεῖν,
1117 1488 1259 1537 χεῖρας
1277 1481 1404 1538 ξηρὰς
1422 1479 1654 1534 ἰασάμενον,

172 1555 318 1601 κωλοΐς
355 1551 462 1593 ἴασιν
495 1548 800 1607 δωρησάμενον,
837 1549 1011 1607 λεπροὺς
1038 1551 1349 1607 καθαρίσαντα,
1394 1548 1655 1608 παραλύτους

171 1622 398 1677 σφίγξαντα
420 1621 487 1661 καὶ
516 1619 681 1675 νεκροὺς
698 1620 921 1675 ἐγείραντα.
956 1618 1056 1661 ὅθεν
1082 1624 1269 1676 φανερῶς
1292 1619 1575 1662 ἀποδείκνυται
1592 1617 1652 1661 ὅτι
1665 1626 1711 1661 20

172 1694 294 1732 τοῦτο
310 1690 355 1731 τὸ
371 1687 500 1743 ὄνομα
516 1687 538 1727 ὃ
548 1688 815 1729 ἐπεκαλέσατο
830 1686 850 1729 ὃ
864 1692 1070 1744 Ζαμβρῆς
1080 1693 1155 1731 τοῦ
1165 1690 1395 1731 ἀποκτεῖναι
1408 1688 1477 1731 τὸν
1486 1693 1653 1741 ταῦρον,

173 1763 247 1800 τοῦ
261 1755 459 1811 διαβόλου
475 1758 594 1799 ἐστίν.
617 1758 650 1798 εἴ
662 1757 741 1813 γὰρ
754 1755 939 1799 θανόντα
952 1757 1177 1812 ἀναστῆσαι
1193 1758 1240 1800 οὗ
1258 1756 1439 1809 δύναται,
1454 1757 1560 1800 ἔστιν
1574 1757 1656 1813 ἄρα

153 1854 155 1856 »
175 1829 282 1881 ζωῆς
295 1829 361 1868 καὶ
381 1827 584 1883 σωτηρίας
602 1824 789 1880 ἐχθρὸς-ὁ
807 1827 936 1877 ζῶντα
955 1826 1028 1880 μὲν
1043 1826 1274 1869 ἀποκτεῖναι
1291 1828 1496 1881 δυνηθείς,
1514 1826 1656 1883 νεκρὸν

121 1904 152 1939 C
178 1897 222 1938 δὲ
237 1898 483 1956 ζιέιοποιῆσαι
504 1894 563 1950 μὴ
586 1891 775 1948 ἴσχύιυν.”
813 1892 904 1938 τότε
922 1892 1158 1954 ὃΖαμβρῆς
1179 1895 1401 1954 διαρρήξας
1421 1895 1490 1940 τὸν
1509 1895 1656 1938 ἑαυτοῦ

178 2054 421 2095 attraxerunt,
462 2049 675 2085 ferissimum
718 2062 759 2085 ac
798 2050 1067 2096 praegrandem.
1114 2050 1168 2086 ibi
1201 2051 1411 2087 Silvestrum
1441 2053 1660 2086 subsannans

180 2099 372 2142 Zambres,
397 2109 509 2141 nunc,
537 2097 606 2141 ait,
628 2097 751 2132 verbis
773 2096 843 2131 tuis
868 2109 1058 2143 eorumque
1079 2098 1294 2143 argumentis
1316 2099 1398 2133 finis
1421 2099 1579 2133 advenit.
1628 2097 1660 2132 si

179 2146 329 2179 confidis
353 2145 389 2178 in
416 2144 556 2178 nomine
580 2143 638 2178 dei
661 2143 734 2188 tui,
765 2145 955 2189 pronuntia
978 2145 1150 2189 agendum
1174 2145 1211 2179 id
1235 2146 1277 2179 ad
1301 2157 1403 2179 aures
1424 2145 1518 2180 tauri
1543 2144 1660 2189 huius,

178 2196 286 2236 atque
310 2191 361 2225 ita
383 2191 570 2225 veritatem
589 2195 672 2224 tuae
689 2189 872 2235 religionis
891 2190 1094 2236 imperatori
1116 2192 1243 2236 proba.
1269 2191 1325 2225 ‘sin
1348 2203 1447 2235 vero,
1471 2191 1550 2236 ipse
1573 2203 1658 2236 pro—

178 2237 373 2279 nuntiab03
409 2248 598 2282 omnesque
628 2237 747 2271 statim
782 2237 826 2270 ad
862 2248 915 2271 me
947 2244 1134 2272 accurrent
1159 2239 1335 2283 fidemque
1358 2237 1443 2272 mihi
1466 2238 1660 2272 habebunt.

176 2290 214 2319 et
237 2285 427 2328 Zambres,
461 2283 603 2317 Iudaeis
627 2295 669 2317 ac
697 2283 844 2328 reliquis
873 2283 1160 2329 exhortantibus,
1199 2297 1324 2318 nomen
1355 2285 1399 2318 ad
1431 2295 1535 2319 aures
1565 2283 1658 2318 tauri

175 2331 343 2376 protulit3
368 2336 474 2377 atque
491 2329 584 2363 illico
608 2334 730 2364 taurus
753 2341 878 2374 magno
902 2331 1038 2375 mugitu
1060 2331 1169 2375 edito,
1195 2331 1305 2364 oculis
1331 2331 1426 2364 elisis
1448 2330 1658 2377 exspiravit.

174 2377 235 2412 hic
262 2377 402 2412 Iudaeis
428 2375 686 2411 exsultantibus
713 2388 755 2410 ac
777 2382 900 2410 contra
925 2377 1136 2411 Silvestrum
1161 2377 1268 2411 multa
1288 2377 1523 2419 iactantibus,
1551 2376 1658 2410 Chri-

174 2424 300 2458 stianis
325 2429 440 2458 autem
466 2423 568 2468 gravi
595 2422 717 2457 dolore
741 2423 879 2464 oborto,
913 2423 1087 2458 Silvester
1109 2424 1356 2469 imperatorem
1380 2422 1524 2468 rogavit
1547 2428 1585 2456 ut
1608 2422 1658 2456 si-

175 2470 320 2504 lent-ium
344 2471 470 2504 turbae
492 2470 698 2515 imperaret.
746 2480 815 2514 quo
846 2469 943 2503 facto
978 2470 1057 2516 ipse
1093 2470 1231 2504 sublimi
1262 2476 1358 2504 stans
1391 2469 1490 2513 loco,
1525 2469 1658 2513 audite,

174 2515 307 2561 inquit,
343 2528 510 2562 proceres
544 2522 650 2561 atque
677 2515 874 2562 principes,
912 2517 1104 2563 populique
1131 2528 1250 2551 omnes
1278 2517 1387 2551 verba
1410 2527 1487 2550 mea
1513 2515 1658 2550 attentis

175 2562 352 2607 percipite
385 2563 543 2597 auribus.
592 2562 759 2608 praedico
795 2561 969 2597 dominum
1000 2563 1158 2597 universi
1182 2563 1301 2597 mundi
1325 2563 1440 2596 Iesum
1465 2561 1658 2605 Christum,

175 2608 237 2652 qui
262 2609 377 2643 caecis
401 2609 514 2643 visum
529 2635 538 2652 ‚
564 2608 681 2643 surdis
707 2608 884 2653 auditum,
909 2609 1013 2644 mutis
1038 2609 1211 2655 loquelam
1235 2608 1404 2654 restituit,
1440 2619 1559 2642 manus
1585 2607 1658 2641 ari-

175 2654 240 2688 das
264 2655 415 2699 sanavit,
440 2654 581 2689 claudos
606 2655 645 2689 in
669 2654 843 2700 integrum
867 2656 1029 2701 reposuit
1050 2661 1191 2701 statum,
1215 2656 1375 2700 leprosos
1401 2653 1578 2701 purgavit,
1603 2653 1658 2687 lu·-

176 2705 278 2734 xatos
304 2706 400 2735 artus
423 2701 597 2744 firmavit,
635 2707 791 2736 mortuos
817 2701 854 2735 in
877 2703 984 2736 vitam
1010 2702 1166 2737 reduxit.
1214 2702 1307 2736 unde
1340 2701 1473 2747 liquido
1506 2706 1562 2735 est
1593 2701 1657 2734 de-

177 2751 404 2780 monstratum
430 2760 554 2782 nomen
578 2747 677 2793 illud,
706 2748 800 2793 quod
824 2749 869 2783 ad
894 2749 1086 2783 necandum
1110 2755 1248 2783 taurum
1272 2748 1442 2782 Zambres
1464 2747 1659 2791 invocavit,

178 2792 310 2826 diaboli
333 2804 426 2826 esse.
473 2794 505 2827 si
529 2795 620 2828 euim
644 2800 780 2829 mortuo
805 2794 914 2829 vitam
936 2796 1088 2830 reddere
1110 2807 1180 2829 non
1202 2800 1333 2840 potest,
1357 2794 1479 2839 utique
1506 2793 1602 2828 vitae
1624 2798 1660 2827 et

180 2838 302 2872 salutis
323 2838 434 2872 hostis
458 2845 531 2883 est,
567 2841 628 2885 qui
653 2840 771 2875 vivum
797 2853 943 2886 necare,
975 2847 1147 2876 mortuum
1172 2846 1286 2875 antem
1312 2840 1498 2874 vivificare
1522 2839 1658 2884 nequit.

180 2889 253 2919 tum
276 2884 443 2919 Zambres
466 2885 619 2922 tunicam
641 2898 739 2922 suam
764 2887 996 2935 disrumpens,
1021 2888 1164 2934 optime,
1188 2886 1315 2932 inquit,
1340 2887 1532 2933 imperator
1553 2892 1660 2931 atque
