1742 3184
187 195 287 244 288
671 176 912 242 eubaea
938 175 1184 239 CEDRENI

186 330 263 365 κας
293 307 492 372 ε’κβράσαι
523 312 592 355 καὶ
626 310 668 355 ἓν
700 308 865 364 ὀδύναις
900 310 1108 367 μεγίσταις
1140 307 1401 354 καταπίπτειν
1433 307 1560 353 ἁῦτοῧ
1591 309 1668 360 τὰς

186 379 356 441 σάρκας.
423 384 490 426 καὶ
533 380 664 433 οὕτως
704 382 920 441 αἶσχίστῳΔ
939 377 1057 440 μόρῳ
1093 377 1166 423 τὸν
1194 380 1287 434 βίον
1315 379 1379 422 ἐπὶ
1405 379 1521 436 ξένης
1546 380 1667 423 κατέ-

185 465 354 511 στρεψε.

259 521 261 523 ’
317 520 446 565 Μετὰ
478 519 536 562 ’δὲ
573 517 794 572 Ἀντίοχον
832 516 1091 572 ἐβασίλευσεν
1125 515 1347 571 Ἀντίοχος
1386 513 1408 559 ὅ
1443 514 1683 575 Εὖπάτωρ,«

155 590 270 642 ὐἱὸς
309 590 458 642 αὐτοῦ,
492 588 578 646 ’ἐφ’
620 581 670 631 οὗ
708 585 868 638 Ἰούδας
899 585 920 630 ὅ
954 589 1236 641 Μακκαβαῖος
1269 585 1365 636 τοὺς
1396 585 1699 644 φρουράρχας5

178 658 405 716 Ἀντιόχου
435 655 750 716 τροπωσάμενος
777 656 962 700 ἐπελθεῖν
993 656 1095 699 καθ’
1131 654 1259 699 αὗτοῦ
1286 655 1509 711 Ἀντίοχον
1538 674 1667 714 παρε-

130 739 162 774 C
186 727 357 773 σκεύασε
388 728 493 783 μετὰ
514 724 716 783 χιλιάδων
745 726 895 769 ἱππέων
918 726 1043 769 εἷ’κοσι
1066 726 1135 768 καὶ
1156 726 1285 778 πεζῶν
1303 723 1502 780 χιλιάδων
1523 723 1667 768 ἑκατὸν

182 801 250 842 καὶ
281 796 476 857 ἁρμάτων
504 797 745 854 τριακοσίων
771 797 840 838 καὶ
866 793 1095 853 ἐλεφάντων
1120 792 1175 838 νε’
1206 795 1542 852 γεγυμνασμένων
1563 795 1668 851 πρὸς

139 875 142 878 ’
181 867 373 923 πόλεμον.
443 864 488 917 ὃς
518 868 585 908 καὶ
611 865 754 908 διελὼν
773 865 869 916 τοὺς
891 866 1115 924 ἐλέφαντας
1134 865 1190 915 εἷς
1210 864 1285 915 τὰς
1306 862 1521 921 φάλαγγας
1538 865 1667 922 παρέ-

181 954 327 994 στησεν
358 934 515 994 ἑκάστῳ
540 936 728 993 ἐλέφαντι
753 933 909 992 ἄνδρας
925 935 1083 989 χιλίους
1102 933 1482 991 τεθωρακισμένους
1504 935 1545 976 ἐν
1564 931 1666 976 ἆλυ-
1678 938 1723 972 10

182 1009 411 1058 σειδωτοῖς,
446 1006 515 1048 καὶ
533 1008 844 1063 περικεφαλαῖαι
858 1008 1018 1059 χαλκαῖ
1028 1004 1092 1046 ἐπὶ
1108 1003 1183 1054 τὰς
1201 1003 1386 1061 κεφαλὰς
1404 1002 1562 1055 αὐτῶν,
1598 1005 1666 1045 καὶ

182 1077 315 1127 ἱππεῖς
333 1076 508 1119 ἐκλεκτοὶ
525 1072 779 1118 πεντακόσιοι
797 1073 1099 1130 διατεταγμένοι
1116 1071 1274 1130 ἑκάστῳ
1289 1073 1448 1131 θηρίῳ,
1476 1074 1541 1115 καὶ
1561 1071 1667 1130 πύρ-

181 1163 245 1203 γοι
275 1145 427 1197 ’ξύλινοι
453 1144 523 1202 ἔφ’
557 1141 714 1202 ἑκάστῳ
735 1144 873 1202 θηρίῳ
895 1143 965 1185 διὰ
986 1146 1196 1199 μηχανῆς,
1225 1143 1293 1185 καὶ
1316 1142 1384 1198 ἐφ’
1411 1139 1569 1200 ἑκάστῳ
1593 1141 1667 1184 ἄν-

183 1218 277 1272 δρες
298 1213 508 1269 δυνάμεως
529 1212 690 1256 ἔνοπλοι
711 1211 1019 1270 τριακονταδύο.
1088 1210 1144 1263 ὥς
1166 1211 1210 1254 δὲ
1231 1211 1485 1266 κατέλαμπεν
1510 1209 1530 1253 ὃ
1552 1210 1668 1266 ἣλιος

183 1285 247 1327 ἐπὶ
274 1285 350 1335 τὰς
372 1287 534 1342 χρυσᾶς
563 1283 736 1333 ἀσπίδας
757 1284 824 1325 καὶ
844 1282 896 1325 τὰ
915 1281 1104 1340 ἅρματα,
1140 1279 1297 1334 ἔστιλβε
1315 1280 1368 1323 τὰ
1391 1278 1467 1339 ὅρη
1491 1279 1565 1323 ἀπ’
1590 1281 1666 1324 αὗὲ
1679 1282 1723 1318 15

181 1359 284 1397 τῶν·
315 1348 366 1410 ἦν
381 1354 459 1410 γὰρ
481 1350 507 1408 ἦ
528 1352 768 1409 παρεμβολὴ
787 1349 942 1408 μεγάλη
966 1353 1031 1394 καὶ
1057 1350 1205 1409 ῗσχυρὰ
1224 1351 1328 1392 λίαν.
1398 1351 1467 1392 καὶ
1493 1347 1548 1400 ὥς
1575 1350 1667 1392 ἔπε’-

124 1431 157 1467 D
181 1441 304 1467 τεινεν
329 1421 356 1479 ἦ
389 1420 527 1478 μάχη,
554 1420 815 1476 θεασάμενος
838 1419 1032 1479 Ἐλεάζαρ
1064 1418 1085 1463 ὅ
1120 1419 1300 1477 ἀδελφὸς
1317 1416 1455 1462 Ἰούδα
1477 1436 1667 1477 πεπυρω-

176 1494 323 1549 μένους
348 1492 445 1543 τοὺς
469 1491 692 1550 ἐλέφαντας
722 1492 791 1534 καὶ
820 1489 989 1542 τοξότας
1019 1490 1085 1533 ἐπ’
1120 1483 1254 1533 αὐτῶν
1285 1489 1558 1547 φερομένους,
1595 1489 1666 1530 ἕνα

179 1564 221 1605 δ’
259 1563 359 1605 ἰδὼν
389 1559 649 1618 ὑψηλότερον
678 1564 760 1604 τῶν
791 1559 926 1603 ἄλλων
959 1561 1025 1602 καὶ
1056 1563 1285 1613 βασιλικοῖς
1319 1556 1482 1615 θώραξι
1519 1561 1664 1600 καθω-

176 1632 416 1686 πλισμένον,
451 1632 518 1674 καὶ
547 1630 719 1683 νομίσας
745 1629 812 1672 ἐπ’
843 1628 968 1672 αὐτὸν
998 1628 1201 1687 φέρεσθαι
1224 1627 1295 1670 τὸν
1314 1627 1511 1681 βασιλέα,
1541 1627 1723 1682 {amq-20

179 1700 310 1756 δήσας
327 1703 412 1755 ’τῆς
440 1696 704 1756 παρατάξεως
728 1698 964 1753 ἐμπλέκεται
987 1701 1045 1755 τῷ
1069 1701 1150 1740 τῶν
1173 1697 1375 1751 πολεμίων
1397 1697 1666 1753 ἀθροίσματι,

178 1772 246 1813 καὶ
268 1769 445 1820 πολλοὺς
468 1768 705 1818 ἀποκτείνας
722 1772 804 1810 τῶν
821 1769 911 1825 περὶ
931 1766 1001 1810 τὸν
1023 1766 1225 1824 ἐλέφαντα
1248 1764 1518 1809 ὑποκάτωθεν
1538 1766 1667 1809 αὐτοῦ

177 1838 306 1882 ὗπέδυ
316 1871 330 1891 ,
365 1840 433 1880 καὶ
452 1835 637 1888 πατάξας
656 1838 712 1887 εἷς
729 1836 802 1892 τὴν
822 1836 999 1894 γαστέρα
1021 1836 1092 1879 τὸν
1115 1835 1316 1893 ἐλέφαντα
1336 1835 1573 1877 ἐπικαθίσαι
1596 1836 1665 1878 καὶ

179 1914 404 1966 συντρῖψαι
432 1906 556 1950 αὐτὸν
582 1906 629 1951 τὸ
654 1907 805 1962 θηρίον
836 1906 1032 1960 ἐποίησεν.
1102 1903 1201 1959 ὅπερ
1221 1903 1382 1958 Ἰούδας
1407 1903 1667 1958 θεασάμενος

180 1979 250 2022 καὶ
281 1974 569 2036 κραταιότιρον
596 1974 667 2020 τὸν
693 1974 870 2031 πόλεμον
893 1973 1142 2030 αἰσθόμενος
1165 1976 1220 2025 εἷς
1240 1972 1506 2032 Ἰερουσαλὴμ
1528 1973 1721 2032 {ways-25

183 2167 324 2203 quoque
354 2157 596 2202 erumperent,
631 2152 920 2200 grafissimisque
951 2151 1130 2188 doloribus
1161 2162 1286 2187 carnes
1317 2151 1424 2187 etiam
1447 2150 1668 2189 deciderent.

180 2203 233 2239 ita
255 2203 314 2237 ille
336 2202 448 2238 vitam
470 2202 508 2237 in
531 2201 647 2236 aliena
669 2205 767 2236 terra
790 2199 866 2245 cu‘m
889 2198 1094 2244 turpissima
1113 2203 1226 2235 morte
1243 2198 1482 2234 commutavit·
1592 2199 1599 2208 ¹

274 2249 458 2284 Successit
494 2248 587 2283 filius
622 2247 818 2282 Antiochus
850 2247 1025 2292 Eupator.
1074 2245 1132 2280 hic
1164 2246 1335 2280 adversus
1368 2245 1490 2280 Iudam
1522 2244 1668 2282 Macca-
1690 2247 1698 2252 '

181 2296 331 2346 haeum,
389 2296 460 2330 uod
493 2295 525 2329 is
556 2293 659 2340 regia
689 2292 868 2340 praesidia
893 2293 1103 2337 deiecisset,
1137 2292 1315 2337 ingentem
1338 2289 1440 2326 duxit
1462 2291 1666 2338 exercitum,

180 2341 310 2388 viginti
332 2342 378 2377 mi
393 2342 429 2376 ia
451 2341 625 2388 equitum,
650 2340 790 2387 pedites
811 2341 966 2384 100000,
989 2349 1112 2373 currus
1134 2340 1223 2383 300,
1246 2338 1300 2372 ele
1327 2337 1452 2373 hantos
1474 2338 1518 2373 ad
1539 2338 1667 2374 bellum

182 2389 398 2424 exercitatos
422 2387 481 2424 55.
540 2387 650 2423 aciem
683 2387 735 2422 ita
764 2385 933 2421 instruxit
961 2390 1000 2420 ut
1026 2385 1153 2420 divisis
1176 2385 1215 2419 in
1242 2350 1435 2431 ph'ssanges
1469 2384 1667 2430 elephantis

181 2434 296 2471 cuivis
322 2437 412 2470 1000
435 2434 532 2470 viros
563 2433 683 2469 loricis
710 2438 747 2468 et
770 2431 965 2469 cassidibus
990 2432 1105 2467 aereis
1130 2435 1282 2467 armatos
1306 2430 1514 2475 adiungeret
1536 2442 1578 2465 ac
1598 2432 1668 2466 500

180 2481 337 2516 delectos
362 2481 522 2526 equites:
558 2480 724 2527 gestabat
753 2478 870 2525 quivis
906 2478 1112 2524 elephantus
1137 2476 1263 2513 turriin
1285 2476 1458 2522 ligneam,
1490 2476 1598 2522 inque
1622 2489 1667 2512 ea

181 2533 334 2563 armatos
356 2527 454 2562 viros
476 2528 535 2564 32.
585 2539 662 2562 cum
684 2525 768 2561 solis
795 2524 887 2560 radii
910 2524 949 2560 in
972 2530 1095 2560 aurata
1119 2529 1219 2559 scuta
1242 2527 1279 2558 et
1302 2533 1424 2558 currus
1445 2522 1668 2568 incidissent,

181 2585 301 2608 eorum
325 2574 461 2608 reflexu
484 2579 620 2610 montes
644 2572 909 2619 splenduerunt.
957 2583 1039 2606 acre
1066 2576 1138 2606 tum
1171 2574 1208 2605 et
1238 2580 1399 2614 magnum
1422 2574 1478 2604 est
1504 2570 1665 2606 commis-

179 2631 255 2655 sum
289 2620 468 2664 praelium.
539 2621 634 2666 quod
666 2631 742 2655 cum
778 2618 926 2654 maxime
954 2618 1130 2662 ferveret,
1171 2616 1366 2652 Eleazarus
1405 2615 1519 2651 frater
1551 2617 1665 2652 Iudae

181 2676 329 2699 cerneus
353 2667 479 2702 ardere
499 2665 705 2713 elephantos
731 2676 907 2712 supraque
932 2676 992 2699 eos
1015 2663 1242 2709 sagittarios,
1270 2673 1375 2697 unum
1393 2673 1513 2698 eorum
1538 2662 1665 2698 videns

181 2711 328 2756 reliquis
349 2712 584 2748 sublimiorem
610 2725 651 2748 ao
674 2712 877 2748 thoracibus
898 2710 1007 2755 regiis
1033 2714 1222 2754 armatum,
1259 2713 1295 2743 et
1315 2709 1512 2754 suspicatus
1536 2720 1578 2743 eo
1602 2721 1664 2744 re-

183 2769 262 2802 gem
283 2757 391 2801 ferri,
414 2764 513 2794 extra
533 2759 675 2794 ordines
699 2770 780 2795 sese
803 2756 1000 2804 proripuit,
1024 2757 1132 2802 inque
1155 2766 1300 2796 cuneum
1318 2753 1471 2791 hostium
1493 2766 1573 2790 sese
1595 2755 1663 2790 im·-

181 2802 345 2847 mittens,
369 2804 484 2839 multis
513 2806 608 2840 circa
632 2805 854 2851 elephantum
873 2803 999 2838 occisis
1018 2803 1165 2838 belluam
1187 2801 1315 2845 subiit,
1339 2806 1567 2848 ventremque
1585 2801 1662 2836 eius
1691 2814 1698 2821 ·

181 2848 302 2891 feriit3
326 2859 394 2894 quo
420 2862 463 2884 ex
484 2851 628 2887 vulnere
650 2852 766 2887 bellua
790 2850 962 2895 concidit,
986 2849 1170 2895 ipsumque
1191 2847 1294 2882 ruina
1318 2847 1508 2894 oppressit.
1554 2847 1662 2882 Iudas

183 2906 262 2932 cum
284 2895 350 2932 hoc
373 2895 514 2934 videret
543 2903 580 2933 et
605 2910 757 2947 pugnam
786 2897 856 2935 sibi
885 2896 1041 2944 iniquam
1068 2907 1148 2933 esse
1179 2894 1349 2940 sentiret,
1378 2892 1662 2941 Hierosolymam
