1742 3184
359 161 760 208 HISTORIARUM
794 162 1125 207 COMPENDIU
1126 163 1186 207 M.
1422 164 1518 211 155

42 281 118 323 τοῦ
139 281 269 334 Ναυῆ
291 278 481 335 πεποίηκε
505 279 580 330 τὰς
600 277 703 336 πρὸς
727 279 824 331 τοὺς
850 279 1119 334 Γαβαωνίτας
1143 276 1380 335 συνθήκας,
1410 280 1518 323 ἐκοι-

42 346 195 403 νώνησε
213 348 259 391 δὲ
276 353 356 392 τῶν
375 347 507 405 ὅρκων
527 350 595 391 καὶ
612 346 804 406 Ἐλεάζαρ
828 346 848 392 ὃ
869 347 1090 406 ἀρχιερεύς.
1161 348 1241 391 ἔδει
1269 350 1404 392 τοίνυν
1422 350 1519 401 τούς

45 416 268 474 ἀπογόνους
287 422 368 461 τῶν
386 417 660 473 ὀμωμοκότων
681 419 739 473 μὴ
762 423 997 476 παραβῆναι
1018 418 1090 461 τὸν
1106 417 1240 475 ὅρκον.
1309 420 1410 476 φησὶ
1437 419 1517 477 γὰρ

43 486 146 544 πρὸς
177 487 325 538 αὐτοὺς
347 488 504 543 Ἰησοῦς
532 488 636 543 μετὰ
665 487 739 543 τὴν
769 489 998 546 φανέρωσιν
1019 492 1094 543 τῆς
1111 489 1361 546 πανουργίας
1383 489 1517 531 αὗτῶν

8 554 133 602 &zai
153 561 224 600 νῦν
240 556 528 614 ἐπικατάρατοι
548 557 648 601 ἕστε.
697 558 743 600 οὗ
766 558 824 612 μὴ
849 559 1014 615 ἕκλείψῃ
1033 559 1076 612 ἐξ
1092 555 1208 613 ὑμῶν
1225 560 1393 611 δοῦλος,
1420 559 1515 602 οὐδὲ
1538 568 1570 603 Β

43 625 265 677 ξυλοκόπος
287 628 354 669 καὶ
375 625 612 686 ὑδροφόρος
629 628 719 681 ἐμοὶ
740 630 805 669 καὶ
833 632 888 685 τῷ
906 632 997 686 θεῷ
1015 645 1112 682 μου.
1185 627 1253 670 διὰ
1284 632 1403 672 τοῦτο
1433 629 1518 685 ἐγέ-

42 712 158 739 νοντο
196 694 411 747 ξυλοκόποι
438 699 506 740 καὶ
533 695 761 755 ὗδροφόροι
801 702 858 755 τῷ
894 698 1177 757 θυσιαστηρίῳ
1209 701 1284 740 τοῦ
1313 701 1417 741 θεοῦ
1448 700 1519 741 καὶ

43 763 154 823 πάσῃ
183 769 234 823 τῇ
259 772 474 824 συναγωγῇ
506 767 580 817 ἕως
607 771 682 822 τῆς
709 764 866 824 ἡμέρας
892 765 1088 823 ταύτης.”
1159 769 1241 810 ἐπεὶ
1279 762 1350 810 οὖν
1386 772 1519 811 ταῦτα

42 836 358 892 παρελογίσαντο
368 868 381 889 ,
417 836 484 878 διὰ
510 841 630 880 τοῦτο
651 838 717 878 καὶ
735 836 839 892 μετὰ
861 836 934 891 τὴν
957 838 1106 879 ἐκείνου
1132 837 1319 892 τελευτὴν
1341 835 1518 893 ὑπέστη-

0 912 33 949 [0
44 920 120 947 σαν
139 905 212 960 τὴν
234 905 304 948 διὰ
322 910 395 948 τοῦ
416 911 537 960 λιμοῦ
555 906 752 948 παιδείαν.
821 905 1004 950 διδάσκει
1025 912 1122 963 γοῦν
1142 904 1252 962 ἡμᾶς
1272 904 1293 948 ὅ
1314 905 1438 964 λόγος.
1455 907 1515 963 μὴ

43 976 310 1031 παραβαίνειν
337 974 412 1026 τὰς
439 975 541 1031 μεθ’
573 974 714 1033 ὅρκων·
737 974 949 1031 συνθήκας
972 978 1035 1018 ἐπὶ
1057 981 1162 1019 θεοῦ
1179 977 1412 1032 γινομένας,
1441 975 1517 1020 κᾶν

45 1045 101 1094 εἷς
123 1043 257 1087 ἄλλων
280 1044 480 1102 ὠφέλειαν
499 1043 524 1101 ἢ
547 1043 781 1102 παράβασις
801 1047 971 1102 γίνηται.
1042 1046 1198 1102 ἀγνοῶν
1222 1047 1265 1089 δὲ
1288 1047 1362 1102 τὴν
1385 1047 1518 1090 αἰτίαν

43 1110 64 1155 ὃ
88 1114 227 1168 Λαβὶδ
249 1119 320 1170 τῆς
337 1113 545 1170 θεηλάτου
563 1119 720 1171 πληγῆς
736 1120 809 1158 τοῦ
830 1120 948 1170 λιμοῦ
967 1114 1038 1158 τὸν
1057 1115 1154 1158 θεὸν
1175 1114 1379 1173 ἀνηρώτα.
1449 1118 1518 1159 καὶ
1536 1154 1539 1156 ,

40 1183 192 1237 μαθὼν
211 1182 266 1235 ὡς
287 1185 400 1228 ἕνεκα
418 1189 491 1239 τῆς
509 1189 590 1228 τῶν
613 1187 882 1239 Γαβαωνιτιῦν
910 1187 1052 1228 ἀδίκου
1075 1186 1317 1243 ἀναιρέσεως
1337 1183 1513 1238 εὐθύνας
1536 1196 1568 1232 C
1621 1199 1624 1202 ’

0 1259 31 1295 [5
45 1252 350 1309 εἰσπράττονται
359 1287 372 1306 ,
410 1254 548 1305 αὐτοῖς
571 1256 732 1305 ἐκείνοις
750 1254 949 1312 ἐχρήσατο
970 1262 1124 1312 κριταῖς
1144 1262 1229 1306 τοῖς
1246 1255 1517 1311 ἠδικημένοις,

41 1323 167 1379 λέγων
186 1321 259 1364 ζ(τί
273 1322 430 1379 ποιήσω
449 1322 545 1379 ὑμῖν
555 1356 568 1375 ,
596 1327 662 1366 καὶ
685 1326 725 1367 ἐν
746 1326 821 1366 τίνι
844 1324 1137 1381 ἓξιλάσομαι,-”
1175 1327 1242 1367 καὶ
1265 1327 1390 1382 φασίν
1412 1324 1518 1368 “mix

41 1391 149 1435 ἔστιν
166 1390 264 1447 ἡμῖν
283 1392 477 1451 ἀργύριον
498 1394 592 1436 οὐδὲ
607 1395 778 1450 χρυσίον
797 1394 899 1448 μετὰ
921 1393 1082 1445 Σαούλ,
1117 1396 1188 1436 καὶ
1209 1395 1280 1437 οὗκ
1298 1395 1405 1437 ἔστιν
1421 1394 1520 1451 ἡμῖν

40 1465 283 1505 θανατῶσαι
311 1461 442 1519 ἄνδρα
471 1464 515 1505 ἐκ
542 1463 692 1513 παντὸς
715 1462 903 1520 ”Ισραη’λ’
940 1465 1033 1506 ἀλλ’
1067 1461 1087 1505 ὅ
1120 1464 1222 1521 ἀνὴρ
1243 1462 1264 1507 ὃ
1286 1463 1434 1516 διώξας
1450 1467 1521 1507 καὶ

42 1532 282 1582 συντελέσας
306 1530 436 1587 ἡμᾶς,
473 1530 607 1590 ὥσπερ
642 1534 851 1589 ἐλογίσατο
880 1531 991 1588 ἡμᾶς
1020 1536 1332 1591 ἔξολοθρεῢσαι,
1369 1534 1521 1593 ἀφανί-

0 1607 178 1655 ἰῡσωμεν
197 1600 320 1644 αὐτὸν
339 1605 411 1644 τοῦ
433 1601 491 1657 μὴ
516 1602 892 1646 ἀντικαθίστασθαι
923 1604 1043 1644 παντὶ
1075 1600 1174 1662 δρίῳ
1202 1602 1380 1660 Ἰσραήλ.
1451 1605 1521 1646 καὶ

43 1669 289 1725 δοθήτωσαν
308 1668 407 1727 ἡμῖν
426 1670 571 1730 ἄνδρες
589 1669 689 1715 ἔπτὰ
709 1673 753 1714 ἐκ
771 1678 852 1715 τῶν
867 1672 967 1715 υἶιῦν
985 1672 1126 1725 αὐτοῦ,
1158 1674 1224 1715 καὶ
1243 1670 1522 1728 ἓξιλασόμεθα

42 1740 85 1782 ἓν
104 1740 241 1791 αὐτοῖς
258 1742 385 1800 κυρίῳ
406 1741 447 1783 ἓν
465 1746 524 1800 τῷ
538 1745 675 1801 βουνῷ
697 1740 881 1786 Σαούλ.”
943 1743 987 1784 ἐκ
1005 1743 1138 1800 ἐκείνῳ
1157 1743 1292 1785 τοίνυν
1309 1747 1366 1801 τῷ
1380 1744 1522 1802 χωρίῳ

41 1808 359 1854 ἅνεσκολόπισαν
398 1811 495 1862 τοὺς
537 1810 710 1868 ἄνδρας,
759 1813 801 1854 ἐν
831 1806 866 1871 ᾧ
897 1811 972 1862 τὰς
1002 1810 1268 1869 παρανόμους
1302 1811 1521 1868 ἐτόλμησεν

42 1879 188 1931 ἐκεῖνος
217 1881 467 1938 μιαιφονίας.
538 1874 649 1924 οὗτοι
682 1882 726 1924 δὲ
757 1876 862 1937 ἦσαν
890 1886 962 1924 τοῦ
989 1881 1130 1923 Σαοὺλ
1152 1881 1226 1924 δύο
1248 1882 1323 1937 μὲν
1344 1882 1426 1925 υἱοὶ
1447 1881 1521 1925 νό-

43 1988 278 2034 Gabaonitis,
314 1990 413 2026 cuius
448 1990 636 2026 iuramenti
667 1990 772 2026 etiam
805 1991 986 2038 particeps
1016 1991 1086 2026 fuit
1118 1991 1311 2027 Eleazarus
1343 1992 1520 2039 pontifex.

41 2047 112 2070 non
135 2037 333 2072 debuerunt
355 2049 440 2082 ergo
465 2038 600 2083 posteri
624 2049 742 2072 eorum
766 2039 826 2084 qui
852 2038 1076 2082 iuraverant,
1110 2037 1350 2074 iusiurandum
1370 2040 1520 2075 violare.

37 2087 124 2140 ppst
155 2084 328 2118 detectam
354 2085 446 2118 enim
469 2085 628 2119 fraudem
653 2085 951 2139 Gabaonitarum‚
986 2085 1038 2119 ita
1064 2085 1169 2120 Iosua
1187 2098 1254 2140 ‘eos
1278 2087 1407 2121 affatus
1430 2087 1521 2121 fuit:

63 2141 133 2163 mm
157 2141 248 2164 nunc
271 2142 357 2176 ergo
381 2131 617 2165 exsecrationi
637 2131 781 2166 obnoxii
796 2138 896 2167 estls.
944 2143 1120 2177 nunquam
1145 2138 1213 2167 ent
1238 2138 1278 2167 ut
1299 2145 1369 2167 non
1388 2133 1432 2167 de
1454 2145 1523 2167 vo-

40 2176 98 2211 bis
116 2175 164 2211 sit
181 2188 327 2221 servus,
350 2176 524 2222 lignorum
547 2184 666 2213 sector
686 2184 723 2213 et
743 2190 856 2224 aquae
874 2178 1072 2223 baiulator,
1099 2178 1160 2223 qui
1183 2178 1268 2213 mihi
1294 2185 1330 2213 et
1353 2180 1419 2214 deo
1443 2191 1522 2214 meo

40 2219 212 2258 serviat.’'
255 2229 448 2269 propterea
487 2224 656 2260 destinati
688 2231 769 2260 sunt
799 2226 844 2261 ad
874 2226 1075 2260 findendum
1111 2225 1208 2270 ligna
1241 2230 1278 2260 et
1312 2227 1524 2271 portandum

40 2280 167 2313 aquam
191 2270 237 2304 ad
261 2270 372 2304 altare
396 2270 454 2305 dei
483 2274 519 2305 et
541 2271 609 2306 toti
635 2272 751 2306 coetui
782 2272 955 2317 usque-in
980 2272 1071 2306 hunc
1095 2272 1202 2306 diem.
1250 2272 1414 2317 quoniam
1438 2284 1525 2318 ergo

41 2315 212 2350 calumnia
241 2316 279 2351 id
308 2317 432 2351 foedus
464 2317 623 2352 Israelici
654 2319 893 2364 disciderunt,
925 2319 1006 2353 ideo
1034 2318 1138 2352 etiam
1167 2323 1250 2364 post
1279 2318 1354 2353 eius
1378 2324 1526 2354 mortem

39 2363 135 2396 fame
159 2362 325 2408 castigati
343 2369 438 2398 sunt.
486 2364 574 2399 haec
598 2376 662 2399 nos
684 2366 798 2400 oratio
820 2366 945 2410 docet,
982 2376 1073 2410 quae
1093 2365 1304 2410 interposito
1329 2365 1525 2401 iuramento

41 2413 148 2454 pacta
169 2415 253 2443 sunt
273 2414 366 2444 teste
388 2410 453 2444 deo
478 2410 565 2445 inita
578 2438 588 2456 ,
617 2411 782 2447 violanda
801 2424 870 2446 non
891 2424 988 2455 esse,
1012 2417 1189 2456 utcunque
1210 2424 1252 2446 ea
1273 2411 1419 2447 violatio
1443 2412 1526 2447 aliis

42 2455 223 2500 expediat.
270 2456 430 2491 Davidus
466 2463 582 2492 autem
612 2469 750 2493 causam
776 2459 945 2494 divinitus
968 2458 1144 2492 immissae
1167 2458 1338 2503 penuriae
1358 2458 1527 2504 ignorans

41 2501 144 2536 deum
178 2502 372 2545 consuluit3
404 2503 448 2537 ab
483 2515 596 2550 eoque
628 2505 772 2540 edoctus
805 2505 924 2550 puniri
953 2504 1117 2551 populum
1150 2507 1196 2539 ob
1226 2505 1358 2540 iniuste
1382 2510 1526 2540 necatos

43 2548 284 2594 (iahamias,
324 2561 385 2584 eos
418 2549 516 2595 ipsos
550 2550 611 2596 qui
646 2551 775 2586 iniuria
802 2554 945 2587 fuerant
971 2551 1114 2596 affecti,
1153 2551 1306 2586 arbitros
1331 2552 1528 2597 constituit,

42 2605 86 2628 ac
108 2602 335 2640 percontatus
359 2600 415 2630 est
438 2607 506 2640 qua
528 2608 567 2631 se
591 2597 726 2642 placari
749 2599 887 2634 ratione
910 2597 1055 2632 vellent.
1102 2598 1363 2643 responderunt
1380 2599 1528 2634 Gabao-

42 2640 140 2675 nitae
165 2653 204 2676 se
229 2654 344 2687 neque
367 2654 489 2677 aurum
513 2643 612 2678 Sauli
635 2656 750 2690 neque
775 2651 957 2690 argentum
977 2644 1052 2678 eius
1075 2656 1190 2690 neque
1212 2644 1315 2680 ullum
1340 2657 1385 2680 ex
1406 2646 1529 2680 Israe—

42 2686 111 2721 lico
134 2688 264 2733 populo
288 2689 462 2724 hominem
486 2689 531 2723 ad
555 2702 676 2726 necem
698 2692 911 2738 deposcere:
937 2690 1012 2724 eius
1031 2690 1102 2724 viri
1119 2691 1181 2736 qui
1200 2691 1297 2737 ipsos
1342 2698 1524 2727 ersecutus

43 2733 173 2769 fuisset
194 2746 236 2769 ac
260 2736 468 2770 exscindere
499 2736 663 2781 molitus,
701 2750 832 2785 cupere
856 2750 895 2772 se
919 2737 1117 2772 memoriam
1148 2749 1192 2772 ex
1221 2706 1389 2774 Israei'ica
1417 2743 1525 2794 gente

43 2779 184 2824 delere3
217 2781 339 2827 itaque
369 2787 505 2827 septem
537 2783 614 2818 eius
637 2783 750 2831 stirpe
775 2790 877 2819 natos
902 2796 942 2819 se
968 2784 1177 2829 deposcere,
1210 2784 1265 2819 his
1289 2798 1327 2821 se
1350 2785 1526 2831 flagitium

45 2837 163 2862 coram
187 2827 327 2862 domino
350 2828 556 2875 expiaturos
583 2830 621 2864 in
648 2831 735 2867 colle
757 2831 869 2866 Sauli.
917 2842 959 2865 eo
981 2829 1093 2876 igitur
1120 2830 1159 2865 in
1178 2830 1256 2866 loco
1279 2831 1379 2868 viros
1402 2844 1464 2868 eos
1486 2832 1525 2866 in

45 2884 184 2910 crucem
207 2879 375 2922 egerunt,
406 2875 445 2911 in
467 2887 537 2923 quo
561 2875 712 2914 iniustas
733 2878 795 2914 ille
815 2877 943 2914 caedes
966 2888 1074 2913 ausus
1095 2878 1225 2914 fuerat.
1272 2883 1374 2916 erant
1395 2883 1524 2924 autem,
