1742 3184
234 186 333 235 192
707 176 955 230 'GEORGH
984 181 1227 229 GEDRENI

227 322 312 349 mant
330 302 408 362 πρὸ
425 306 500 347 τοῦ
517 306 665 359 γνῶναι
681 299 856 358 ταύτην,
889 299 1056 357 ηὔξατο.
1124 301 1192 345 καὶ
1214 296 1441 344 ἀπέστειλεν
1467 296 1569 357 αῧτῇ
1593 301 1697 354 βοη-

230 374 312 418 θὸν
331 372 352 417 ὃ
374 373 472 424 θεὸς
491 373 560 416 τὸν
579 372 745 430 ἄγγελον
761 364 962 429 Ῥαφαήλ.
1033 369 1054 413 ὃ
1083 365 1153 414 οὖν
1176 370 1329 426 Τωβὴτ
1347 370 1618 427 παραγγείλας
1639 371 1699 427 τῷ

179 453 209 489 Β
226 445 310 503 ὐἱῷ
330 443 455 486 αὐτοῦ
474 444 607 502 Τοβιά
632 442 690 498 μὴ
719 446 857 496 λαβεῖν
884 437 1117 494 ἀλλαχόθεν
1133 447 1302 496 γυναῖκα
1328 441 1364 482 εἴ
1379 439 1438 495 μὴ
1459 439 1502 481 ἐκ
1522 441 1594 493 τῆς
1616 454 1697 496 φυ-

225 517 301 570 λῆς
332 515 398 555 καὶ
424 515 498 555 τοῦ
526 512 664 568 γένους
694 511 820 553 αὐτοῦ
841 510 944 552 κατὰ
974 509 1044 552 τὸν
1070 508 1208 564 νόμον,
1245 510 1409 552 δίδωσιν
1430 508 1542 566 αὐτῷ
1558 505 1697 564 χειρό-

225 599 387 640 γραφον
406 583 497 638 περὶ
513 579 720 624 ταλάντων
739 580 835 622 δέκα
850 579 1021 636 χρυσίου
1040 577 1067 620 ἃ
1089 581 1156 621 καὶ
1173 579 1377 636 παρέθετο
1398 578 1440 620 ἓν
1462 581 1514 634 τῇ
1532 576 1730 635 Μηδιά,5

227 651 332 710 πρὸς
357 651 403 694 τὸ
435 651 627 693 ἀπελθεῖν
661 651 729 692 καὶ
760 653 897 702 λαβεῖν
926 648 1031 691 αὐτὰ
1063 649 1132 690 διὰ
1162 646 1326 702 τάχους.
1392 651 1466 690 τοῦ
1488 647 1532 689 δὲ
1553 645 1699 696 παιδὸς

227 723 441 778 ζητοῦντος
471 717 761 774 συνοδοιπόρον
793 716 849 769 ὥς
879 717 952 772 τὴν
981 715 1076 760 ὁδὸν
1104 717 1366 772 ἀγνοοῦντος,
1402 714 1572 774 εὖρίσκει
1594 718 1697 758 θεοῦ

225 792 397 850 προνοίᾳ
418 789 487 832 τὸν
517 788 684 844 ἄγγελον
702 786 888 845 Ῥαφαὴλ
914 785 968 837 ὥς
991 785 1211 844 ἄνθρωπον
1233 785 1402 829 ἑστῶτα.
1471 785 1517 828 ὃν
1533 787 1699 839 μισθω-

227 859 424 915 σάμενος,
461 858 607 901 εἰδέναι
635 857 708 913 τὴν
739 855 834 899 ὁδὸν
862 857 1028 912 λέγοντα
1061 858 1128 899 καὶ
1152 856 1357 913 Ἀζαριάν
1389 853 1697 910 ὀνομαζόμενον,

228 927 434 973 συνοδεύει
453 925 597 985 τούτῳ.
666 928 732 969 καὶ
757 925 1001 969 διελθόντων
1020 925 1154 969 αὐτῶν
1177 928 1231 977 εἷς
1251 925 1322 969 τὸν
1341 924 1524 979 ποταμὸν
1540 925 1695 981 Τίγριν,
1710 927 1742 964 1(

229 1001 297 1042 καὶ
317 1003 391 1041 τοῦ
408 997 554 1047 παιδὸς
573 994 827 1046 εἰσελθόντος
845 995 1100 1048 λούσασθαι,
1136 997 1204 1038 καὶ
1225 993 1370 1051 ἷχθύος
1389 994 1501 1052 αὐτῷ
1520 992 1698 1049 μεγάλου

231 1066 574 1123 ἓπιπηὸήσαντος,
602 1064 706 1109 εἶπεν
729 1065 840 1124 αὐτῷ’
858 1063 878 1106 ὅ
901 1064 1066 1121 ἄγγελος
1083 1066 1354 1119 ἐπιλαβέσθαι
1375 1068 1447 1106 τοῦ
1466 1061 1614 1119 ἰχθύος
1632 1063 1701 1105 καὶ

227 1144 360 1192 τεμεῖν
379 1137 503 1180 αὐτοῦ
527 1136 600 1192 τὴν
622 1136 812 1192 γαστέρα,
829 1167 832 1171 ,
848 1136 916 1177 καὶ
938 1139 1075 1189 λαβεῖν
1093 1133 1138 1177 τό
1160 1152 1201 1177 τε
1216 1129 1325 1191 ἧπαρ
1347 1136 1414 1176 καὶ
1436 1133 1510 1188 τὴν
1529 1133 1700 1190 καρδίαν

178 1217 210 1253 c
232 1209 300 1250 καὶ
318 1207 393 1263 τὴν
409 1204 549 1261 χολήν,
580 1207 648 1247 καὶ
668 1204 898 1262 φυλάττειν.
958 1208 1031 1246 τοῦ
1047 1204 1090 1246 δὲ
1109 1203 1416 1257 πυνθανομένου
1432 1202 1478 1245 τὸ
1494 1201 1701 1259 χρήσιμον

227 1277 362 1320 αὐτῶν
385 1274 461 1318 “To
480 1276 553 1329 μὲν
573 1269 713 1331 ἧπαρ”
740 1275 844 1331 φησί
860 1271 958 1317 (ικαὶ
979 1271 1004 1328 ἦ
1026 1275 1176 1331 καρδία
1196 1271 1436 1327 θυμιώμενα
1454 1269 1588 1330 διώκει
1608 1272 1698 1313 δαί-
1711 1276 1742 1312 1Ξ

224 1356 377 1403 μονας,
411 1343 437 1400 ἡ
461 1345 506 1387 δὲ
520 1344 626 1399 χολὴ
651 1345 862 1400 καθαρίζει
885 1341 1170 1398 λευκώματα.”
1235 1341 1320 1385 εἶτα
1341 1340 1362 1384 ὃ
1384 1342 1458 1396 μὲν
1476 1347 1572 1392 παῖς
1589 1343 1700 1395 λαμ-

224 1414 338 1471 βάνει
368 1414 441 1469 τὴν
469 1416 512 1456 ἐκ
538 1417 612 1456 τοῦ
643 1414 781 1469 γε’νους
809 1413 934 1455 αὐτοῦ
966 1416 1262 1474 προλεχθεῖσαν
1289 1410 1413 1469 κόρην
1436 1413 1492 1463 εἰς
1513 1417 1699 1467 γυναῖκα,

224 1490 276 1542 τῇ
301 1484 531 1543 συμβουλία
552 1484 619 1526 καὶ
642 1483 830 1542 συνεργία
853 1486 927 1524 τοῦ
954 1482 1122 1539 ἀγγέλου
1150 1482 1396 1536 διωχθέντος
1420 1485 1493 1523 τοῦ
1521 1482 1702 1537 πονηροῦ

227 1555 420 1609 δαίμονος
439 1555 480 1596 ἐν
497 1557 554 1611 τῷ
574 1551 808 1606 θυμιάματι
827 1549 970 1609 τούτῳ.
1040 1553 1107 1594 καὶ
1126 1549 1370 1609 ὑποστρέφει
1389 1549 1493 1604 μετὰ
1509 1553 1582 1593 τοῦ
1602 1567 1700 1591 παι-

220 1624 299 1681 δὸς
331 1625 398 1665 καὶ
433 1626 506 1677 τῆς
533 1621 721 1677 γυναικὸς
753 1621 880 1663 αὐτοῦ
907 1620 1009 1678 πρὸς
1039 1620 1112 1663 τὸν
1141 1621 1295 1677 πατέρα
1317 1618 1491 1675 Τωβήτ·
1534 1613 1582 1662 οὗ
1603 1619 1742 1670 τοὺς-2(

226 1691 476 1750 ὃφθαλμοῦς
511 1689 531 1732 ὅ
563 1698 658 1741 παῖς
686 1694 737 1747 τῇ
764 1694 870 1747 χολῇ
897 1694 970 1733 τοῦ
993 1688 1138 1744 ἰχθύος
1156 1690 1386 1747 ἐπιχρίσας,
1421 1691 1488 1731 καὶ
1509 1687 1699 1746 παρευθὺ

226 1762 381 1817 Τωβὴτ
404 1760 712 1816 ἀναβλέψαντος
733 1760 985 1816 ἐφανέρωσεν
1007 1757 1152 1802 ἑαυτὸν
1174 1757 1193 1800 ὃ
1216 1758 1404 1815 ἄγγελος,
1448 1757 1509 1801 ὅτι
1531 1758 1602 1800 οὐκ
1627 1756 1700 1801 ἄν-

224 1828 396 1888 θρωπός
418 1832 546 1882 ἔστιν,
584 1829 686 1871 ἀλλὰ
717 1829 829 1885 παρὰ
855 1833 960 1871 θεοῦ
984 1827 1189 1883 ἀπεστάλη
1218 1828 1320 1885 πρὸς
1336 1825 1538 1883 βοήθειαν
1563 1827 1700 1878 αὐτοῖς

225 1918 269 1943 τε
286 1902 354 1943 καὶ
375 1904 426 1958 τῇ
445 1897 547 1958 κόρῃ
568 1897 714 1960 Σάρρα
737 1898 805 1940 διὰ
823 1897 896 1954 τὴν
917 1898 1049 1941 αὐτῶν
1072 1897 1276 1952 εὐσέβειαν
1284 1930 1298 1950 ,
1346 1898 1472 1955 λέγων
1500 1897 1603 1956 πρὸς
1625 1897 1701 1940 αὗ-

225 2055 373 2091 daemon
400 2054 603 2102 priusquam
625 2067 699 2090 rem
723 2066 799 2089 cum
824 2065 955 2101 sponsa
987 2053 1161 2089 haberent
1192 2057 1391 2099 necasset,
1409 2052 1511 2088 deum
1535 2051 1701 2099 precibus

226 2102 494 2149 interpellabam
517 2103 618 2147 isque
642 2100 676 2136 ei
700 2101 829 2136 auxilio
848 2101 943 2136 misit
967 2101 1124 2146 angelum
1145 2101 1377 2147 Raphaelum.
1424 2101 1601 2135 enimvero
1622 2100 1700 2134 To·-

226 2150 303 2185 bias
329 2149 436 2183 filium
461 2160 559 2183 suum
584 2149 743 2183 hortatus
769 2160 814 2182 ne
844 2148 982 2182 aliunde
1007 2159 1108 2193 quam
1133 2160 1176 2183 ex
1202 2160 1266 2182 sua
1289 2147 1400 2193 stirpe
1424 2152 1460 2182 et
1481 2158 1613 2192 genere
1635 2157 1700 2181 suo

225 2208 369 2231 uxorem
393 2195 557 2239 duceret,
595 2195 700 2230 sicuti
723 2194 779 2229 lex
800 2194 1006 2239 mandabat,
1043 2206 1118 2229 euin
1143 2195 1185 2228 ad
1209 2194 1403 2240 repetenda
1427 2205 1530 2239 quam
1552 2193 1701 2238 primum

224 2242 346 2276 decem
369 2241 512 2286 talenta,
540 2252 630 2286 quae
654 2241 733 2287 ipse
756 2242 929 2286 quondam
950 2241 986 2275 in
1008 2241 1130 2276 Media
1152 2242 1378 2286 deposuerat,
1399 2252 1476 2275 cum
1497 2239 1702 2285 syngrapha

224 2289 343 2323 mittit.
392 2288 485 2323 filius
509 2288 647 2322 itineris
671 2289 832 2322 comitem
856 2299 898 2322 ac
922 2288 1044 2322 ducem
1066 2299 1251 2333 quaerens,
1278 2288 1372 2333 quod
1394 2287 1487 2322 viam
1506 2286 1700 2331 ignoraret,

222 2334 367 2370 (livinae
390 2334 636 2381 providentiae
659 2335 766 2369 ductu
789 2334 826 2368 in
850 2333 1067 2380 Raphaelum
1090 2334 1215 2369 incidit
1236 2336 1301 2369 sub
1325 2333 1395 2368 viri
1418 2333 1538 2380 specie
1561 2333 1598 2367 in
1620 2332 1699 2366 foro

223 2386 394 2425 stantem3
427 2381 526 2416 cuius
555 2381 716 2415 Azariam
750 2393 790 2415 se
824 2380 1034 2415 nominantis
1071 2385 1107 2415 et.
1134 2381 1216 2416 viae
1253 2393 1293 2415 se
1321 2392 1468 2425 gnarum
1498 2378 1700 2426 profitentis

222 2432 334 2474 opera
366 2429 555 2472 conducta,
595 2428 666 2463 iter
695 2439 735 2462 eo
768 2427 951 2462 comitatus
978 2427 1187 2472 ingreditur.
1236 2438 1312 2461 cum
1334 2427 1378 2461 ad
1402 2427 1532 2472 Tigrin
1553 2425 1702 2461 fluvium

221 2475 491 2521 pervenissent,
514 2486 602 2520 puer
623 2474 766 2509 lavandi
787 2485 893 2509 causa
916 2485 1040 2519 aquam
1061 2474 1242 2519 ingressus
1267 2477 1343 2518 est,
1374 2477 1480 2518 atque
1500 2473 1624 2518 ingens
1648 2472 1702 2507 ibi

223 2521 332 2566 piscis
356 2533 432 2556 eum
455 2521 599 2556 invasit.
649 2533 726 2556 eum
747 2520 862 2555 iussus
885 2526 940 2555 est
960 2521 1003 2555 ab
1029 2521 1152 2565 angelo
1177 2532 1316 2566 capere,
1345 2524 1382 2554 et
1402 2520 1555 2554 dissecto
1574 2524 1701 2554 ventre

221 2567 321 2601 iecur
345 2580 405 2602 cor
430 2573 466 2602 et
490 2567 538 2602 sel
565 2568 719 2603 eximere
743 2579 784 2602 ac
806 2579 963 2602 servare.
1014 2568 1157 2612 angelus
1178 2568 1222 2602 ad
1241 2567 1325 2612 quid
1345 2577 1387 2600 ea
1409 2566 1620 2612 prodessent
1642 2565 1698 2599 in-

220 2617 434 2658 terrogatus,
459 2615 626 2649 iocinoris
653 2619 689 2649 et
710 2614 825 2649 cordis
845 2614 965 2648 suffitu
989 2613 1175 2649 daemones
1201 2613 1298 2658 abigi
1319 2612 1515 2659 respondit,
1539 2611 1623 2647 felle
1647 2611 1698 2646 al-

221 2659 372 2704 bugines
395 2661 482 2695 tolli.
533 2661 680 2706 proinde
707 2673 782 2696 eam
809 2661 853 2695 de
875 2670 944 2705 qua
965 2659 1097 2694 dictum
1123 2665 1179 2694 est
1200 2659 1371 2706 puellam,
1404 2658 1700 2705 consanguineam

224 2716 335 2749 suam,
361 2706 500 2741 Tobiae
518 2707 565 2742 F.
588 2719 730 2742 uxorem
750 2707 862 2751 duxit,
886 2705 1002 2751 angeli
1023 2706 1169 2741 consilio
1190 2712 1226 2741 et
1244 2705 1387 2750 auxilio,
1415 2706 1505 2740 malo
1529 2707 1707 2741 daemone*

224 2751 264 2786 vi
287 2751 362 2786 eius
387 2753 525 2788 suffitus
549 2755 692 2798 fugat03
715 2764 950 2799 reversusque
973 2763 1050 2786 cum
1073 2752 1200 2788 comite
1218 2764 1281 2787 suo
1304 2756 1340 2787 et
1359 2763 1470 2787 uxore
1494 2753 1541 2788 ad
1563 2756 1699 2798 patrem

226 2796 345 2832 oculos
370 2798 444 2832 eius
468 2800 549 2834 selle
572 2800 730 2847 inungit3
754 2812 823 2847 quo
845 2800 939 2834 facto
959 2810 1067 2834 senex
1090 2797 1206 2834 visum'
1226 2798 1320 2833 illico
1343 2798 1494 2845 recepit.
1542 2803 1615 2834 tum
1634 2809 1697 2832 an-

225 2843 324 2889 gelus
347 2855 387 2878 se
411 2845 488 2889 quis
509 2851 604 2881 esset
628 2848 756 2894 aperit,
780 2859 850 2882 non
874 2844 1046 2880 hominem
1070 2857 1110 2880 se
1133 2858 1225 2890 esse,
1249 2846 1313 2881 sed
1336 2857 1357 2880 a
1375 2845 1442 2881 deo
1466 2845 1607 2880 missum
1631 2844 1696 2878 do·-

224 2901 309 2926 cens
332 2890 536 2937 opitulatum
558 2893 647 2939 ipsis
665 2899 702 2930 et
720 2893 860 2941 puellae
878 2894 1010 2940 Sarae,
1043 2892 1150 2940 idque
1172 2896 1320 2940 propter
1339 2891 1498 2939 ipsorum
1518 2891 1697 2939 pietatem.
