1742 3184
211 202 309 252 104
694 201 937 248 GEORGII
963 200 1211 247 CEDRENI

208 315 647 374 nomg‘EM-no'ndev
678 319 747 361 καὶ
780 317 919 368 Ἀσίας
961 315 1041 361 ὑπὸ
1075 318 1270 371 Κυζίκου.
1353 315 1523 374 ἐκτίσθη
1554 317 1599 361 δὲ
1627 321 1697 361 καὶ

211 387 349 446 Τύρος
366 388 444 446 πρὸ
464 391 538 431 τοῦ
557 388 598 430 ἒν
619 385 918 446 Ἱεροσολύμοις
937 391 1041 430 ναοῦ
1061 386 1166 431 ἔτεσι
1186 387 1435 446 τριακοσίοις
1457 389 1535 430 καὶ
1549 385 1697 445 πεντή-

209 475 334 502 κοντα
354 457 458 515 πρὸς
481 461 541 516 τῷ
563 455 633 500 ἔνι’.

156 533 190 569 C
344 527 413 570 Ἐν
431 532 516 578 τοῖς
530 524 697 584 χρόνοις
713 529 794 569 τῶν
809 529 959 583 κριτῶν
974 525 1207 584 ἓγνωρίζετο
1228 525 1296 567 καὶ
1309 522 1522 583 “Ηρακλῆς
1542 523 1564 569 ὅ
1584 523 1698 584 ἥρως

208 599 277 640 καὶ
313 596 352 639 οἳ
379 596 658 654 Ἀργωναῦται
691 595 730 637 οἳ
758 597 849 652 περὶ
876 595 946 639 τὸν
976 593 1138 638 Ἰάσονα
1171 595 1242 638 τὸν
1275 594 1504 648 Θετταλόν,
1554 597 1730 647 οἵτινεςό

207 665 388 717 ἀνιόντες
419 666 489 708 τὸν
525 663 732 709 ἀνάπλουν
772 669 846 720 τῆς
877 667 1087 721 Ποντικῆς
1123 663 1344 721 θαλάσσης
1377 660 1697 722 ἐπολεμήθησαν

205 732 286 778 ’ὑπὸ
315 737 488 788 Κυζίκου
508 739 583 778 τοῦ
599 734 803 789 βασιλέως
822 739 894 790 τῆς
910 732 1212 791 Ἑλλησπόντου
1235 736 1441 793 ἐξαίφνης.
1497 737 1566 778 καὶ
1589 753 1698 791 συμ-

205 803 403 860 βαλόντες
431 803 623 861 ἀλλήλοις
651 805 860 863 ναυμαχίᾳ
881 805 1118 848 ἀπέκτειναν
1138 803 1209 848 τὸν
1232 804 1435 858 Κύζικον,
1474 807 1542 857 καὶ
1568 805 1698 863 παρέ·-

206 878 336 929 λαβον
356 875 430 930 τὴν
447 872 564 916 πόλιν
587 874 715 917 αὐτοῦ
735 873 808 929 τὴν
828 872 1019 927 Κύζικον.
1055 873 1345 930 μεμαθηκότες
1369 875 1414 918 δὲ
1436 873 1499 918 ὅτι
1521 874 1698 928 Κύζικος

206 941 229 987 ὅ
250 945 418 1001 σφαγεὶς
437 942 511 986 ὑπ’
533 943 669 986 αὐτῶν
690 943 884 1000 συγγενὴς
905 945 1040 987 αὐτῶν
1058 943 1239 1002 ὑπῆρχεν
1248 976 1262 996 ,
1302 943 1428 1002 ᾔτουν
1453 943 1695 1002 συγγνώμην
1709 951 1742 989 1(

205 1017 278 1069 τῆς
301 1013 467 1069 ἀγνοίας
489 1013 636 1066 αὐτῶν,
672 1015 740 1056 καὶ
767 1012 1148 1071 ἀποθεραπεύοντες
1162 1014 1207 1057 τὸ
1222 1018 1339 1058 θεῖον
1353 1013 1514 1059 ἔκτισαν
1529 1017 1570 1058 ἓν
1591 1015 1696 1073 αὐτῇ

203 1086 257 1140 τῇ
276 1084 438 1141 Κυζίκῳ
457 1081 577 1139 ἱερόν,
601 1083 745 1133 καθὼς
764 1082 1000 1140 ἔμπροσθεν
1020 1084 1201 1140 λέξομεν,
1231 1085 1329 1142 περί
1343 1102 1385 1128 τε
1406 1089 1481 1128 τοῦ
1501 1085 1699 1136 δοθέντος

206 1151 345 1203 αὐτοῖς
358 1157 552 1209 χρησμοῦ
573 1152 653 1195 ἀπὸ
674 1157 755 1195 τῶν
773 1154 953 1196 Πυθίων
974 1158 1146 1210 θερμῶν
1169 1155 1237 1196 καὶ
1262 1157 1354 1212 περὶ
1378 1159 1457 1198 τῶν
1479 1154 1629 1198 ἄλλων.

151 1231 184 1266 D
340 1220 431 1265 ‘'Ou
455 1221 528 1265 οὐκ
558 1224 600 1265 ἐν
623 1227 740 1273 θεοῖς
762 1221 913 1280 ἑτέροις
944 1223 1118 1279 ἀνέθηκε
1141 1225 1182 1265 Γ
1179 1224 1302 1267 alteim
1326 1223 1372 1267 τὸ
1399 1222 1555 1282 ἐφούὸ,
1592 1223 1699 1267 ἀλλὰ

207 1294 267 1348 τῷ
288 1289 372 1333 ὄντι
394 1295 497 1349 θεῷ.
567 1291 661 1334 ἀλλ’
695 1293 779 1334 ἐπεὶ
810 1296 886 1334 τοῦ
917 1294 1204 1348 νενομισμένου
1226 1291 1355 1336 τόπου
1380 1296 1448 1336 καὶ
1470 1298 1545 1337 τοῦ
1567 1293 1695 1350 νόμου
1710 1303 1742 1339 1ὲ

207 1359 421 1418 ἀλλότριον
449 1361 628 1418 πέπραχε
654 1363 721 1403 καὶ
741 1360 971 1405 σκάνδαλον
997 1363 1132 1419 γέγονε
1155 1367 1212 1422 τῷ
1231 1362 1417 1421 Ἰσραήλ,
1454 1364 1603 1420 συνέβη
1630 1381 1698 1420 γε·-

205 1429 354 1472 νέσθαι
385 1429 673 1486 ἕξολόθρευσιν
704 1435 779 1473 τοῦ
806 1430 920 1474 οἴκου
952 1432 1093 1476 αὐτοῦ.
1166 1427 1286 1484 οὗτος
1313 1432 1392 1491 γὰρ
1424 1431 1446 1476 ὅ
1472 1435 1514 1475 Γ
1511 1434 1634 1477 εδεών
1662 1431 1696 1476 0¹

204 1498 320 1550 υἱοὺς
337 1498 449 1554 ἴσχε,
498 1504 668 1551 πολλαῖς
688 1502 846 1556 γυναιξὶ
867 1504 935 1543 καὶ
957 1506 1186 1553 παλλακαῖς
1207 1500 1464 1558 μιγνύμενος.
1534 1504 1578 1546 ἐκ
1600 1507 1699 1558 μιᾶς

205 1568 252 1610 δὲ
278 1567 434 1612 τούτων
466 1570 614 1625 ἐτέχθη
651 1570 763 1628 αὐτῷ
792 1570 1033 1625 Ἀβιμέλεχ,
1087 1570 1134 1623 ὃς
1163 1572 1373 1630 ἀπέσφαξε
1403 1572 1502 1625 τοὺς
1531 1573 1699 1624 λοιποὺς

203 1636 411 1696 ἀδελφοὺς
439 1638 568 1681 αὐτοῦ
594 1639 657 1682 ἐπὶ
686 1641 807 1682 λίθον
831 1640 913 1693 ἕνα,
941 1638 1032 1692 ἑνὸς
1053 1643 1121 1683 καὶ
1139 1640 1268 1695 μόνου
1292 1641 1563 1699 διαφυγόντος
1577 1641 1695 1686 'Iant-
1707 1652 1742 1689 2(

203 1710 321 1762 θαμ,
365 1709 528 1768 θωπείᾳ
560 1709 604 1753 δὲ
630 1706 888 1764 ἀπεπλάνησε
918 1709 988 1752 τὸν
1018 1710 1118 1754 λαὸν
1148 1713 1216 1755 καὶ
1252 1711 1514 1766 ἐβασίλευσεν
1548 1713 1696 1756 αὐτῶν.

196 1775 387 1832 Ἰωάθαμ
407 1778 453 1823 δὲ
474 1776 494 1820 ὃ
518 1778 699 1837 ἀδελφὸς
718 1779 845 1824 αὐτοῦ
868 1779 930 1837 ἐφ’
955 1777 999 1824 ἓν
1019 1784 1100 1823 τῶν
1118 1779 1245 1838 ὀρέων
1265 1781 1454 1825 ἀνελθὼν
1476 1781 1698 1840 προσεφώ-

81 1855 110 1890 Ρ
135 1855 180 1892 58
203 1863 262 1888 νει
284 1853 369 1897 τοῖς
390 1849 618 1902 Σικιμίταις
636 1848 711 1899 τὰς
730 1848 958 1907 εὐεργεσίας
973 1854 1046 1892 τοῦ
1067 1849 1223 1907 πατρὸς
1242 1850 1383 1903 αὐτοῦ,
1412 1852 1535 1895 εἰπὼν
1558 1853 1698 1904 αὐτοῖς

200 1917 292 1975 περὶ
314 1920 389 1973 τῆς
410 1918 549 1970 ἐλαίας
578 1919 648 1961 καὶ
676 1922 751 1976 τῆς
784 1923 911 1976 συκῆς
940 1921 1009 1963 καὶ
1036 1924 1110 1978 τῆς
1132 1921 1317 1977 ἀμπέλου
1340 1923 1408 1966 καὶ
1436 1927 1510 1978 τῆς
1537 1921 1695 1982 ῥάμνον

200 2125 279 2150 cum
305 2114 533 2172 Hellesponti
565 2119 602 2152 et
633 2115 740 2152 Asiae
772 2122 892 2165 caput.
943 2119 1087 2155 condita
1119 2122 1173 2155 est
1207 2120 1315 2157 etiam
1339 2121 1463 2167 Tyrus
1487 2120 1589 2157 annis
1614 2124 1698 2157 ante

198 2161 562 2207 Hierosolymitanum
585 2164 751 2210 templum
768 2165 852 2201 351.

292 2204 450 2244 Indicum
475 2214 593 2246 aetate
617 2211 723 2247 etiam
746 2212 920 2247 Hercules
943 2212 1049 2248 heros
1073 2213 1246 2259 innotuit,
1281 2218 1318 2250 et
1341 2215 1570 2261 Argonautae
1593 2214 1695 2249 Iaso-

199 2254 255 2290 nis
281 2254 448 2291 Thessali
470 2257 574 2292 socii.
628 2258 708 2303 his,
743 2270 820 2293 cum
854 2271 917 2305 per
948 2271 1044 2294 mare
1076 2260 1263 2296 Ponticum
1298 2273 1436 2297 sursum
1471 2262 1694 2307 navigarent,

196 2301 326 2336 bellum
361 2303 478 2338 subito
511 2303 599 2340 fecit
630 2304 785 2349 Cyzicus
813 2305 1038 2352 Hellesponti
1070 2319 1155 2351 rex3
1194 2314 1318 2354 estque
1352 2310 1397 2344 ab
1431 2308 1476 2344 iis
1508 2308 1694 2343 commisso

197 2348 316 2383 navali
339 2350 476 2394 praelio
501 2351 733 2396 interfectus,
760 2356 796 2386 et
821 2352 908 2388 urbs*
928 2353 1084 2399 Cyzicus
1109 2360 1226 2400 capta.
1274 2361 1358 2401 post
1380 2359 1607 2401 Argonautae
1631 2367 1694 2390 co-

195 2395 296 2440 gnito
321 2396 491 2440 Cyzicum
513 2398 603 2444 ipsis
627 2410 759 2442 genere
779 2398 890 2434 fuisse
914 2399 1082 2446 iunctum,
1108 2401 1239 2436 erroris
1263 2402 1404 2437 veniam
1425 2403 1694 2448 flagitaverunt,

197 2453 241 2480 ac
269 2443 410 2478 numine
444 2443 583 2491 placato
607 2445 727 2479 fanum
751 2443 789 2479 in
813 2447 900 2480 urbe
931 2446 1067 2492 Cyzico
1093 2454 1365 2495 exstruxerunt,
1398 2448 1443 2484 de
1467 2461 1538 2495 quo
1565 2454 1696 2495 postea

195 2488 364 2532 dicemus,
392 2494 432 2524 ut
452 2496 488 2525 et
507 2491 551 2525 de
569 2490 710 2526 oraculo
730 2490 819 2537 ipsis
846 2504 867 2527 a
888 2493 1031 2537 Pythiis
1054 2495 1201 2530 thermis
1227 2495 1332 2531 allato
1359 2500 1396 2530 et
1419 2495 1512 2531 aliis.

289 2535 479 2581 Ephodum
504 2538 655 2572 Gedeon
679 2549 750 2572 non
774 2538 853 2573 aliis
883 2539 952 2574 diis
984 2541 1048 2575 sed
1076 2553 1161 2576 vero
1192 2543 1259 2577 deo
1287 2542 1531 2578 consecravit:
1567 2542 1630 2577 sed
1656 2543 1693 2578 in

194 2579 280 2616 l'oco‘
300 2582 434 2627 alieno,
472 2588 510 2618 et
531 2589 655 2620 contra
678 2583 791 2629 legem
814 2585 853 2620 id
877 2586 984 2631 fecit,
1021 2598 1112 2633 quae
1136 2600 1195 2624 res
1225 2594 1262 2624 et
1283 2589 1464 2624 Israelicis
1487 2589 1695 2627 offendendi

195 2638 316 2662 ansam
340 2630 526 2676 praebuit,
562 2635 599 2665 et
634 2631 788 2666 familiae
813 2633 996 2667 Gedeonis
1019 2633 1264 2671 internecione
1287 2635 1403 2671 stetit.
1430 2660 1433 2663 -
1452 2636 1578 2673 habuit
1601 2637 1694 2672 enim

195 2673 256 2709 hic
280 2676 430 2711 Gedeon
463 2688 507 2710 ex
531 2676 648 2712 multis
676 2678 846 2714 uxoribus
881 2691 922 2714 ac
982 2679 1140 2717 ellicibus
1172 2683 1218 2719 70
1247 2682 1355 2718 filios.
1405 2695 1450 2718 ex
1474 2683 1595 2718 harum
1624 2695 1695 2718 una

196 2720 304 2756 etiam
331 2721 592 2758 Abimelechum
624 2725 791 2771 sustulit,
828 2725 890 2772 qui
921 2738 960 2761 re
975 2726 1077 2773 iquos
1108 2741 1191 2764 suos
1215 2730 1348 2764 fratres
1373 2730 1419 2766 ad
1443 2741 1549 2764 unum
1573 2741 1694 2767 omnes

197 2777 306 2813 super
336 2780 406 2803 uno
435 2769 554 2815 lapide
584 2771 746 2817 necavit,
782 2772 857 2807 solo
880 2773 1062 2809 Ioathamo
1091 2775 1213 2821 elapso
1243 2776 1359 2813 caedi.
1409 2776 1575 2823 populum
1600 2776 1695 2811 enim

196 2813 400 2850 adulatione
422 2815 671 2852 Abimelechus
706 2819 850 2865 decepit
878 2832 1095 2867 regnumque
1131 2822 1300 2859 obtinuit.
1349 2823 1551 2859 Ioathamus
1575 2829 1693 2859 autem

195 2861 308 2896 frater
338 2862 415 2897 eius
448 2875 640 2898 conscenso
674 2865 825 2910 quodam
858 2872 976 2902 monte
1002 2868 1182 2904 Sicemitis
1205 2870 1319 2916 patris
1345 2870 1402 2905 sui
1425 2870 1602 2906 beneficia
1629 2882 1693 2905 ex-

196 2909 399 2954 probravit,
434 2921 477 2946 ac
505 2910 658 2947 fabulam
690 2911 735 2948 iis
771 2913 816 2948 de
849 2913 929 2950 olea
954 2913 1025 2950 ficu
1058 2914 1133 2951 vite
1165 2921 1202 2951 et
1234 2917 1379 2953 rhamno
1414 2917 1587 2954 narravit.
1635 2917 1693 2952 cui
