1742 3184
210 235 312 284 296
483 236 486 238 ’
696 235 941 282 GEORGH
968 231 1217 282 CEDRENI

191 354 279 405 ,καὶ
306 350 443 408 πάσης
468 351 610 404 οὗσίας
632 353 700 396 καὶ
722 350 825 408 ὕλης
834 383 849 405 ,
885 350 991 395 κατὰ
1010 348 1135 410 φύσιν
1152 353 1220 396 καὶ
1239 348 1414 408 δύναμιν
1430 354 1691 413 διατακτικὴν

205 421 456 483 ζῳογονικήν.
502 447 503 450 =
959 420 961 422 ¹
1493 452 1496 461 -.
1602 483 1607 487 .

334 490 426 536 Ὅτι
453 490 597 548 κέρδος
622 487 649 546 ἦ
676 489 883 548 ἐπίκαιρος
913 486 1027 541 δόσις
1052 488 1231 547 λέγεται,
1263 491 1494 550 μιλιαρίσια
1528 493 1574 536 δὲ
1606 493 1685 537 ἀπὸ

201 565 277 618 τῆς
305 562 482 618 μιλιτίας
514 558 640 616 ἤγουν
673 559 909 616 στρατείας·
944 557 967 603 ὅ
998 558 1078 617 γὰρ
1112 561 1292 603 Σκιπίων
1314 561 1376 604 δι’
1403 560 1558 605 ἔνδειαν
1578 580 1684 619 χρυ-

201 632 291 675 σίου
326 637 412 682 τοῖς
442 626 711 685 στρατιώταις
728 629 795 672 τὰ
828 629 1059 687 μιλιαρίσια
1089 628 1400 681 κατασκευάσας
1429 631 1717 687 ἓπιδέδωκεν,5

195 701 399 756 Ἀννίβου
422 706 508 749 τοῖς
528 696 764 756 πράγμασιν
785 699 1048 753 ἐπικειμένου.
1261 702 1267 710 ’
1694 704 1696 717 ²

326 769 419 816 “ou
459 766 690 826 ὁηλάτορας
726 767 824 820 τοὺς
861 767 1082 822 διαβόλους
1115 769 1184 811 καὶ
1219 766 1483 827 συκοφάντας
1512 774 1684 817 καλοῦσι

192 837 400 895 Ῥωμαῖοι.
643 839 650 844 “

326 908 418 952 Ὅτι
436 905 676 965 σπαθάριος
699 903 720 949 ὃ
742 904 1050 964 σωματοφύλαξ
1072 905 1201 958 ἐστίν,
1237 904 1413 963 ὄρατίων
1431 905 1458 964 ἦ
1482 907 1681 968 προσφώ-

193 994 332 1034 νησις,
368 979 436 1021 καὶ
459 978 712 1035 φαυρικίσιοι
736 976 774 1018 οἶ
796 980 878 1019 τῶν
899 976 1035 1019 ὅπλων
1058 977 1316 1034 δημιουργοί.
1690 985 1736 1021 10

321 1045 412 1091 ’Ότι
440 1044 636 1101 Ῥωμαῖοι
667 1045 744 1096 τὰς
775 1044 996 1104 σώφρονας
1025 1052 1218 1102 γυναῖκας
1246 1043 1465 1102 ματρώνας
1495 1046 1678 1102 ἐκάλουν,

6 1124 9 1126 ’
47 1121 76 1156 Ρ
102 1122 170 1159 169
194 1116 232 1159 οἱ
256 1114 503 1171 δὲ”Ελληνες
521 1115 838 1167 οῗκοδεσποίνας.
909 1115 960 1158 αἳ
973 1119 1169 1158 τοσοῦτον
1188 1118 1262 1171 τῆς
1284 1117 1428 1166 αῗδοῦς
1444 1116 1679 1174 ἐφρόντιζον

189 1183 246 1236 ὥς
275 1187 381 1243 μηδὲ
410 1192 502 1236 ταῖς
531 1189 702 1236 πολλαῖς
725 1189 807 1228 τῶν
831 1188 1036 1242 γυναικῶν
1057 1182 1235 1238 ὁμιλεῖν,
1265 1185 1372 1228 ἀλλὰ
1394 1184 1544 1237 τόπους
1563 1188 1678 1239 τινὰς

187 1253 380 1311 ’ἦσυχίους
401 1256 443 1298 ἓν
463 1262 548 1307 τοῖς
567 1255 800 1309 βαλανείοις
826 1254 906 1306 ἔξω
935 1258 1011 1297 τοῦ
1041 1252 1231 1309 πλήθους
1261 1252 1425 1306 ἑαυταῖς
1454 1255 1675 1315 ἀφορίζειν,

188 1323 260 1376 οὓς
281 1325 337 1369 ἔτι
361 1326 430 1367 καὶ
452 1329 525 1368 νῦν
545 1325 799 1383 ματρωνίκια
819 1327 1027 1366 καλοῦσιν.
1685 1335 1731 1374 15

317 1393 408 1438 Ὅτι
439 1392 650 1453 σώφρονες
674 1390 880 1449 Ἑλλήνων
906 1387 1018 1437 οὗτοι
1025 1425 1039 1446 ,
1068 1389 1403 1451 Βελλεροφόντης
1423 1395 1676 1450 Σθενεβοίας
1691 1414 1700 1425 ·

184 1464 253 1507 καὶ
278 1465 412 1520 Τέλης
434 1463 742 1523 Ἀλφεσιβοίας
763 1464 831 1506 καὶ
850 1463 1021 1519 ’Πηλεὺς
1042 1463 1356 1518 Ἀστυδαμείας
1379 1465 1449 1506 καὶ
1474 1462 1674 1508 Ἱππόλυ-

180 1550 252 1585 τος
281 1535 483 1592 Φαίδρας.
625 1536 628 1539 ’
741 1548 744 1551 ·
1430 1538 1432 1541 ’

311 1602 403 1647 (Ότι
423 1600 450 1658 ἢ
473 1600 533 1645 ἀῶ
555 1600 669 1659 παρὰ
687 1601 921 1652 Χαλδαίοις
939 1598 1200 1658 ἑρμηνεύεται
1220 1605 1311 1659 φῶς
1329 1601 1475 1656 νοητὸν
1492 1606 1544 1660 τῇ
1567 1604 1672 1646 Φοι-

180 1672 300 1715 νίκων
322 1670 512 1729 γλώσσῃ·
547 1672 616 1712 καὶ
642 1669 834 1724 Σαβαὼθ
853 1671 897 1713 δὲ
916 1668 938 1713 ὃ
958 1669 1061 1729 ὑπὲρ
1082 1670 1178 1721 τοὺς
1198 1668 1302 1714 ἔπτὰ
1319 1669 1495 1724 πόλους,
1529 1673 1668 1717 τουτέ-
1679 1683 1728 1719 20

179 1758 270 1784 στιν
290 1739 311 1784 ὃ
332 1738 582 1797 δημιουργὸς
598 1738 713 1790 θεός.

308 1809 401 1855 ’Ότι
419 1810 491 1854 νέα
507 1807 535 1865 ἡ
553 1806 695 1867 πρώτη
717 1811 793 1852 τοῦ
811 1807 940 1864 μηνὸς
956 1807 1071 1866 παρὰ
1086 1808 1319 1862 Ἀττικοῖς,
1355 1807 1446 1865 ἵννη
1476 1810 1522 1853 δὲ
1546 1809 1573 1866 ἡ
1602 1829 1669 1855 τε-

179 1880 359 1924 λευταία.
429 1876 618 1934 καλάνδη.
631 1873 660 1933 ἡ
676 1879 893 1934 νεομηνία,
929 1877 1009 1920 ἀπὸ
1030 1881 1104 1921 τοῦ
1127 1882 1263 1926 καλεῖν
1281 1880 1323 1922 ἐν
1342 1878 1450 1937 αὐτῇ
1466 1880 1542 1933 ζτὸν
1558 1881 1669 1940 ἱερέα

173 2011 246 2048 lum
266 2012 377 2049 omnis
397 2012 539 2059 generis
559 2009 839 2060 procreationem
858 2009 1002 2045 vitalem
1020 2010 1203 2058 designat,
1230 2010 1372 2058 vimque
1391 2013 1502 2049 omnis
1519 2018 1668 2050 naturae

175 2064 213 2095 et
235 2060 406 2096 materiae
431 2059 717 2107 permutatricem
740 2070 784 2093 ac
803 2057 997 2092 vivificam.

268 2107 432 2153 Kerdos,
464 2106 594 2142 Latine
615 2105 771 2150 lucrum,
802 2104 840 2139 id
863 2104 957 2150 quod
980 2104 1085 2139 datur
1109 2103 1154 2139 ad
1177 2106 1338 2151 tempus,
1360 2104 1504 2142 dicitur.
1550 2107 1667 2143 milia-

172 2152 263 2188 risia
285 2158 402 2189 autem
420 2165 442 2189 a
459 2153 607 2189 militia:
635 2151 758 2198 Scipio
784 2150 876 2186 enim
898 2162 985 2186 auro
1008 2150 1198 2186 destitutus
1211 2178 1222 2198 ,
1249 2156 1287 2187 et
1309 2159 1459 2198 urgente
1476 2153 1665 2202 Annibale,

172 2199 342 2236 militibus
366 2212 411 2236 ea
433 2199 578 2248 paravit
599 2203 707 2244 atque
729 2197 925 2233 distribuit.

213 2274 215 2276 -
263 2247 452 2283 Delatores
484 2258 574 2294 quos
606 2247 758 2282 Romam
791 2249 945 2290 vocant,
977 2243 1007 2279 1i
1041 2243 1193 2279 Graecis
1221 2248 1305 2280 sunt
1335 2245 1468 2281 diaboli
1495 2250 1533 2282 et
1555 2223 1665 2293 syco-

170 2292 474 2387 Phangzgtharius
496 2338 665 2375 Romanis
690 2342 745 2374 est
765 2336 927 2385 corporis
946 2339 1081 2373 custos.
1128 2336 1243 2373 oratio
1263 2338 1499 2385 compellatio.
1547 2340 1662 2376 fabri·

170 2397 294 2422 censes
319 2399 492 2422 armorum
516 2387 677 2433 opifices.
1431 2409 1445 2421 „

261 2434 412 2469 Romani
436 2433 582 2479 pudicas
607 2432 771 2468 mulieres
794 2434 972 2466 matronas
997 2428 1195 2476 appellant,
1222 2430 1357 2466 Graeci
1380 2431 1536 2468 dominas
1554 2433 1660 2469 fami-

170 2477 251 2514 lias.
301 2492 364 2515 eae
384 2477 572 2527 tantopere
590 2478 827 2515 verecundiae
850 2478 1039 2512 studebant
1064 2482 1104 2511 ut
1125 2489 1170 2512 ne
1198 2484 1495 2514 conversarentur
1518 2480 1662 2526 quidem

172 2536 250 2560 cum
271 2527 478 2573 vulgaribus
501 2527 726 2571 mulieribus,
751 2525 816 2560 sed
838 2523 876 2558 in
899 2523 1036 2558 balneis
1056 2529 1159 2558 extra
1175 2523 1432 2560 multitudinem
1450 2525 1521 2562 sibi
1538 2526 1661 2573 quieta

172 2573 341 2616 quaedam
365 2573 563 2619 deligerent
585 2573 680 2618 loca,
705 2583 796 2618 quae
821 2570 1007 2605 etiamnum
1030 2570 1246 2605 Matronalia
1271 2570 1449 2608 dicuntur.

263 2620 318 2653 De
341 2620 492 2655 Graecis
516 2620 606 2655 casti
637 2621 783 2655 fuerunt
805 2616 1118 2662 Bellerophontes,
1150 2617 1212 2662 qui
1235 2617 1486 2665 Stheneboea,
1523 2619 1659 2666 Tenes,

169 2663 231 2744 qgi
254 2664 512 2713 Alphesiboea,
545 2666 694 2712 Peleus,
729 2664 791 2713 qui
813 2664 1050 2710 Astydamea,
1084 2669 1123 2699 et
1141 2664 1382 2710 Hippolytus,
1409 2665 1471 2713 qui
1494 2666 1660 2702 Phaedra

170 2721 191 2744 a
218 2710 355 2746 stinuit.
470 2746 473 2748 ,

262 2757 315 2791 Ao
349 2758 441 2804 apud
473 2759 674 2796 Chaldaeos
697 2749 967 2804 interpretatum
989 2760 1044 2792 est
1067 2755 1204 2801 lumen,
1239 2757 1334 2803 quod
1360 2762 1478 2793 mente
1499 2758 1656 2805 percipi-

172 2806 249 2855 tur,
283 2802 402 2848 lingua
426 2805 660 2841 Phoenicum:
694 2803 853 2840 Sabaoth
880 2810 995 2839 autem
1020 2804 1051 2838 is
1073 2804 1135 2849 qui
1157 2809 1213 2839 est
1234 2815 1341 2851 supra
1368 2811 1504 2851 septem
1528 2805 1675 2850 caelos,'

169 2847 335 2883 mmirum‘
353 2851 486 2895 opifex.
863 2863 867 2868 ¹

260 2895 363 2942 Apud
387 2896 524 2931 Atticos
549 2898 662 2944 prima
684 2897 813 2933 mensis
828 2895 918 2931 vdies
940 2895 1040 2940 Nea,
1074 2895 1112 2931 id
1140 2900 1195 2932 est
1217 2907 1330 2941 nova,
1358 2896 1586 2944 appellatur,
1621 2901 1658 2932 et

168 2939 289 2978 ultima
318 2941 418 2988 Ene,
450 2944 551 2989 quasi
581 2945 702 2981 tacita.
750 2942 967 2980 novilunium
996 2942 1179 2979 Kalendae
1213 2948 1423 2991 usurpatur,
1456 2955 1479 2980 a
1509 2944 1656 2980 calando
