1742 3184
242 213 339 260 162
721 211 963 260 GEORGII
995 206 1245 256 ‘CEDRENI

229 322 431 384 συνήθεις
457 328 619 385 στυγνοὶ
645 327 712 370 καὶ
741 329 950 384 κατηφεῖς.
1020 321 1043 368 ὅ
1074 324 1120 367 δὲ
1148 322 1269 381 γνοὺς
1301 322 1382 368 ἀπὸ
1410 318 1485 367 ‘coit'
1503 321 1719 380 σχήματος

239 397 319 443 εἷπε
342 395 544 453 (ετέθνηκε
565 397 611 440 τὸ
637 394 842 440 nocedim-'²
915 393 954 437 οἱ
974 393 1020 436 δὲ
1038 391 1148 437 εἶπον
1168 392 1251 436 “mi
1275 392 1433 444 εἶπας.”
1504 395 1572 436 καὶ
1593 394 1719 446 εὐθὺς

230 467 448 512 κατελθών
468 464 673 510 «ἐλούσατο
703 467 770 508 καὶ
800 461 1040 522 ἠμφιάσατο
1071 464 1139 506 καὶ
1167 463 1440 519 ηὗχαρίστησε
1462 467 1522 521 τῷ
1538 467 1627 522 θεῷ
1648 466 1716 506 καὶ

235 538 432 593 μετέλαβε
453 541 623 595 τροφῆς.
692 531 949 592 ἐρωτώμενος
968 533 1012 576 δὲ
1031 533 1105 589 τὴν
1125 534 1257 575 αἰτίαν
1276 537 1350 588 τῆς
1367 533 1591 589 ἐναλλαγῆς
1610 531 1716 576 εἶπεν

232 608 299 651 ’ὅτι
330 607 602 656 ἀσθενοῦντος
632 605 759 647 αὐτοῦ
790 599 989 651 ἐδυσώπει
1018 601 1089 645 τὸν
1112 601 1213 645 θεὸν
1235 601 1460 659 ἀναστῆναι
1477 602 1548 645 τὸν
1564 605 1742 646 παῖδα·5

235 678 319 720 ἐπεὶ
336 676 380 718 δὲ
401 672 674 730 τετελεύτηκε,
710 674 771 723 τίς
791 670 816 727 ἡ
833 673 952 729 χρεία
973 673 1211 715 κοποῦσθαί
1225 690 1301 727 pff,-
1335 672 1395 728 μὴ
1421 674 1593 728 δυνηθῶ
1615 672 1717 716 ἄνα-

235 745 413 804 στρέψαι
436 744 510 800 τὴν
531 742 671 799 ψυχὴν
692 746 767 786 τοῦ
787 743 952 784 παιδίου
978 743 1019 784 ἔν
1045 741 1184 800 αὗτῷς

365 814 455 857 Ὅτι
483 813 604 856 ἔδωκε
629 811 769 868 κύριος
790 815 848 853 τιῦ
869 814 1105 866 Σολομῶντι
1130 807 1329 869 φρόνησιν
1351 810 1420 852 καὶ
1443 810 1595 868 σοφίαν
1615 814 1717 853 πολ-

823 855 834 869 ι

237 884 310 940 λὴν
332 881 498 941 σφόδρα
515 884 581 925 καὶ
601 880 753 932 πλάτος
771 882 964 938 καρδίας,
1001 878 1095 924 ὡσεὶ
1118 880 1256 937 ἄμμος
1277 877 1303 934 ἦ
1325 879 1440 937 παρὰ
1458 880 1532 937 τὴν
1548 879 1716 924 θάλασ-

185 963 216 997 C
236 970 330 997 σαν.
398 954 466 995 καὶ
491 949 735 1007 ἐπληθύνθη
758 952 800 993 ἐν
822 950 935 1008 αὐτῷ
954 949 979 1005 ἡ
1004 948 1202 1009 φρόνησις
1221 947 1322 1007 ὑπὲρ
1345 947 1500 1006 πάντας
1520 949 1742 1008 ἄρχαιόυς1

235 1024 301 1066 καὶ
321 1020 422 1078 ὓπὲρ
443 1020 599 1072 πάντας
619 1021 844 1079 φρονίμους
863 1018 1093 1076 Αἰγύπτου.
1164 1019 1350 1078 ἔρχονται
1371 1018 1475 1077 πρὸς
1498 1020 1622 1064 αὐτὸν
1643 1036 1718 1077 γυ-

235 1098 369 1143 ναῖκες
397 1089 471 1134 δύο
502 1093 776 1148 δικασθῆναι,
812 1091 880 1132 καὶ
911 1087 1016 1132 εἶπεν
1046 1088 1072 1145 ἡ
1100 1090 1175 1144 μία
1206 1087 1315 1145 “grui
1342 1090 1409 1131 καὶ
1435 1087 1461 1144 ἦ
1488 1089 1586 1146 γυνὴ
1613 1089 1717 1145 αὕτη

237 1165 424 1216 οἶκοῦμεν
444 1162 485 1203 ἓν
505 1161 601 1218 οἷ’κῳ
625 1158 694 1202 ἕνί.
749 1160 817 1203 καὶ
840 1159 917 1216 ἐγὼ
936 1160 1009 1214 μὲν
1028 1158 1161 1202 ἔτεκον
1173 1191 1186 1211 ,
1224 1160 1292 1201 καὶ
1313 1159 1418 1213 μετὰ
1438 1160 1578 1216 τρίτην
1599 1157 1718 1214 αὕτη.

235 1229 386 1286 ταύτης
416 1231 461 1274 τὸ
493 1231 653 1272 παιδίον
682 1229 877 1284 τέθνηκεν
887 1261 900 1281 ,
936 1230 1018 1272 ἐπεὶ
1048 1228 1122 1284 τὴν
1152 1227 1278 1272 νύκτα
1309 1226 1561 1284 ἐπεκοιμήθη
1591 1229 1718 1287 αὐτῷ.

235 1303 303 1345 καὶ
338 1300 427 1343 ἰδοὺ
463 1300 675 1343 ἀναστᾶσα
704 1298 826 1353 ἔλαβε
857 1299 903 1341 τὸ
937 1298 1035 1354 ἐμὸν
1063 1299 1226 1342 παιδίον
1259 1298 1302 1340 ἐκ
1334 1301 1408 1353 τῆς
1432 1296 1612 1354 ἀγκάλης
1633 1306 1742 1353 μου1

230 1369 458 1426 ὑπνούσης,
484 1371 552 1412 καὶ
572 1369 727 1411 τέθεικε
749 1368 795 1411 τὸ
816 1366 963 1423 ἑαυτῆς
981 1366 1201 1424 τεθνηκός·
1232 1369 1332 1423 ἐμοῦ
1355 1368 1400 1410 δὲ
1419 1367 1465 1422 τὸ
1488 1369 1717 1425 πρωῒάνα-

231 1438 387 1496 στάσης
417 1438 603 1495 θηλάσαι
635 1436 757 1490 αὐτό,
794 1436 943 1494 εὖρέθη
969 1438 1017 1480 τὸ
1039 1435 1249 1493 τεθνηκός.
1319 1439 1388 1487 καὶ
1410 1442 1716 1492 καταμαθοῦσα

233 1507 340 1561 εἶδον
370 1507 425 1563 ὡς
457 1508 531 1551 οὒκ
557 1508 642 1552 ἔστι
673 1508 719 1550 τὸ
748 1508 909 1561 παιδίον
939 1507 1066 1563 μου.”
1141 1509 1208 1550 καὶ
1236 1504 1341 1549 εἶπεν
1376 1504 1403 1564 ἡ
1433 1505 1552 1564 ἑτέρα
1581 1502 1716 1562 αοῦχί,

177 1589 210 1626 D
235 1579 342 1622 ἀλλὰ
369 1577 441 1622 σόν
463 1579 547 1621 ἔστι
570 1577 616 1621 τὸ
638 1575 860 1632 τεθνηκός,
897 1576 994 1632 ἐμὸν
1025 1574 1071 1619 δὲ’
1099 1576 1146 1620 τὸ
1178 1575 1300 1629 {effu-'²
1373 1577 1441 1620 καὶ
1474 1574 1556 1620 εἶπε
1584 1579 1718 1619 Σολο-

232 1652 324 1703 μῶν
351 1644 678 1702 (ςδιχοτομήσατε
713 1644 931 1704 ἀμφότερα
960 1645 1012 1689 τὰ
1032 1646 1202 1705 βρέφη,
1237 1647 1306 1688 καὶ
1339 1644 1432 1689 δότε
1462 1645 1742 1705 ἆμφοτὲραιςξ

235 1725 325 1768 ταῖς
348 1718 526 1774 γυναιξὶν
550 1708 630 1758 dub
653 1720 734 1758 τῶν
759 1713 832 1759 δύο
855 1715 1070 1771 acceditur-²²
1144 1717 1211 1758 καὶ
1242 1713 1348 1758 εἶπεν
1369 1713 1396 1771 ἦ
1415 1715 1515 1773 γυνὴ
1535 1714 1714 1774 ἧμήτηρ

233 1791 308 1831 τοῦ
332 1789 480 1840 ζῶντος
498 1783 610 1840 “μή,
637 1781 773 1842 κύριε,
803 1785 910 1829 ἀλλὰ
934 1784 1026 1828 δότε
1048 1784 1152 1843 αὐτῇ
1175 1784 1221 1829 τὸ
1246 1786 1410 1828 παιδίον
1436 1785 1482 1828 τὸ
1512 1781 1612 1839 ζῶν,
1648 1788 1716 1828 καὶ

234 1857 295 1912 μὴ
329 1854 570 1914 annatim?
642 1853 669 1910 ἡ
702 1856 745 1898 δὲ
781 1853 899 1913 ἑτέρα
931 1853 1014 1898 εἶπε
1043 1853 1176 1911 (ςμήτε
1211 1854 1315 1913 αὐτῇ
1340 1854 1443 1910 μήτε
1470 1856 1560 1911 ἐμοὶ
1589 1855 1715 1899 ἴστω·

232 1984 329 2023 tristi
351 1983 464 2021 vultu.
511 1984 606 2021 uude
629 1996 694 2021 rex
716 1985 802 2044 ‘39³³
823 1984 954 2020 sactum
979 1988 1075 2021 esset
1105 1985 1272 2032 colligens
1294 1982 1476 2022 “mortuus
1501 1983 1580 2023 est”
1600 1986 1717 2033 inquit

232 2029 385 2081 “puer.''
431 2032 692 2089 responderunt
748 2033 787 2068 tu
809 2031 877 2067 hoc
899 2028 1060 2067 dixisti.”
1107 2037 1143 2068 at
1166 2045 1231 2068 rex
1254 2033 1371 2069 statim
1395 2045 1565 2080 surgere,
1593 2030 1717 2069 la'vare

234 2091 384 2126 corpus,
407 2084 564 2125 vestire,
587 2078 655 2114 deo
718 2080 808 2119 atias
828 2091 957 2125 agere,
983 2079 1097 2114 cibum
1120 2091 1270 2115 sumere.
1317 2081 1555 2126 interrogatus
1577 2092 1717 2116 causam

233 2126 337 2162 huius
361 2125 565 2161 mutationis
585 2122 714 2161 “dum’
738 2125 854 2172 inquit
875 2121 1131 2161 “decumbebat
1153 2126 1270 2161 infans
1284 2155 1294 2172 ,
1330 2139 1352 2162 a
1375 2128 1442 2162 deo
1469 2127 1633 2172 precibus
1657 2139 1718 2163 sa.—

232 2172 342 2209 Iutem
370 2173 447 2208 eius
476 2171 658 2219 flagitavi:
696 2178 834 2208 mortuo
867 2184 908 2207 eo
934 2183 1098 2218 quorsum
1132 2173 1302 2210 attineret
1323 2186 1378 2209 me
1401 2173 1591 2220 afflictari,
1627 2185 1718 2209 nun-

235 2231 340 2266 quam
363 2220 567 2255 effecturum
588 2223 628 2254 ut
651 2219 767 2254 anima
789 2219 827 2254 in
850 2230 978 2266 corpus
1002 2215 1188 2255 rede‘atT'

327 2259 550 2301 Sofomonem
572 2266 659 2301 deus
682 2264 871 2312 prudentia
889 2278 931 2300 ac
951 2265 1127 2311 sapientia
1150 2265 1299 2301 maxima
1322 2266 1489 2312 donavit,
1520 2271 1718 2314 pectusque

233 2316 288 2348 tot
313 2313 573 2359 cognitionibus
596 2324 713 2348 rerum
735 2312 898 2358 implevit
920 2318 1005 2359 quot
1023 2314 1201 2347 numerum
1223 2324 1353 2348 arenae
1371 2313 1566 2349 maritimae
1584 2325 1717 2359 aequa-

235 2363 330 2394 rent.
378 2359 501 2405 itaque
523 2358 700 2406 sapientia
722 2365 759 2394 et
781 2358 918 2405 priscos
945 2371 1064 2394 omnes
1094 2360 1279 2405 superavit
1303 2366 1340 2394 et
1362 2360 1540 2396 universis
1559 2359 1718 2407 Aegypti

235 2405 455 2461 sapientibus
493 2401 709 2441 antecelluit.
768 2405 916 2440 veniunt
949 2405 994 2440 ad
1029 2417 1106 2440 eum
1143 2407 1236 2442 dua'e
1270 2405 1434 2442 mulieres
1464 2406 1717 2453 disceptandas

234 2451 309 2501 litis
342 2464 460 2488 causa.
507 2453 608 2499 prior
637 2452 753 2488 refert
781 2463 843 2497 se,
881 2463 957 2487 cum
983 2452 1021 2486 in
1052 2463 1120 2487 una
1150 2455 1272 2489 ambae
1294 2452 1398 2487 domo
1421 2453 1613 2499 degerent,
1650 2465 1717 2499 pe-

235 2497 390 2544 perisse,
423 2504 530 2544 atque
560 2498 705 2534 alteram
736 2499 822 2534 item
852 2499 972 2534 triduo
996 2504 1090 2545 post.
1139 2499 1215 2534 eins
1235 2499 1426 2544 infantem,
1464 2511 1542 2535 cum
1563 2511 1629 2546 per
1650 2511 1717 2535 no-

238 2550 328 2578 ctem
351 2557 426 2580 cum
449 2552 561 2581 matre
580 2555 645 2581 sua
667 2547 852 2590 cubasset,
885 2545 1094 2580 exstinctum
1115 2546 1247 2589 suisse3
1282 2551 1390 2592 atque
1410 2554 1486 2581 eam
1504 2546 1716 2591 surrexisse,

238 2590 378 2636 sibique
399 2592 587 2627 dormienti
610 2603 708 2628 suum
730 2592 899 2627 infantem
917 2592 1133 2637 surripuisse
1156 2604 1201 2627 ex
1224 2591 1337 2637 ulnis,
1370 2593 1479 2638 inque
1500 2593 1616 2628 locum
1641 2592 1716 2628 eius

236 2641 408 2672 mortuum
432 2638 674 2684 supposuisse.
723 2650 783 2684 se,
816 2647 893 2673 cum
925 2649 1027 2673 mane
1059 2639 1103 2673 ad
1134 2638 1332 2674 lactandum
1360 2649 1459 2674 suum
1489 2639 1716 2685 surrexisset,

236 2683 409 2718 mortuuin
430 2685 600 2720 infantem
624 2686 836 2730 offendisse,
872 2696 914 2719 ac
940 2696 982 2719 re
1008 2685 1191 2731 explorata
1211 2685 1488 2731 deprehendisse
1514 2695 1593 2722 eum
1615 2697 1716 2722 suum

236 2739 307 2763 non
332 2740 423 2765 esse.
470 2742 546 2765 cum
567 2731 680 2767 altera
708 2732 775 2767 hoc
798 2735 964 2777 negaret,
1002 2743 1072 2766 non
1095 2743 1195 2767 suum
1219 2733 1283 2767 sed
1310 2731 1403 2766 iliius
1422 2731 1593 2768 infantem
1620 2744 1715 2767 mor-

236 2780 308 2809 tem
330 2776 461 2811 obiisse
478 2779 709 2824 contendens,
738 2776 905 2813 solomon
926 2784 1112 2823 utrumque
1134 2779 1284 2813 medium
1306 2779 1423 2813 secari
1443 2779 1615 2815 infantem
1639 2779 1715 2814 ius-

237 2820 304 2864 sit,
337 2833 379 2856 ac
403 2822 448 2857 de
470 2828 620 2869 utroque
650 2825 850 2870 portionem
880 2825 1046 2860 ambabus
1070 2824 1160 2860 dari.
1207 2825 1261 2860 ibi
1289 2830 1402 2860 mater
1422 2825 1571 2862 infantis
1592 2836 1714 2871 regem

235 2872 382 2948 precata
404 2875 459 2903 est
482 2881 527 2903 ne
552 2870 618 2905 hoc
639 2877 824 2917 ageretur,
849 2871 1038 2919 potiusque
1062 2871 1316 2907 concederetur
1334 2870 1439 2907 alteri
1449 2873 1592 2913 >mulieri
1609 2873 1713 2908 vivus

251 2913 373 2960 nfans‚
408 2920 450 2950 ut
472 2927 517 2953 ne
539 2917 695 2965 periret,
724 2918 836 2956 altera
858 2917 1068 2955 divisionem
1087 2918 1190 2955 istam
1211 2919 1408 2966 probante,
1436 2925 1477 2956 ut
1501 2931 1617 2966 neque
1642 2917 1716 2955 sibi
