1742 3184
358 222 759 268 HISTORIARDM
788 222 1182 269 GOMPENDIUM.
1412 224 1512 270 357

42 335 213 392 πότερον
229 335 303 393 τὴν
319 341 401 380 τῶν
421 341 582 380 πολλῶν
602 334 725 388 δόξαν
746 338 814 380 δεῖ
828 334 939 392 ἡμᾶς
958 337 1179 380 πείθεσθαι
1199 337 1266 379 καὶ
1288 341 1512 394 φοβεῖσθαι

43 406 71 461 ἢ
100 406 175 461 τὴν
201 410 277 449 τοῦ
304 404 414 457 ἑνός,
450 406 493 450 εἷ’
509 424 574 457 τις
599 405 708 450 ἔστιν
734 406 886 449 ἐπαΐων
912 401 962 449 οὗ
991 409 1075 458 δεῖ,
1109 407 1177 449 καὶ
1200 410 1423 463 φοβεῖσθαι
1443 407 1511 448 καὶ

46 473 314 529 αἰσχύνεσθαι
337 479 495 529 μᾶλλον
515 474 544 531 ἢ
566 473 802 529 ξύμπαντας
820 475 915 525 τοὺς
938 474 1111 530 ἅλλουςς
1147 470 1181 534 ᾧ
1203 477 1239 518 εἴ
1255 475 1315 530 μὴ
1338 475 1510 517 ἀκολου-

44 541 249 598 θήσομεν,
273 545 414 594 δεινῶς
433 542 724 599 λωβησάμεθα.
793 543 867 587 οὒκ
886 543 968 601 ἄρα
987 561 1054 599 γε,
1087 539 1122 587 ὦ
1140 544 1345 599 βέλτιστε,
1381 560 1505 601 φρον-
1532 552 1564 587 C

11 613 198 655 ὅτιστέον
215 609 313 667 ἡμῖν
328 614 372 655 τί
385 614 546 669 ἐροῦσιν
564 611 662 667 ἡμῖν
679 613 718 655 οἶ
734 613 896 665 πολλοί,
935 613 1040 655 ἀλλὰ
1066 615 1110 655 τί
1129 613 1175 656 τὸ
1203 614 1344 655 ἓπαΐον
1364 617 1424 670 τῷ
1445 615 1511 654 δι-.-

43 682 146 738 καίῳ
172 683 242 723 καὶ
270 681 420 738 ἀδίκῳ,
454 680 544 736 ἣτις
569 682 675 725 ἐστὶν
697 679 723 736 ἦ
747 680 936 736 ἀλήθεια.
1002 686 1133 725 ταῦτα
1155 683 1198 725 δὲ
1220 685 1406 740 φανερῶς
1429 682 1510 724 ἐοί-

43 767 138 792 κασι
161 757 247 800 τοῖς
265 748 474 807 ἡμετέροις
493 755 650 804 μᾶλλον
669 750 790 807 ἱεροῖς
809 753 876 793 καὶ
894 751 1173 802 ἀποστολικοῖς
1198 749 1351 807 λόγοις,
1380 750 1423 792 ἓν
1446 748 1510 800 οἷς

44 820 169 875 φησὶν
197 817 219 861 ὅ
244 819 371 875 μέγας
392 821 565 870 Παῦλος
589 817 689 862 “διὰ
711 824 792 862 τῶν
814 819 950 862 ὅπλων
972 824 1044 875 τῆς
1065 819 1321 875 δικαιοσύνης
1340 824 1422 862 τῶν
1440 821 1508 861 δε·-

44 890 139 938 ξίων
169 889 237 930 καὶ
267 888 513 946 ἀριστερῶν,
548 889 617 931 διὰ
642 887 764 943 δόξης
784 892 853 931 καὶ
876 889 1058 943 ἀτιμίας,
1093 890 1162 932 διὰ
1185 890 1421 946 δυσφημίας
1439 890 1508 930 καὶ

0 963 36 999 [0
47 956 230 1011 ἀθυμίας
237 988 251 1009 ,
285 954 343 1008 ῶς
365 955 513 999 πλάνοι
541 959 609 1000 καὶ
638 957 828 1013 ἀληθεῖς,
860 956 916 1008 ὡς
943 958 1204 1013 ἀγνοούμενοι
1231 960 1298 1000 καὶ
1324 959 1509 1013 ἐπιγινω-

42 1024 253 1079 σκόμενοι,
298 1023 355 1077 ὥς
385 1025 711 1082 ἀποθνήσκοντες
737 1028 804 1069 καὶ
838 1026 928 1069 ἲδού
959 1029 1107 1081 ζῶμεν,
1142 1025 1199 1077 ὥς
1226 1024 1510 1080 παιδευόμενοι

43 1096 111 1137 καὶ
134 1094 194 1149 μὴ
217 1094 547 1150 θανατούμενοι”
577 1097 645 1138 καὶ
672 1095 725 1138 τὰ
752 1094 857 1150 ἑξῆς.
924 1094 1113 1151 τοιαύτην
1142 1090 1214 1138 οὖν
1240 1098 1330 1153 περὶ
1353 1097 1509 1137 δικαιο-

42 1162 168 1219 σύνης
185 1166 252 1206 καὶ
271 1166 498 1222 θεαρέστου
518 1166 719 1215 πολιτείας
736 1163 842 1207 πάνυ
862 1164 1083 1221 Σωκράτης
1102 1167 1168 1207 καὶ
1187 1163 1366 1206 Πλάτων
1390 1165 1507 1205 διδα-
1528 1169 1561 1204 D

42 1236 211 1275 σκαλιάν
231 1232 469 1289 ἐποιήσαντο
479 1266 493 1286 ,
525 1234 774 1289 θαυμαστὴν
792 1232 917 1284 ὅντως
932 1236 999 1275 καὶ
1017 1234 1244 1285 ἀξιέπαινον
1265 1233 1434 1288 ἀληθῶς
1455 1237 1508 1289 τῇ

0 1306 33 1341 [5
45 1305 186 1359 λογικῇ
213 1301 333 1360 φύσει
360 1307 442 1346 τῶν
467 1302 698 1360 ἀνθρώπων
718 1303 1035 1357 συμβαίνουσαν.
1103 1303 1155 1346 τὰ
1176 1303 1253 1359 γὰρ
1275 1301 1403 1357 ἠθικὰ
1424 1319 1508 1355 μα-

41 1370 215 1425 θήματα
233 1369 389 1422 πάντας
407 1370 654 1429 ἀνθρώπους
684 1369 710 1427 ἦ
740 1371 862 1429 φύσις
888 1373 1112 1414 ἐπαίδευσε.
1179 1369 1409 1420 διαπλάσας
1428 1368 1508 1427 γάρ

42 1457 106 1482 τοι
142 1445 225 1482 τῶν
250 1439 482 1498 ἀνθρώπων
503 1441 549 1484 τὸ
572 1442 682 1497 γένος
704 1439 726 1482 ὃ
750 1441 850 1491 θεὸς
880 1441 1074 1484 ἓντὲθεικε
1093 1445 1143 1496 τῇ
1165 1438 1284 1497 φύσει
1303 1443 1384 1482 τῶν
1405 1439 1509 1494 ἀγα-

41 1513 135 1551 θῶν
155 1511 222 1551 καὶ
242 1514 324 1552 τῶν
344 1511 531 1553 ἐναντίων
556 1510 633 1565 τὴν
661 1509 899 1566 διάγνωσιν,
934 1507 956 1552 ὃ
987 1511 1054 1551 καὶ
1082 1508 1284 1552 παιδεύων
1313 1507 1413 1562 ἔθνη
1442 1508 1512 1549 καὶ

44 1576 248 1621 διδάσκων
282 1577 505 1635 ἄνθρωπον
535 1584 695 1635 γνῶσιν.
765 1576 903 1635 διόπερ
946 1578 994 1621 οὗ
1034 1576 1159 1633 μόνον
1190 1575 1412 1633 Σωκράτης
1442 1576 1512 1618 καὶ

0 1645 224 1690 ΞθΠλάτων
254 1649 322 1690 καὶ
354 1647 470 1691 ἄλλοι
503 1649 606 1698 τινὲς
641 1652 723 1690 τῶν
745 1646 947 1702 Ἑλλήνων
976 1646 1047 1690 τὸν
1077 1646 1218 1689 ἄδικον
1246 1644 1511 1700 ε’βδελύξαντο

42 1717 134 1771 βίον
141 1749 155 1769 ,
182 1717 288 1759 ἀλλὰ
305 1718 371 1760 καὶ
390 1720 532 1760 πολλοὶ
553 1722 634 1760 τῶν
648 1715 888 1774 βαρβάρων.
942 1717 1008 1758 καὶ
1029 1716 1107 1773 γὰρ
1129 1715 1224 1766 τοὺς
1241 1713 1514 1772 ὕπερβορὲους

42 1787 117 1840 μὲν
138 1789 260 1829 οἰκεῖν
280 1784 382 1845 ὑπὲρ
403 1786 455 1829 τὰ
472 1784 634 1829 Ῥιπαῖα
661 1785 736 1842 ὅρη
765 1787 912 1844 φασίν,
948 1785 1083 1828 ἀσκεῖν
1106 1786 1151 1827 δὲ
1175 1782 1434 1838 δικαιοσύνην
1452 1781 1512 1836 μὴ

43 1860 380 1914 κρεωφαγοῦντας
399 1856 492 1899 ἀλλ’
520 1853 763 1914 ἀκροδρύοις
781 1857 849 1898 καὶ
865 1854 990 1898 ῧδασι
1005 1854 1254 1912 χρωμένους.
1321 1854 1389 1895 καὶ
1416 1850 1514 1901 τοὺς
1535 1859 1564 1894 P
1586 1858 1657 1896 204

44 1999 122 2022 eum
141 1987 396 2034 interrogavitz
426 1999 470 2022 an
490 1987 655 2022 debemus
679 1985 776 2031 vulgi
800 1986 844 2020 de
867 1986 969 2021 nobis
989 1984 1121 2020 iudicia
1143 1985 1326 2020 metuere?
1362 1985 1423 2018 aut
1443 1994 1512 2028 po·-

42 2035 114 2068 tius
137 2035 268 2081 spretis
292 2035 449 2069 omuibus
472 2033 573 2078 aliis,
597 2034 671 2068 eius
693 2033 858 2067 iudicium
876 2032 1035 2067 revereri
1055 2032 1115 2077 qui
1135 2031 1169 2066 ei
1187 2032 1280 2076 quod
1301 2034 1434 2064 rectum
1458 2031 1515 2062 est

43 2081 289 2126 obtemperet?
323 2081 381 2115 cui
405 2080 475 2114 nisi
498 2091 698 2125 pareamus,
721 2079 846 2125 ingens
869 2080 975 2113 simus
997 2079 1156 2113 damnum
1178 2075 1395 2123 percepturi.
1443 2085 1515 2109 non

44 2127 205 2172 equidem
219 2154 228 2169 ,
253 2127 340 2161 heus
363 2132 422 2170 tu,
447 2127 633 2161 curandum
657 2126 759 2160 nobis
784 2131 838 2160 est
858 2125 942 2171 quid
968 2124 1065 2170 plebs
1088 2123 1238 2168 iudicet,
1262 2123 1324 2157 sed
1343 2120 1427 2166 quid
1447 2132 1513 2155 ve-

42 2174 131 2207 ritas
162 2174 311 2219 probet,
343 2183 434 2217 quae
466 2171 594 2207 iustum
625 2173 669 2206 ab
698 2172 829 2207 iniusto
855 2171 1037 2207 discernit.
1083 2170 1171 2204 haec
1194 2169 1381 2216 perspicue
1402 2166 1515 2211 magis

45 2219 259 2254 conveniunt
280 2218 412 2253 nostris
435 2219 547 2253 sacris
573 2224 679 2265 atque
705 2218 908 2264 apostolicis
929 2216 1161 2252 sermonibus.
1208 2227 1285 2250 nam
1308 2212 1439 2248 Paulus
1459 2213 1515 2246 ita.

43 2265 212 2311 loquitur.
261 2267 300 2308 (2
318 2266 404 2300 Cor.
424 2266 463 2308 6)
494 2261 624 2299 “armis
653 2265 812 2299 iustitiae
841 2264 977 2299 dextris
1002 2270 1038 2298 et
1060 2262 1234 2305 sinistris,
1272 2271 1338 2306 per
1366 2258 1515 2303 gloriam

43 2318 82 2346 et
105 2311 349 2357 ignominiam,
376 2322 442 2356 per
466 2310 657 2357 opprobria
678 2316 715 2345 et
737 2312 963 2352 maestitiam3
996 2315 1161 2354 tanquam
1179 2309 1411 2354 impostores,
1436 2315 1514 2338 cum

45 2358 185 2403 quidem
208 2358 317 2393 simus
338 2369 504 2401 veraces,
539 2364 704 2402 tanquam
726 2357 860 2402 ignoti,
894 2368 971 2391 cum
994 2357 1099 2390 simus
1123 2354 1219 2397 noti,
1249 2358 1414 2398 tanquam
1436 2361 1513 2384 mo-

44 2405 197 2448 rientes,
228 2415 304 2438 cum
335 2404 475 2448 quidem
506 2404 685 2448 vivamus,
716 2410 754 2438 ut
786 2404 847 2450 qui
874 2403 1086 2446 castigamur
1118 2412 1233 2445 neque
1257 2405 1375 2434 tamen
1405 2408 1512 2431 neca-

41 2447 139 2485 mur”
171 2457 241 2485 etc.
288 2450 378 2484 hanc
409 2450 454 2484 de
483 2450 618 2484 iustitia
650 2461 692 2484 ac
723 2449 819 2484 vitae
852 2449 992 2484 ratione
1024 2450 1090 2482 deo
1124 2451 1291 2492 acceptae
1320 2444 1513 2479 doctrinam

41 2496 222 2542 principes
262 2495 546 2542 philosophorum
580 2497 749 2530 Socrates
780 2508 822 2531 ac
852 2495 955 2529 Plato
991 2493 1230 2536 tradiderunt,
1275 2489 1514 2525 admirabilem

41 2544 224 2589 profecto,
257 2547 294 2577 et
315 2542 418 2577 laude
441 2543 600 2586 dignam,
624 2547 664 2576 ut
686 2553 777 2587 quae
798 2542 847 2577 sit
869 2541 1000 2576 rationi
1021 2539 1172 2574 hominis
1194 2536 1346 2572 naturali
1363 2546 1514 2571 consen-

45 2595 162 2624 tanea.
210 2588 338 2623 etenim
360 2589 520 2623 doctrina
540 2599 671 2623 morum
695 2599 812 2623 omnes
835 2587 993 2622 homines
1016 2588 1059 2621 ab
1082 2585 1160 2632 ipsa
1177 2591 1304 2619 natura
1321 2582 1514 2617 instituun-

43 2642 115 2669 tur.
163 2636 294 2680 quippe
322 2635 408 2670 deus
435 2647 510 2669 cum
535 2635 717 2669 humanum
740 2646 851 2678 genus
881 2632 1115 2676 condidisset,
1151 2632 1226 2666 eius
1250 2635 1396 2665 naturae
1417 2629 1514 2662 bona

44 2694 87 2716 ac
108 2680 198 2716 mala
219 2681 442 2716 discernendi
464 2681 637 2716 rationem
659 2679 808 2722 indidit;
842 2680 1003 2723 idemque
1027 2683 1150 2723 gentes
1174 2676 1305 2711 erudiit
1333 2681 1371 2709 et
1397 2673 1513 2708 homi-

44 2739 123 2761 nem
153 2727 355 2772 cognitione
380 2727 518 2762 imbuit.
565 2727 687 2773 itaque
709 2737 781 2760 non
800 2732 934 2761 tantum
956 2725 1122 2759 Socrates
1143 2723 1244 2758 Plato
1267 2721 1398 2767 aliique
1420 2731 1511 2754 nou-

45 2773 130 2807 nulli
153 2774 285 2809 Graeci
306 2774 471 2809 iniustam
494 2779 576 2808 sunt
599 2772 791 2808 abominati
819 2772 944 2814 vitam,
978 2770 1041 2805 sed
1075 2775 1112 2804 et
1140 2766 1511 2804 barbarorummulti.

45 2820 178 2866 qnippe
199 2821 455 2865 Hyperboreos
479 2820 582 2854 etiam
610 2818 796 2865 perbibent
818 2818 981 2852 habitare
1000 2822 1098 2851 trans
1120 2816 1276 2862 Ripaeos
1295 2818 1432 2848 montes
1454 2813 1512 2848 iu-

21 2884 24 2886 >
46 2866 167 2900 stit-iae
199 2867 315 2902 studio
348 2867 488 2901 assiduo
516 2867 774 2901 incumbentes:
807 2876 884 2899 nam
908 2874 1023 2908 neque
1043 2862 1210 2897 carnibus
1233 2866 1443 2904 vescuntur,
1477 2864 1514 2894 et

46 2914 210 2949 arborum
241 2913 413 2949 fructibus
441 2913 581 2949 aluntur
611 2922 807 2958 aquamque
840 2910 980 2946 bibunt.
1026 2914 1064 2944 et
1092 2907 1328 2944 Brachmanu
1350 2907 1389 2942 in
1413 2906 1516 2942 silvis
