1742 3184
194 176 296 226 476
379 217 387 228 ,
675 174 919 224 GEORGII
953 175 1202 221 GEDRENI

142 295 175 331 C
197 296 270 336 τοῦ
293 290 606 335 Κωνστανιίνου
628 288 813 343 ἐξέπεσον
836 287 916 331 ἀπὸ
938 287 1011 332 τοῦ
1033 286 1225 345 σώματος
1245 288 1371 334 αὗτοῢ
1390 286 1484 336 ὧσεὶ
1503 293 1676 347 λεπίδες,

193 363 262 405 καὶ
285 361 573 418 ἐκαθαρίσθη,
621 362 689 404 καὶ
723 359 880 415 γέγονεν
913 356 1008 401 ὅλον
1037 357 1146 415 ὖγιὲς
1174 357 1231 410 ὥς
1261 363 1483 420 παιδαρίου
1512 367 1676 421 μικροῦ.

193 435 314 475 τοῦτο
348 429 500 481 ἰδόντες
528 430 682 472 οἶν-’λαοὶ
703 429 1014 484 ἐβαπτίσθησαν
1036 427 1216 487 ἄπειροι,
1251 431 1319 472 καὶ
1338 432 1526 490 Κρῖσπος
1545 430 1566 475 ὅ
1588 432 1676 484 υἱὸς

193 500 520 544 Κωνσταντίνου.

338 569 390 612 Οἱ
413 569 458 611 δὲ
481 567 660 623 λέγοντες
686 563 729 607 ἐν
747 564 1003 625 Νικομηδεία
1021 567 1126 609 κατὰ
1152 566 1223 610 τὸν
1243 566 1370 610 αὐτοῦ
1388 565 1575 611 θάνατον
1593 573 1710 622 Boc-5

193 642 418 693 πτισθῆναι
445 635 524 679 ὑπὸ
549 635 752 689 Εὗσεβίου
779 638 853 678 τοῦ
875 637 1152 690 Νικομηδείας
1170 641 1244 680 τοῦ
1266 636 1474 694 Ἀρειανοῦ
1496 636 1678 692 ψεύδον-

193 726 277 752 ται.
346 708 449 765 φασὶ
469 705 547 763 γὰρ
569 703 881 758 ἀναβάλλεσθαι
902 704 1026 747 αὐτὸν
1045 705 1092 748 τὸ
1113 705 1329 761 βάπτισμα
1350 707 1420 750 διὰ
1443 707 1489 750 τὸ
1511 709 1680 760 ἐλπίζειν

193 776 320 821 αὐτὸν
341 778 383 818 ἐν
404 780 462 834 τῷ
480 772 665 832 Ἰορδάνῃ
682 777 980 829 βαπτισθῆναι.
1033 775 1077 817 τί
1093 775 1173 832 γὰρ
1191 770 1241 830 ἦν
1260 776 1371 834 αὐτῷ
1387 778 1454 819 καὶ
1476 774 1679 831 ἐμποδών,

192 846 265 890 τὸν
283 848 324 887 Γ
321 845 507 902 αλλέριον
533 845 574 887 ἐν
593 847 646 901 τῇ
664 843 843 900 ἀνατολῇ
867 847 1214 898 καταπολεμοῦντι
1231 847 1299 887 καὶ
1320 847 1376 896 εἷς
1392 847 1579 902 Περσίαν
1597 844 1680 888 πά-

193 920 256 959 λιν
280 917 323 958 ἐκ
345 914 535 971 δευτέρου
559 911 807 965 εἶσελθόντι,
846 911 906 967 μὴ
934 913 1127 956 ἀπελθεῖν
1154 915 1222 956 καὶ
1241 918 1524 970 βαπτισθῆναι
1553 915 1596 957 ἐν
1619 919 1677 974 τῷ
1690 922 1735 959 10

141 996 174 1032 1)
195 982 418 1042 Ἰορδάνῃ;.
444 983 550 1026 ἀλλὰ
574 984 642 1025 καὶ
663 982 710 1025 τὸ
735 979 791 1033 ὡς
809 980 936 1025 νόθον
962 981 1198 1036 διαβάλλειν
1225 982 1350 1026 αὐτὸν
1375 982 1512 1039 πάσης
1538 985 1682 1035 κακίας

200 1055 321 1098 ἐστίν.
370 1051 396 1108 ἡ
416 1053 495 1111 γὰρ
513 1052 627 1109 γενεὰ
647 1052 775 1094 αὐτοῦ
791 1051 986 1107 βασιλικὴ
1006 1049 1161 1109 ὑπῆρχε
1183 1053 1251 1095 καὶ
1267 1052 1346 1110 πρὸ
1367 1053 1682 1109 Διοκλητιανοῦ.

200 1125 268 1167 καὶ
286 1123 364 1180 γὰρ
383 1120 405 1165 ὅ
427 1122 562 1179 πατὴρ
583 1122 711 1164 αὐτοῦ
733 1119 1020 1171 Κωνστάντιος
1037 1121 1290 1179 θυγατριδὰς
1309 1116 1360 1178 ἦν
1376 1123 1589 1165 Κλαυδίου
1607 1126 1682 1166 τοῦ·

199 1193 415 1248 βασιλέως,
451 1194 517 1234 καὶ
540 1194 583 1234 ἐκ
603 1195 678 1246 τῆς
692 1188 856 1245 Ἑλένης
873 1195 948 1244 τῆς
964 1188 1128 1247 πρώτης
1150 1191 1278 1234 αὐτοῦ
1294 1191 1483 1248 γυναικὸς
1501 1191 1592 1247 ἴσχε
1609 1191 1681 1235 τὸν

200 1263 329 1320 μέγαν
346 1263 670 1312 Κωνσταντῖνον,
697 1259 844 1310 καθὼς
863 1260 1059 1302 λέλεκται.
1692 1266 1737 1304 15

341 1329 503 1374 Τούτου
525 1325 596 1372 οὖν
615 1329 918 1384 βαπτισθέντος
933 1327 1092 1385 μεγάλα
1109 1328 1328 1384 θαυμάσια
1343 1329 1528 1385 ἐποίησεν
1545 1327 1567 1372 ὅ
1583 1329 1684 1381 θεὸς

199 1400 270 1444 δία
293 1405 368 1444 τοῦ
388 1401 430 1442 ἐν
453 1398 580 1456 ἁγίοις
600 1392 866 1456 Σιλβέστρου.
935 1398 1069 1442 πάντα
1089 1399 1133 1441 δὲ
1155 1401 1297 1457 παρεὶς
1313 1396 1357 1442 (ἓν
1375 1396 1500 1455 μόνον
1520 1397 1683 1457 φράσω.

173 1495 181 1501 -
199 1473 241 1514 ἐν
261 1475 319 1529 τῷ
340 1470 589 1526 Καπιτωλίῳ
607 1466 788 1524 Ῥώμης,
823 1468 1021 1523 βαθμοὺς
1041 1467 1170 1524 ἔχοντι
1191 1469 1448 1525 τριακοσίους
1468 1467 1686 1524 ἑξηκοντα-

199 1541 339 1592 πέντε,
375 1540 417 1582 ἐν
438 1543 490 1596 τῇ
523 1536 744 1581 καταδύσει
773 1541 855 1580 τῶν
882 1541 1064 1592 βαθμῶν
1084 1540 1151 1580 καὶ
1181 1542 1263 1581 τῶν
1291 1540 1494 1593 θεμελίων
1521 1535 1684 1595 δράκων

54 1619 84 1654 Ρ
109 1620 178 1656 272
202 1609 296 1668 ᾤκει
315 1609 604 1664 παμμεγέθης,
640 1602 674 1666 ᾦ
690 1608 909 1659 ἐθυσίαζον
930 1607 1037 1649 καθ’
1059 1605 1216 1664 ἡμέραν
1228 1607 1431 1663 “Ὲλληνες.
1501 1610 1537 1650 εἷ
1554 1607 1596 1650 δ’
1618 1605 1741 1659 οῧ,20

202 1679 306 1722 ἀλλὰ
332 1679 524 1735 ἐξαίφνης
546 1678 766 1718 ἐπιπίπτων
787 1676 963 1727 πολλοὺς
981 1676 1229 1731 ἐλυμαίνετο.
1296 1678 1421 1720 ἐκεῖσε
1441 1678 1687 1733 §ammom

200 1746 410 1803 καταβάς,
440 1748 508 1788 καὶ
531 1747 708 1789 οἰκίσκον
735 1745 881 1803 μικρὸν
903 1745 1049 1800 ἔχοντα
1070 1745 1203 1798 πύλας
1227 1750 1389 1801 χαλκᾶς
1420 1744 1548 1805 εὗρῶν
1568 1739 1618 1789 οὗ
1634 1740 1686 1800 ἦν

290 1904 315 1939 9
337 1901 391 1948 τῷ
417 1897 604 1945 Γαλλερίῳ
629 1898 659 1934 Ρ

203 2041 325 2088 gentia
348 2038 568 2082 deciderunt,
592 2037 731 2083 fuitque
748 2039 931 2083 purgatus,
956 2039 993 2072 et
1011 2040 1106 2072 totus
1127 2036 1177 2072 ita
1198 2038 1346 2074 mundus
1367 2041 1408 2074 ut
1426 2038 1517 2073 solet
1539 2039 1687 2074 mundus

205 2100 286 2122 esse
310 2088 429 2122 infans
451 2097 576 2120 recens
598 2090 715 2119 natus.
762 2084 800 2118 id
824 2095 900 2119 cum
924 2083 1063 2118 videret
1083 2084 1246 2130 populus,
1270 2086 1396 2132 ingens
1413 2086 1599 2122 multitudo
1621 2088 1689 2122 ba·

204 2135 341 2180 ptizata
364 2137 431 2178 est,
453 2136 562 2178 atque
584 2131 690 2166 etiam
714 2130 862 2177 Crispus
883 2130 1109 2165 Constantini
1132 2130 1239 2166 filius.

303 2202 377 2243 Qui
408 2204 521 2236 autem
554 2201 677 2236 dicunt
699 2199 969 2234 Constantinum
998 2203 1112 2235 morte
1141 2201 1277 2235 demum
1308 2201 1614 2247 appropinquante
1644 2203 1691 2237 ab

206 2249 369 2285 Eusebio
394 2248 626 2283 Nicomediae
648 2246 816 2292 episcopo
835 2245 966 2281 Ariano
990 2245 1102 2281 fuisse
1123 2247 1354 2282 Nicomediae
1376 2248 1607 2294 baptizatum,
1631 2260 1690 2283 er-

207 2301 301 2331 rant.
350 2294 472 2330 dicunt
505 2295 550 2329 ab
583 2306 626 2328 eo
662 2293 872 2339 baptismum
906 2293 1068 2337 dilatum,
1103 2295 1196 2339 quod
1229 2298 1392 2339 speraret
1416 2294 1516 2329 sein
1538 2294 1691 2329 Iordane

207 2342 423 2388 baptizatum
449 2340 508 2376 iri.
556 2340 643 2387 quid
666 2350 752 2375 vero
778 2339 940 2373 obstabat
973 2350 1035 2373 cur
1058 2351 1127 2374 non
1150 2340 1217 2374 iam
1241 2346 1312 2375 tum
1336 2340 1372 2374 in
1397 2340 1549 2375 Iordane
1573 2340 1691 2386 bapti-

210 2395 370 2432 zaretur,
409 2399 485 2422 cum
516 2392 554 2422 et
581 2386 774 2421 Gallerium
798 2385 835 2420 in
861 2385 1010 2420 Oriente
1037 2386 1232 2421 debellaret
1263 2391 1300 2421 et
1332 2387 1447 2421 denuo
1471 2387 1510 2421 in
1532 2386 1691 2422 Persium

209 2435 525 2481 proficisceretur?
571 2433 640 2467 iam
667 2431 761 2479 quod
787 2444 864 2467 eum
888 2431 1045 2466 nonnulli
1075 2433 1232 2478 spurium
1264 2432 1536 2477 calumniantur,
1570 2440 1691 2468 extre-

212 2493 288 2516 mae
310 2486 365 2516 est
387 2480 637 2526 improbitatis,
661 2491 738 2514 cum
760 2478 836 2513 eius
860 2477 968 2524 stirps
991 2479 1221 2524 imperatoria
1244 2478 1353 2513 fuerit
1376 2479 1481 2514 etiam
1499 2484 1582 2513 ante
1601 2479 1689 2514 Dio-

211 2527 409 2562 cletianum.
457 2533 561 2572 pater
586 2526 678 2561 enim
703 2524 819 2570 magni
844 2525 1067 2560 Constantini
1090 2525 1161 2560 fuit
1185 2525 1427 2570 Constantius,
1454 2524 1528 2559 filia
1551 2525 1692 2560 Claudii

211 2575 255 2607 inn
285 2573 433 2608 eratoris
457 2579 580 2607 natusx
605 2573 636 2607 is
662 2584 706 2607 ex
730 2571 844 2626 prima
865 2583 929 2606 sua
950 2582 1061 2607 uxore
1079 2571 1219 2607 Helena
1241 2572 1511 2607 Constantinum
1534 2572 1691 2617 sustulit,

212 2632 256 2654 ve
272 2620 323 2654 uti
345 2619 535 2654 indicatum
559 2631 580 2654 a
602 2619 705 2653 nobis
727 2617 809 2653 mit.

304 2688 492 2733 Baptizato
517 2687 754 2723 Constantino
784 2687 870 2723 deus
903 2698 969 2733 per
1002 2688 1141 2723 beatum
1174 2687 1384 2722 silvestrum
1416 2698 1543 2732 magna
1579 2687 1692 2723 edidit

213 2733 402 2776 miracula;
437 2734 481 2768 de
520 2735 647 2779 quibus
686 2734 845 2770 omnibus
885 2734 1025 2769 unicum
1059 2733 1346 2769 commemorabo.
1394 2734 1438 2768 ad
1465 2735 1693 2769 fundamenta

215 2779 384 2825 Capitolii
411 2781 563 2825 Romae,
595 2782 768 2815 descensu
791 2781 959 2825 graduum
981 2780 1072 2824 365,
1104 2781 1243 2815 inferne
1273 2779 1458 2815 habitabat
1479 2782 1587 2815 draco
1611 2780 1690 2826 qui—

215 2828 306 2869 dam,
331 2825 389 2859 cui
412 2827 543 2861 Graeci
566 2827 725 2871 quotidie
748 2839 821 2862 rem
843 2838 977 2862 sacram
999 2827 1191 2862 faciebant.
1223 2826 1355 2871 absque
1380 2826 1472 2862 enim
1496 2828 1565 2861 hoc
1585 2831 1693 2871 esset,

217 2872 335 2909 subito
358 2871 497 2907 irruens
517 2872 643 2908 multos
664 2873 840 2910 laedebat.
887 2886 931 2910 eo
954 2873 1130 2909 silvester
1150 2871 1353 2919 descendit,
1387 2878 1425 2909 et
1446 2872 1591 2910 iuventa
1615 2872 1693 2909 exi·
