1742 3184
371 154 772 223 msromnum‘
799 173 1190 222 commum
1418 175 1518 224 569

55 292 192 338 ἐλθὼν
219 292 265 338 δὲ
295 293 354 345 εἷς
374 289 536 349 Ῥώμην
563 290 730 348 ἔστεψεν
752 288 948 351 Ὃνῶριον
977 290 1048 335 τὸν
1073 290 1164 334 υἱὸν
1185 287 1312 334 αὐτοῦ
1334 291 1518 345 βασιλέα,

55 364 122 405 καὶ
150 363 327 418 ἀνῆλθεν
349 363 392 405 ἓν
416 359 853 407 Κωνσταντινουπόλει.
919 362 987 404 καὶ
1006 366 1079 404 τοῦ
1091 361 1391 418 Ἀλεξανδρείας
1413 356 1518 403 Θέο-

55 435 177 490 φίλου
197 432 466 487 αι’τησαμένου
486 431 539 475 τὰ
556 431 645 490 ἱερὰ
666 429 799 474 πάντα
817 433 899 474 τῶν
910 428 1113 485 Ἑλλήνων
1133 431 1431 488 καθῃρέθησαν
1450 433 1518 473 καὶ

52 501 105 544 τὰ
128 500 275 543 εἴδωλα
297 499 580 556 ἔχωνεύθησαν
603 502 670 543 καὶ
693 503 750 551 εἷς
765 501 905 556 χρείας
927 499 1106 554 πενήτων
1125 499 1268 555 ἐδόθη.
1337 499 1426 543 τότε
1451 501 1519 542 καὶ

20 568 304 626 5Μάρκελλος
331 567 352 612 ὃ
379 570 598 620 ἐπίσκοπος
617 569 836 623 Ἀπαμείας
856 572 928 624 τῆς
952 570 1105 626 Συρίας
1125 569 1248 620 ναοὺς
1263 567 1521 625 Ἑλληνικοὺς

53 632 346 697 καταστρέφων
373 636 452 681 ὕπὸ
475 637 678 693 “Ελλήνων
704 639 939 695 ἀναιρεῖται.
1006 643 1079 680 τοῦ
1103 640 1148 682 δὲ
1165 643 1265 681 ναοῦ
1285 643 1360 681 τοῦ
1378 638 1522 694 Σαρά-

51 709 171 758 πιδος
209 709 251 751 ἓν
280 707 562 768 ,Ἀλεξανδρείᾳ
596 708 793 763 λυομένου
827 708 1088 765 ἱερογλυφικὰ
1117 706 1339 765 γράμματα
1371 706 1521 765 εὑρέθη

52 781 235 835 σταυροῦ
243 774 388 820 -τῦπον
418 777 634 832 ἐπέχοντα,
673 777 775 833 ἅπερ
804 777 843 819 οἱ
869 777 911 828 ἐξ
934 775 1136 832 Ἑλλήνων
1161 776 1409 831 θεασάμενοι
1436 778 1522 819 ἐπί-

51 863 249 899 στευσαν,
283 846 463 902 λέγοντες
491 847 698 902 σημαίνειν
722 845 792 889 τὸν
822 845 999 901 σταυρὸν
1019 846 1122 889 κατὰ
1143 847 1216 901 τὴν
1234 851 1314 889 τῶν
1336 847 1519 903 ἱερογλυ-

0 924 42 961 10
53 919 182 973 φικῶν
200 914 452 972 γραμμάτων
475 915 628 958 ἔννοιαν
650 915 754 970 ζωὴν
775 915 1056 972 ἐπερχομένην.
1124 920 1267 958 τοῦτον
1286 916 1356 959 τὸν
1378 915 1520 973 Σάρα-
1543 917 1572 952 Ρ
1596 917 1665 954 325

50 1001 119 1026 πιν
149 985 188 1025 οἳ
215 985 290 1036 μὲν
319 984 391 1028 τὸν
419 985 506 1027 Δία
537 983 637 1028 εἶναι
665 985 872 1041 λέγουσιν,
910 984 948 1026 οἳ
971 985 1013 1027 δὲ
1035 984 1105 1027 τὸν
1124 989 1274 1028 Νεῖλον
1294 985 1362 1027 διὰ
1383 985 1429 1028 τὸ
1450 985 1521 1027 τὸν

50 1049 196 1106 μόδιον
218 1049 320 1104 ἔχειν
341 1053 386 1095 ἓν
402 1058 455 1111 τῇ
474 1058 632 1112 κεφαλῇ
653 1055 720 1096 καὶ
741 1053 810 1096 τὸν
828 1058 975 1108 πῆχυν.
1047 1054 1085 1096 οἱ
1116 1055 1160 1096 δὲ
1182 1048 1296 1097 Ἆπίν
1325 1072 1414 1098 τινα
1448 1053 1521 1096 ἅν-

50 1124 224 1176 θρωπον
257 1118 428 1176 εὔπορον
460 1124 501 1164 ἓν
530 1121 730 1180 Αἰγύπτῳ
764 1123 988 1178 γεγονέναι,
1023 1122 1069 1174 ὃς
1097 1124 1139 1165 ἓν
1167 1128 1297 1181 καιρῷ
1324 1127 1444 1178 λιμοῦ
1477 1125 1520 1166 ἔκ

50 1193 133 1232 τῶν
162 1188 276 1230 ἰδίων
304 1186 519 1245 ἐπήρκεσεν
541 1188 892 1244 Ἀλεξανδρεῦσιν,
929 1185 962 1246 ᾧ
987 1194 1055 1234 καὶ
1079 1196 1311 1235 τελευτῶντι
1332 1193 1430 1235 ναὸν
1451 1194 1520 1234 καὶ

0 1268 39 1305 15
51 1255 204 1313 στήλην
235 1256 484 1312 ἀνέστησαν·
523 1259 591 1299 καὶ
620 1260 723 1310 βοῦς
748 1256 873 1299 αὐτοῦ
903 1258 1113 1315 ἐτρέφετο,
1149 1259 1194 1300 ὃν
1210 1263 1276 1300 καὶ
1288 1257 1404 1302 Ἄπιν
1424 1258 1521 1302 ε’κά-

48 1330 146 1370 λουν
174 1324 402 1381 ὁμωνύμως
432 1330 490 1384 τῷ
523 1324 711 1383 δεσπότῃ.
780 1324 988 1379 σύμβολον
1017 1321 1135 1377 οὗτος
1156 1322 1206 1382 ῆν
1231 1333 1304 1371 τοῦ
1326 1333 1520 1386 γεωργοῦ.

47 1394 343 1450 μετωνόμασαν
373 1395 419 1438 δὲ
448 1394 519 1438 τὸν
549 1394 770 1452 ἄνθρωπον
790 1395 939 1437 ἐκεῖνον
958 1398 1024 1438 καὶ
1049 1398 1090 1438 Γ
1087 1395 1230 1452 όρασιν
1237 1429 1250 1448 ,
1286 1400 1352 1440 καὶ
1375 1398 1520 1456 Σάρα-

47 1483 118 1507 πιν
137 1465 211 1519 τὴν
231 1463 395 1519 στήλην.
466 1465 508 1506 ἓν
526 1469 586 1522 τῷ
604 1467 691 1522 ναῷ
709 1469 806 1520 γοῦν
825 1463 971 1507 τούτου
993 1464 1157 1521 ἄγαλμα
1174 1466 1279 1522 μέγα
1302 1468 1368 1509 καὶ
1392 1473 1520 1525 φοβε-

50 1533 122 1589 ρὸν
142 1531 228 1576 οἷον
248 1534 290 1575 ἐκ
311 1530 515 1591 διαφόρου
539 1534 907 1587 κατεσκευασμένον
927 1533 1028 1588 ὕλης
1041 1536 1184 1577 ἰ’στατο
1193 1567 1207 1587 ,
1237 1533 1294 1586 ὡς
1312 1534 1520 1594 ἑκατέραις

0 1615 38 1651 20
42 1605 184 1660 χερσὶν
200 1600 400 1659 ἑκατέρων
420 1601 590 1657 ἔχεσθαι
610 1606 692 1645 τῶν
711 1603 868 1656 τοίχων.
937 1602 1051 1646 ἔνδον
1075 1604 1118 1646 δὲ
1141 1603 1286 1647 τούτου
1309 1611 1382 1648 τοῦ
1405 1608 1522 1661 μεγί-

47 1689 149 1716 στου
182 1670 418 1728 ἀγάλματος
450 1671 574 1722 ἄλλος
604 1671 703 1721 ναὸς
730 1673 798 1713 καὶ
830 1671 997 1714 εἴδωλον
1026 1675 1094 1714 καὶ
1125 1671 1268 1723 ξόανον
1298 1673 1515 1732 ἄπῃώρητο
1539 1682 1571 1717 Β

43 1745 245 1797 χαλκοῦν,
287 1741 336 1783 οὐ
363 1740 468 1796 μέγα
500 1740 559 1783 δέ.
637 1738 784 1783 τούτου
817 1745 867 1797 τῇ
900 1745 1059 1799 κεφαλῇ
1086 1743 1253 1800 σίδηρον
1286 1744 1518 1801 ἔνείραντες,

45 1817 133 1861 τοῖς
173 1808 418 1868 φατνώμασι
457 1810 502 1853 δὲ
540 1813 615 1865 τῆς
654 1810 796 1866 στέγης
832 1808 994 1853 ἄνωθεν
1033 1817 1233 1867 μαγνῆτιν
1263 1813 1382 1854 λίθον
1412 1813 1519 1855 κατὰ

45 1877 223 1923 κάθετον
264 1879 470 1934 ἐνθέμενοι
479 1910 495 1933 ,
542 1878 744 1937 μετέωρον
779 1883 924 1922 τοῦτον
960 1884 1034 1923 τοῦ
1069 1880 1189 1939 ἀέρος
1221 1879 1386 1938 ἀφῆκαν
1418 1879 1519 1940 ὁρᾶ-

43 2034 241 2070 Honorium
260 2035 369 2070 filium
396 2046 495 2070 suum
525 2037 726 2071 coronatum
747 2034 896 2080 imperio
918 2035 1156 2080 inauguravit.
1203 2034 1286 2070 inde
1309 2035 1436 2082 Cpolin
1458 2049 1518 2073 re-

43 2093 191 2127 versus,
214 2082 414 2127 postulante
433 2082 675 2117 Alexandreae
697 2081 867 2128 episcopo
885 2082 1110 2126 Tlneophilo,
1129 2082 1243 2115 omnia
1264 2082 1430 2117 salsorum
1450 2095 1518 2118 nu-

44 2129 172 2163 minum
204 2129 290 2163 fana
321 2128 429 2163 deiici
461 2134 498 2163 et
527 2128 713 2162 simulacra
744 2128 891 2162 conflari
922 2141 964 2162 ac
993 2128 1030 2161 in
1057 2139 1246 2172 pauperum
1271 2139 1352 2162 usus
1377 2129 1518 2174 erogari

44 2175 195 2210 curavit.
243 2186 313 2220 quo
335 2180 496 2220 tempore
519 2175 622 2208 etiam
645 2173 833 2208 Marcellus
856 2174 1031 2219 Apameae
1055 2173 1206 2218 (Syriae
1230 2176 1313 2208 urbs
1337 2176 1415 2218 est)
1438 2175 1517 2220 epi-

43 2232 172 2267 scopus
208 2221 428 2255 Graecanica
461 2220 589 2266 templa
622 2220 813 2254 demoliens
843 2231 864 2254 a
895 2220 1043 2254 Graecis
1075 2226 1129 2254 est
1156 2226 1314 2254 necatus.
1362 2226 1516 2256 ceterum

42 2267 172 2312 templo
197 2267 381 2312 Serapidis
404 2267 646 2301 Alexandreae
669 2267 848 2301 destructo
872 2278 996 2305 sacrae
1020 2266 1198 2300 literarum
1223 2272 1328 2300 notae
1351 2266 1517 2301 inventae

43 2319 127 2348 sunt
149 2313 263 2348 crucis
286 2314 409 2348 forma.
458 2325 516 2347 eas
541 2324 617 2348 cum
639 2313 812 2347 vidissent
831 2313 993 2347 Graecae
1010 2311 1191 2357 religionis
1210 2312 1388 2356 homines,
1411 2313 1517 2348 fidem

43 2359 278 2394 Christianam
311 2359 462 2405 amplexi
496 2364 598 2404 sunt,
633 2359 790 2394 dicentes
823 2358 1089 2404 hieroglyphieo
1125 2370 1229 2393 sensu
1260 2370 1396 2393 crucem
1420 2359 1518 2394 desi-

42 2418 153 2452 gnare
181 2407 291 2441 vitam
321 2405 642 2453 supervenientem.
689 2406 781 2440 hunc
813 2405 965 2451 Serapin
987 2404 1047 2439 alii
1068 2405 1188 2439 Iovem
1215 2417 1292 2439 esse
1315 2405 1517 2451 perhibent,

43 2453 106 2487 alii
136 2452 277 2497 Nilum,
311 2452 393 2486 ideo
428 2452 521 2497 quod
555 2452 705 2486 modium
738 2452 845 2486 habet
868 2452 906 2485 in
930 2451 1047 2497 capite
1071 2457 1107 2485 et
1128 2451 1292 2486 cubitum.
1341 2451 1402 2485 alii
1423 2452 1518 2497 Apin

43 2499 215 2545 quendam
249 2499 348 2533 aiunt
379 2498 552 2533 hominem
583 2498 727 2533 divitem
758 2498 869 2532 fuisse
890 2499 926 2532 in
950 2499 1133 2542 Aegypto,
1168 2497 1230 2543 qui
1254 2505 1403 2542 urgente
1424 2499 1519 2533 fame

41 2545 291 2580 Alexandrinis
324 2544 368 2579 de
401 2556 465 2579 suo
499 2544 791 2590 suppeditaverit.
842 2545 875 2578 ei
908 2545 1073 2579 defuncto
1106 2544 1222 2578 fanum
1251 2544 1361 2578 fuisse
1385 2549 1422 2578 et
1444 2550 1519 2579 sta-

42 2596 136 2626 tuam
169 2591 342 2636 positam,
381 2590 527 2636 eiusque
558 2592 680 2625 bovem
715 2590 855 2637 publice
887 2589 1054 2625 nutritum
1086 2602 1127 2624 ac
1151 2589 1281 2625 domini
1303 2590 1358 2624 sui
1382 2590 1522 2626 nomine

43 2638 222 2672 affectum.
270 2637 308 2671 id
341 2636 453 2671 fuisse
486 2637 679 2682 symbolum
714 2637 909 2681 agricolae:
952 2637 1015 2671 sed
1048 2642 1084 2671 et
1112 2636 1181 2670 viri
1217 2636 1292 2671 eius
1325 2649 1449 2672 nomen
1482 2637 1521 2672 in

43 2683 220 2728 Gorasin,
256 2688 394 2718 statuae
421 2683 460 2717 in
492 2683 644 2728 Serapin
674 2688 909 2718 mutaverunt.
967 2683 1004 2717 in
1037 2682 1166 2728 templo
1199 2682 1302 2717 huius
1334 2683 1520 2728 Serapidis

42 2736 163 2765 statua
185 2729 255 2764 fuit
274 2725 401 2775 ingens
424 2734 530 2775 atque
552 2729 740 2774 terribilis,
768 2730 912 2763 diversa
942 2741 986 2763 ex
1013 2729 1161 2763 materia
1184 2734 1350 2764 constans
1375 2736 1411 2765 et
1431 2731 1521 2765 dua-

43 2777 110 2811 bus
148 2775 305 2810 manibus
345 2776 433 2810 duos
471 2775 591 2822 templi
630 2787 747 2810 muros
783 2775 974 2821 attingens.
1027 2775 1121 2810 intra
1149 2775 1238 2810 hanc
1265 2775 1358 2810 aliud
1388 2777 1520 2821 fanum,

43 2822 282 2866 simulacrum,
319 2827 357 2857 et
386 2826 504 2858 statua
533 2834 665 2866 aenea,
699 2833 770 2856 non
791 2833 930 2867 magna.
978 2821 1080 2857 huius
1104 2821 1213 2868 capiti
1234 2821 1424 2858 infixerant
1445 2823 1521 2857 ser-

44 2880 142 2915 rum,
168 2874 205 2905 et
226 2880 248 2904 e
268 2868 416 2916 regione
435 2880 545 2917 supra
563 2868 602 2904 in
625 2868 711 2904 tecti
734 2868 959 2915 laquearibus
979 2867 1132 2916 lapidem
1152 2874 1369 2916 magnetem3
1399 2869 1521 2916 itaquo
