1742 3184
170 160 272 211 692
521 203 525 205 .
645 126 903 208 >¹GEoRGn
939 160 1189 207 GEDRENI

168 268 390 336 ’ἀμφότερα
431 274 736 336 ἄντίστρεψαν,
780 276 856 332 τὴν
892 275 1030 333 κλίνην
1066 275 1362 329 εὖτελίσαντες..
1420 275 1592 335 ᾐτοῦντο
1626 277 1671 320 δὲ

169 347 294 391 πάλιν
317 346 446 399 ἄλλας
465 346 499 391 κ’
522 348 628 406 πρὸς
647 354 738 398 ταῖς
757 344 914 390 ἑκατόν.
985 351 1059 389 τοῦ
1079 348 1123 390 δὲ
1139 347 1344 401 βασιλέως
1361 346 1421 402 μὴ
1442 349 1668 399 καταδεξα-

27 433 54 467 p
79 429 149 469 395
171 417 296 474 με’νου
305 449 319 470 ,
358 416 611 475 στρατεύσας
630 415 651 459 ὃ
670 414 851 473 χαγάνος
870 416 945 472 τὴν
965 418 1172 473 Σιγιδῶνα
1191 414 1309 459 πόλιν
1332 416 1582 473 κατέστρεψε
1602 418 1671 459 καὶ

171 486 315 545 ἑτέρας
346 485 485 538 πόλεις
516 484 762 544 ἐχειρώσατο
792 487 861 530 καὶ
892 485 967 541 τὴν
990 485 1227 542 Ἀγχίαλον,
1265 487 1416 541 ἠπείλει
1448 487 1493 529 δὲ
1519 487 1586 529 καὶ
1617 487 1669 529 τὰ

173 557 317 615 μακρὰ
336 558 444 613 τείχη
466 556 764 614 καταστρέψαι.
820 553 841 599 ὃ
867 556 911 598 δὲ
930 556 1126 611 βασιλεὺς
1143 556 1348 599 Ἐλπίδιον
1367 555 1438 599 τὸν
1458 558 1669 614 πατρίκιον
1682 565 1704 601 5

173 628 251 671 σὺν
286 625 579 684 Κομμεντιόλῳ
612 626 802 682 πρέσβεις
834 625 938 683 πρὸς
969 625 1041 669 τὸν
1066 623 1250 682 χαγάνον
1281 626 1513 679 ἀπέστειλε,
1549 627 1617 669 καὶ
1649 623 1671 667 ὃ

174 695 392 755 βάρβαρος
414 697 478 739 ἐπὶ
500 703 591 747 ταῖς
612 700 695 739 τῶν
716 693 882 739 πάκτων
904 693 1134 753 συνθήκαις
1156 694 1317 755 εἰρήνην
1339 695 1451 755 ἄγειν
1470 700 1674 751 καθωμο-

176 764 302 824 λόγει.
1571 802 1573 805 ,

320 837 394 892 Τῷ
418 831 459 890 β’
490 832 568 878 ἔτει
592 831 749 886 ὕπατος
782 834 804 878 ὃ
834 834 1030 891 βασιλεὺς
1055 831 1372 894 ἀναγορεύεται,
1406 835 1474 878 καὶ
1498 833 1675 884 πολλοὺς

176 904 425 962 θησαυροὺς
443 909 495 961 τῇ
515 903 629 948 πόλει
647 907 850 962 δωρεῖται.
919 903 1198 964 προβάλλεται
1216 905 1260 948 δὲ
1279 905 1527 947 Φιλιππικὸν
1545 921 1674 961 στρα-
1687 912 1732 947 10

176 975 301 1031 τηγὸν
330 978 404 1030 τῆς
433 972 560 1032 ἑῴας,
595 973 772 1031 ποιήσας
803 975 929 1019 αὐτὸν
961 974 1152 1033 γαμβρὸν
1183 976 1240 1026 εἰς
1267 976 1309 1016 Γ
1305 975 1449 1032 ορδίαν
1471 974 1547 1030 τὴν
1568 975 1677 1016 ἰδιάν

139 1083 142 1086 .
177 1043 377 1103 ἀδελφήν.
443 1042 467 1086 ὅ
505 1046 550 1087 δὲ
582 1045 831 1096 Φιλιππικὸς
861 1052 948 1097 τοῖς
975 1048 1198 1103 Περσικοῖς
1230 1042 1399 1102 ἀθρόως
1430 1044 1678 1090 ἐπεισπεσὼν

180 1116 259 1157 καὶ·
272 1112 428 1170 πολλὴν
453 1116 739 1169 αἰχμαλωσίαν
760 1115 902 1170 λαβὼν
923 1117 980 1166 εἰς
997 1115 1071 1168 τὴν
1089 1119 1170 1158 τῶν
1192 1112 1359 1170 Μήδων
1373 1111 1519 1171 χώραν
1539 1131 1678 1171 παρα-

127 1184 160 1221 Β
182 1182 351 1240 βάλλει,
388 1185 456 1226 καὶ
486 1183 620 1227 πολλὰ
645 1187 782 1243 χωρία
816 1186 1069 1243 διαφθείρας
1095 1187 1151 1236 εἰς
1173 1182 1403 1239 Ῥωμανιάν
1431 1179 1558 1234 αὖθις
1578 1182 1678 1227 ὗπέ-

180 1266 350 1312 στρεψε.
409 1257 494 1298 ,τοῦ
519 1255 564 1297 δὲ
581 1253 767 1310 χαγάνου
790 1256 864 1311 τὴν
886 1253 1048 1313 εἰρήνην
1069 1252 1351 1310 ἀθετήσαντος
1367 1255 1435 1296 καὶ
1455 1258 1514 1311 τῷ
1531 1257 1680 1312 μακρῷ
1693 1260 1736 1298 15

180 1325 302 1378 τείχει
332 1323 591 1378 ληϊζομένου,
629 1322 686 1375 ὥς
711 1325 1012 1383 προσεπέλασεν
1046 1323 1068 1368 ὃ
1101 1324 1330 1381 στρατηγὸς
1359 1328 1442 1368 τῶν
1467 1322 1681 1379 Ῥωμαίων

181 1392 525 1449 Κωμμεντιόλος,
562 1393 724 1446 τούτοις
759 1394 931 1450 ἀθρόως
957 1395 1204 1438 ἐπεισπεσὼν
1226 1393 1362 1437 πολλὰ
1383 1391 1525 1449 πλήθη
1550 1395 1683 1436 ἀνεῖλε

183 1465 253 1506 καὶ
273 1461 445 1514 τούτους
462 1461 690 1519 ἀπήλασεν.
759 1464 899 1508 ε’λθιὺν
921 1465 966 1508 δὲ
987 1466 1030 1508 ἐν
1044 1462 1380 1522 Ἀδριανουπόλει
1392 1462 1684 1521 Ἀνδραγάστῳ

183 1534 412 1590 περιπίπτει
445 1538 504 1591 τῷ
536 1535 786 1588 Σθλαβίνων
819 1539 1035 1593 στρατηγῷ
1068 1535 1353 1590 αἰχμαλωσίαν
1378 1534 1682 1592 ἐπιφερομένῳ·

181 1604 252 1646 καὶ
272 1600 405 1661 τούτῳ
427 1603 674 1646 ἐπεισπεσὼν
693 1605 768 1660 τὴν
787 1606 1073 1660 αἰχμαλωσίαν
1094 1605 1262 1648 διέσωσε
1283 1605 1351 1647 καὶ
1370 1604 1483 1659 νίκην
1502 1601 1741 1660 μεγάληνρο

181 1670 460 1730 περιεβάλετο.
529 1672 621 1716 τότε
660 1675 734 1716 καί
763 1673 1084 1730 τινες·“Έλληνες
1115 1676 1158 1717 ἐν
1189 1674 1287 1732 οἴκῳ
1309 1674 1419 1724 τινὸς
1441 1674 1686 1730 ἀριστῶντες

188 1745 245 1793 εἰς
266 1741 408 1800 ὕβρεις
429 1743 496 1784 καὶ
520 1743 886 1799 ἀναθεματισμοὺς
906 1748 980 1799 τῆς
1000 1743 1226 1800 ὖπεραγίας
1240 1741 1442 1786 θεοτόκου
1463 1741 1686 1800 προήχθη-

134 1821 166 1857 C
190 1827 282 1855 σαν.
352 1812 419 1853 καὶ
456 1811 495 1852 οἳ
526 1812 601 1865 μὲν
633 1811 764 1872 ἄλλοι,
783 1814 977 1869 παραυτὰ
1006 1819 1200 1870 πονηροῖς
1227 1811 1688 1870 πνεύμασιλληφθέντες

188 1882 306 1931 δίκας
333 1879 593 1934 ἀπετίννυον,
629 1879 651 1924 ὃ
685 1880 887 1939 δεσπότης
917 1883 962 1926 δὲ
992 1887 1066 1939 τῆς
1095 1884 1226 1934 οἰκίας
1253 1880 1332 1926 εἶδε
1353 1882 1448 1926 κατ’
1473 1881 1573 1941 ὄναρ
1597 1883 1688 1925 ἐπι-

188 2017 261 2050 tra.
307 2012 650 2060 postulaveruntque
681 2014 752 2049 alia
782 2014 897 2050 adhuc
920 2015 967 2051 20
990 2013 1085 2050 milia
1109 2014 1181 2050 sibi
1214 2015 1312 2051 addi.
1359 2016 1456 2062 quod
1483 2027 1559 2050 cum
1583 2027 1687 2051 recu-

187 2063 287 2097 saret
327 2060 543 2106 imperator,
587 2061 778 2106 Chaganus
819 2062 1047 2108 expeditione
1086 2068 1253 2109 suscepta
1294 2062 1500 2108 Sigidonem
1529 2062 1691 2108 aliasque

186 2109 296 2143 urbes
326 2106 471 2152 subegit
503 2112 541 2142 et
570 2107 797 2153 Anchialum,
833 2109 985 2144 minatus
1019 2121 1060 2143 se
1093 2109 1198 2144 etiam
1230 2109 1390 2155 Longum
1425 2120 1558 2144 murum
1585 2121 1690 2144 ever·-

185 2164 321 2190 surum.
370 2153 566 2199 imperator
598 2167 684 2201 ergo
715 2155 899 2201 Elpidium
932 2155 1120 2201 patricium
1155 2168 1233 2192 cum
1266 2156 1520 2192 Commentiolo
1551 2156 1691 2202 legatos

187 2201 235 2236 ad
259 2200 466 2246 chaganum
490 2200 619 2246 mittit3
653 2202 757 2250 isque
780 2214 820 2238 se
843 2203 960 2249 pactis
984 2203 1170 2239 conventis
1203 2207 1376 2239 staturum
1398 2215 1441 2240 ac
1464 2215 1588 2250 pacem
1612 2214 1691 2239 ser-

189 2252 354 2284 vaturum
382 2246 584 2295 pollicetur.

284 2318 388 2352 Anno
425 2317 580 2352 secundo
616 2316 810 2364 imperator
845 2319 968 2354 consul
1003 2318 1213 2364 designatur
1242 2330 1457 2365 magnasque
1489 2318 1571 2353 urbi
1603 2330 1691 2366 opes

192 2362 358 2408 largitur.
405 2363 500 2398 idem
526 2375 684 2399 sororem
709 2376 807 2400 suam
839 2366 1011 2400 Gordiam
1037 2366 1239 2413 Philippico
1263 2366 1301 2400 in
1324 2366 1582 2401 matrimonium
1617 2367 1692 2410 dat,

194 2410 410 2456 Orientique
443 2422 522 2445 eum
555 2411 732 2456 praeficit.
781 2411 842 2457 qui
876 2412 998 2447 subito
1030 2412 1160 2449 Persas
1187 2425 1313 2458 magna
1335 2413 1373 2447 vi
1396 2414 1541 2448 adortus
1566 2424 1693 2458 magna

193 2455 373 2492 hominum
397 2458 530 2504 praeda
554 2463 656 2503 parta
679 2458 717 2492 in
740 2458 897 2494 Mediam
927 2459 1111 2505 irrumpit,
1145 2459 1333 2505 multisque
1367 2459 1419 2494 ibi
1451 2459 1594 2505 oppidis
1626 2471 1693 2494 va-

196 2503 301 2538 statis
332 2503 371 2539 in
401 2504 611 2539 Romaniam
643 2505 808 2540 revertit.
871 2517 948 2541 cum
982 2511 1099 2541 autem
1135 2507 1324 2552 Chaganus
1357 2519 1446 2553 pace
1481 2506 1613 2541 violata
1645 2507 1692 2542 ad

195 2548 359 2595 Longum
380 2562 515 2585 murum
538 2552 742 2597 praedando
767 2558 991 2598 excurreret,
1016 2553 1291 2588 commentiolus
1317 2553 1387 2587 dux
1410 2553 1562 2588 Romani
1585 2565 1691 2588 exer-

197 2595 290 2630 citus
314 2596 359 2632 de
382 2597 577 2644 improviso
600 2599 772 2634 barbaros
796 2600 941 2635 adortus
966 2611 1091 2646 magna
1110 2599 1333 2635 multitudine
1352 2611 1455 2635 caesa
1475 2612 1537 2635 eos
1556 2600 1690 2645 abegit.

196 2641 282 2677 inde
309 2654 386 2678 cum
409 2646 455 2679 ad
477 2643 744 2691 Adrianopolim
768 2645 939 2691 venisset,
963 2646 1000 2681 in
1023 2648 1280 2692 Andragastum
1303 2646 1442 2691 incidit,
1465 2646 1692 2681 Slavinorum

198 2688 347 2743 duoem,
385 2690 448 2736 qui
477 2691 643 2736 praedam
676 2694 819 2739 agebat.
843 2716 845 2718 »
867 2693 905 2727 in
937 2693 1030 2728 hunc
1060 2694 1155 2728 facto
1184 2693 1316 2739 impetu
1351 2694 1515 2739 praedam
1538 2693 1692 2739 recepit,

199 2736 335 2779 maigni
363 2737 498 2782 potitus
522 2737 688 2774 victoria.
736 2751 779 2774 eo
804 2745 964 2786 tempore
987 2739 1119 2775 Graeci
1142 2739 1284 2786 quidam
1311 2739 1348 2774 in
1376 2741 1479 2774 domo
1511 2739 1692 2775 cuiusdam

198 2782 415 2826 prandentes
449 2795 492 2818 eo
525 2784 686 2831 prolapsi
721 2790 803 2821 sunt
834 2791 873 2822 ut
906 2786 944 2821 in
975 2786 1150 2832 virginem
1183 2786 1363 2833 deiparam
1396 2786 1558 2821 convicia
1581 2793 1692 2831 atque

198 2828 460 2863 exsecrationes
486 2830 660 2866 iacerent.
707 2832 830 2867 horum
863 2833 993 2879 reliqui
1024 2833 1119 2868 illico
1155 2845 1176 2868 a
1204 2833 1302 2869 malis
1328 2835 1483 2879 correpti
1506 2833 1691 2879 spiritibus

196 2883 332 2921 poenas
355 2876 542 2914 dederunt.
589 2878 751 2915 dominus
774 2883 891 2916 autem
914 2880 1037 2916 domus
1061 2880 1166 2916 istius
1188 2891 1255 2928 per
1276 2880 1487 2917 insomnium
1510 2880 1603 2916 vidit
1620 2880 1691 2915 sibi
