<?xml version="1.0" encoding="UTF-8"?>
<!DOCTYPE html PUBLIC "-//W3C//DTD XHTML 1.0 Transitional//EN"
    "http://www.w3.org/TR/xhtml1/DTD/xhtml1-transitional.dtd">
<html xmlns="http://www.w3.org/1999/xhtml" xml:lang="en" lang="en">
 <head>
  <title>
</title>
<meta http-equiv="Content-Type" content="text/html;charset=utf-8" />
  <meta name='ocr-system' content='tesseract 3.04.00' />
  <meta name='ocr-capabilities' content='ocr_page ocr_carea ocr_par ocr_line ocrx_word'/>
</head>
<body>
  <div class='ocr_page' id='page_1' title='image "./corpusscriptorum13niebuoft_0444.png"; bbox 0 0 1742 3184; ppageno 0'>
   <div class='ocr_carea' id='block_1_1' title="bbox 209 192 1363 242">
    <p class='ocr_par' dir='ltr' id='par_1_1' title="bbox 209 192 1363 242">
     <span class='ocr_line' id='line_1_1' title="bbox 209 192 1363 242; baseline -0.004 0"><span class='ocrx_word' id='word_1_1' title='bbox 209 192 310 242; x_wconf 78' lang='lat'><strong>420</strong></span> <span class='ocrx_word' id='word_1_2' title='bbox 685 193 930 240; x_wconf 89' lang='lat' dir='ltr'>GEORGII</span> <span class='ocrx_word' id='word_1_3' title='bbox 964 193 1213 239; x_wconf 78' lang='lat' dir='ltr'><strong>GEDRENI</strong></span> <span class='ocrx_word' id='word_1_4' title='bbox 1281 231 1289 234; x_wconf 96' lang='lat'>.</span> <span class='ocrx_word' id='word_1_5' title='bbox 1348 208 1363 227; x_wconf 56' lang='grc' dir='ltr'><strong>ν’</strong></span> 
     </span>
    </p>
   </div>
   <div class='ocr_carea' id='block_1_2' title="bbox 83 303 1742 2864">
    <p class='ocr_par' dir='ltr' id='par_1_2' title="bbox 83 303 1742 2864">
     <span class='ocr_line' id='line_1_2' title="bbox 210 303 1695 370; baseline -0.003 -14"><span class='ocrx_word' id='word_1_6' title='bbox 210 313 277 356; x_wconf 81' lang='grc' dir='ltr'><strong>καὶ</strong></span> <span class='ocrx_word' id='word_1_7' title='bbox 306 309 387 365; x_wconf 71' lang='grc' dir='ltr'><strong>ὑπὸ</strong></span> <span class='ocrx_word' id='word_1_8' title='bbox 415 313 490 356; x_wconf 83' lang='grc' dir='ltr'><em>τοῢ</em></span> <span class='ocrx_word' id='word_1_9' title='bbox 515 315 656 356; x_wconf 81' lang='grc' dir='ltr'><em>κλοιοῦ</em></span> <span class='ocrx_word' id='word_1_10' title='bbox 679 307 897 370; x_wconf 80' lang='grc' dir='ltr'><em>ἄγχόμενοι</em></span> <span class='ocrx_word' id='word_1_11' title='bbox 915 313 990 366; x_wconf 79' lang='grc' dir='ltr'><strong>τῆς</strong></span> <span class='ocrx_word' id='word_1_12' title='bbox 1010 307 1221 354; x_wconf 74' lang='grc' dir='ltr'><em>πολυθὲου</em></span> <span class='ocrx_word' id='word_1_13' title='bbox 1240 305 1396 366; x_wconf 73' lang='grc' dir='ltr'><em>’πλάνης</em></span> <span class='ocrx_word' id='word_1_14' title='bbox 1415 303 1695 364; x_wconf 71' lang='grc' dir='ltr'><strong>ἐκστήσονται.</strong></span> 
     </span>
     <span class='ocr_line' id='line_1_3' title="bbox 159 377 1698 440; baseline -0.002 -15"><span class='ocrx_word' id='word_1_15' title='bbox 159 385 191 422; x_wconf 84' lang='lat' dir='ltr'>C</span> <span class='ocrx_word' id='word_1_16' title='bbox 215 382 363 432; x_wconf 67' lang='grc' dir='ltr'><em>οὗκοῦν</em></span> <span class='ocrx_word' id='word_1_17' title='bbox 381 382 454 425; x_wconf 80' lang='grc' dir='ltr'><strong>διὰ</strong></span> <span class='ocrx_word' id='word_1_18' title='bbox 473 382 549 438; x_wconf 83' lang='grc' dir='ltr'><em>τὴν</em></span> <span class='ocrx_word' id='word_1_19' title='bbox 570 381 898 440; x_wconf 79' lang='grc' dir='ltr'><em>σκληροκαρδίαν</em></span> <span class='ocrx_word' id='word_1_20' title='bbox 921 379 1056 424; x_wconf 77' lang='grc' dir='ltr'><em>αὐτῶν</em></span> <span class='ocrx_word' id='word_1_21' title='bbox 1077 380 1270 436; x_wconf 74' lang='grc' dir='ltr'><em>ἓπίδησεν</em></span> <span class='ocrx_word' id='word_1_22' title='bbox 1291 377 1443 431; x_wconf 78' lang='grc' dir='ltr'><em>αὐτούς</em></span> <span class='ocrx_word' id='word_1_23' title='bbox 1449 411 1464 432; x_wconf 89' lang='grc'><em>,</em></span> <span class='ocrx_word' id='word_1_24' title='bbox 1498 378 1610 430; x_wconf 83' lang='grc' dir='ltr'><em>ὅπως</em></span> <span class='ocrx_word' id='word_1_25' title='bbox 1627 379 1698 422; x_wconf 80' lang='grc' dir='ltr'><strong>διὰ</strong></span> 
     </span>
     <span class='ocr_line' id='line_1_4' title="bbox 211 448 1699 509; baseline -0.003 -13"><span class='ocrx_word' id='word_1_26' title='bbox 211 456 287 497; x_wconf 82' lang='grc' dir='ltr'><em>τοῦ</em></span> <span class='ocrx_word' id='word_1_27' title='bbox 309 449 429 495; x_wconf 77' lang='grc' dir='ltr'><em>θύειν</em></span> <span class='ocrx_word' id='word_1_28' title='bbox 451 453 518 494; x_wconf 83' lang='grc' dir='ltr'><strong>καὶ</strong></span> <span class='ocrx_word' id='word_1_29' title='bbox 543 451 679 509; x_wconf 79' lang='grc' dir='ltr'><em>ἀργεῖν</em></span> <span class='ocrx_word' id='word_1_30' title='bbox 701 452 770 494; x_wconf 87' lang='grc' dir='ltr'><strong>καὶ</strong></span> <span class='ocrx_word' id='word_1_31' title='bbox 793 448 1030 506; x_wconf 73' lang='grc' dir='ltr'><em>ἁγνίζεσθαι</em></span> <span class='ocrx_word' id='word_1_32' title='bbox 1049 449 1187 493; x_wconf 82' lang='grc' dir='ltr'><em>καὶτὰ</em></span> <span class='ocrx_word' id='word_1_33' title='bbox 1204 448 1342 492; x_wconf 77' lang='grc' dir='ltr'><strong><em>τοιάδε</em></strong></span> <span class='ocrx_word' id='word_1_34' title='bbox 1362 453 1699 507; x_wconf 68' lang='grc' dir='ltr'><em>παρατηρεῖσθαι</em></span> 
     </span>
     <span class='ocr_line' id='line_1_5' title="bbox 213 518 1699 579; baseline -0.004 -13"><span class='ocrx_word' id='word_1_35' title='bbox 213 525 269 574; x_wconf 78' lang='grc' dir='ltr'><strong>εἷς</strong></span> <span class='ocrx_word' id='word_1_36' title='bbox 301 521 458 565; x_wconf 64' lang='grc' dir='ltr'><em>ἔννοιαν</em></span> <span class='ocrx_word' id='word_1_37' title='bbox 495 520 692 579; x_wconf 68' lang='grc' dir='ltr'><em>ἴρχωνται</em></span> <span class='ocrx_word' id='word_1_38' title='bbox 729 524 831 564; x_wconf 78' lang='grc' dir='ltr'><em>θεοῦ</em></span> <span class='ocrx_word' id='word_1_39' title='bbox 864 523 939 562; x_wconf 78' lang='grc' dir='ltr'><em>τοῦ</em></span> <span class='ocrx_word' id='word_1_40' title='bbox 967 523 1100 563; x_wconf 83' lang='grc' dir='ltr'><em>ταῦτα</em></span> <span class='ocrx_word' id='word_1_41' title='bbox 1131 518 1429 574; x_wconf 74' lang='grc' dir='ltr'><em>διαταξαμένου</em></span> <span class='ocrx_word' id='word_1_42' title='bbox 1461 518 1600 569; x_wconf 76' lang='grc' dir='ltr'><em>αὐτοῖς</em></span> <span class='ocrx_word' id='word_1_43' title='bbox 1631 519 1699 561; x_wconf 87' lang='grc' dir='ltr'><strong>καὶ</strong></span> 
     </span>
     <span class='ocr_line' id='line_1_6' title="bbox 210 583 1732 649; baseline -0.002 -14"><span class='ocrx_word' id='word_1_44' title='bbox 210 583 591 648; x_wconf 67' lang='grc' dir='ltr'><strong>νομοθετήσαντος,</strong></span> <span class='ocrx_word' id='word_1_45' title='bbox 629 592 710 647; x_wconf 76' lang='grc' dir='ltr'><em>οἵγε</em></span> <span class='ocrx_word' id='word_1_46' title='bbox 741 590 958 649; x_wconf 73' lang='grc' dir='ltr'><em>μοχθηρίᾳ</em></span> <span class='ocrx_word' id='word_1_47' title='bbox 989 587 1145 647; x_wconf 84' lang='grc' dir='ltr'><em>τρόπου</em></span> <span class='ocrx_word' id='word_1_48' title='bbox 1177 590 1246 632; x_wconf 86' lang='grc' dir='ltr'><strong>καὶ</strong></span> <span class='ocrx_word' id='word_1_49' title='bbox 1273 586 1437 645; x_wconf 88' lang='grc' dir='ltr'><em>γνώμης</em></span> <span class='ocrx_word' id='word_1_50' title='bbox 1466 586 1732 645; x_wconf 81' lang='grc' dir='ltr'><em>ἄγνώμονος5</em></span> 
     </span>
     <span class='ocr_line' id='line_1_7' title="bbox 213 656 1702 717; baseline -0.004 -11"><span class='ocrx_word' id='word_1_51' title='bbox 213 661 262 706; x_wconf 81' lang='grc' dir='ltr'><strong>οὗ</strong></span> <span class='ocrx_word' id='word_1_52' title='bbox 287 662 548 716; x_wconf 87' lang='grc' dir='ltr'><em>διελίμπανον</em></span> <span class='ocrx_word' id='word_1_53' title='bbox 573 658 737 704; x_wconf 75' lang='grc' dir='ltr'><em>ἄνωθεν</em></span> <span class='ocrx_word' id='word_1_54' title='bbox 758 661 827 703; x_wconf 86' lang='grc' dir='ltr'><strong>καὶ</strong></span> <span class='ocrx_word' id='word_1_55' title='bbox 849 661 891 711; x_wconf 71' lang='grc' dir='ltr'><strong>ἐξ</strong></span> <span class='ocrx_word' id='word_1_56' title='bbox 915 660 1047 717; x_wconf 78' lang='grc' dir='ltr'><em>ἀρχῆς</em></span> <span class='ocrx_word' id='word_1_57' title='bbox 1067 658 1188 716; x_wconf 73' lang='grc' dir='ltr'><em>μέχρι</em></span> <span class='ocrx_word' id='word_1_58' title='bbox 1209 659 1352 710; x_wconf 79' lang='grc' dir='ltr'><em>τέλους</em></span> <span class='ocrx_word' id='word_1_59' title='bbox 1373 656 1702 712; x_wconf 73' lang='grc' dir='ltr'><em>ἐπιλανθανόμε-</em></span> 
     </span>
     <span class='ocr_line' id='line_1_8' title="bbox 211 726 1701 788; baseline -0.004 -12"><span class='ocrx_word' id='word_1_60' title='bbox 211 749 275 776; x_wconf 92' lang='grc' dir='ltr'><strong>νοι</strong></span> <span class='ocrx_word' id='word_1_61' title='bbox 295 734 370 774; x_wconf 82' lang='grc' dir='ltr'><em>τοῦ</em></span> <span class='ocrx_word' id='word_1_62' title='bbox 391 734 496 773; x_wconf 83' lang='grc' dir='ltr'><em>θεοῦ</em></span> <span class='ocrx_word' id='word_1_63' title='bbox 504 762 517 783; x_wconf 87' lang='grc'><em>,</em></span> <span class='ocrx_word' id='word_1_64' title='bbox 553 731 621 773; x_wconf 85' lang='grc' dir='ltr'><strong>καὶ</strong></span> <span class='ocrx_word' id='word_1_65' title='bbox 652 727 1007 788; x_wconf 87' lang='grc' dir='ltr'><em>παρατρεπόμενοι</em></span> <span class='ocrx_word' id='word_1_66' title='bbox 1031 726 1305 787; x_wconf 79' lang='grc' dir='ltr'><em>προσεκύνουν</em></span> <span class='ocrx_word' id='word_1_67' title='bbox 1329 729 1418 771; x_wconf 82' lang='grc' dir='ltr'><em>ἀντὶ</em></span> <span class='ocrx_word' id='word_1_68' title='bbox 1442 731 1517 771; x_wconf 82' lang='grc' dir='ltr'><em>τοῦ</em></span> <span class='ocrx_word' id='word_1_69' title='bbox 1537 729 1701 771; x_wconf 85' lang='grc' dir='ltr'><em>κτίστου</em></span> 
     </span>
     <span class='ocr_line' id='line_1_9' title="bbox 211 795 1704 857; baseline -0.004 -12"><span class='ocrx_word' id='word_1_70' title='bbox 211 801 287 854; x_wconf 86' lang='grc' dir='ltr'><em>τὴν</em></span> <span class='ocrx_word' id='word_1_71' title='bbox 318 800 472 853; x_wconf 80' lang='grc' dir='ltr'><em>κτίσιν,</em></span> <span class='ocrx_word' id='word_1_72' title='bbox 508 800 576 842; x_wconf 82' lang='grc' dir='ltr'><strong>καὶ</strong></span> <span class='ocrx_word' id='word_1_73' title='bbox 611 795 709 843; x_wconf 80' lang='grc' dir='ltr'><em>ποτὲ</em></span> <span class='ocrx_word' id='word_1_74' title='bbox 737 800 836 854; x_wconf 87' lang='grc' dir='ltr'><em>με’ν,</em></span> <span class='ocrx_word' id='word_1_75' title='bbox 873 797 930 851; x_wconf 83' lang='grc' dir='ltr'><em>ὥς</em></span> <span class='ocrx_word' id='word_1_76' title='bbox 957 798 1138 857; x_wconf 73' lang='grc' dir='ltr'><em>εἴρηται,</em></span> <span class='ocrx_word' id='word_1_77' title='bbox 1173 795 1569 854; x_wconf 83' lang='grc' dir='ltr'><em>μοσχοποιήσαντες,</em></span> <span class='ocrx_word' id='word_1_78' title='bbox 1605 797 1704 840; x_wconf 80' lang='grc' dir='ltr'><em>ποτὲ</em></span> 
     </span>
     <span class='ocr_line' id='line_1_10' title="bbox 215 865 1703 928; baseline -0.003 -15"><span class='ocrx_word' id='word_1_79' title='bbox 215 871 263 925; x_wconf 76' lang='grc' dir='ltr'><strong>δὲ</strong></span> <span class='ocrx_word' id='word_1_80' title='bbox 288 873 348 927; x_wconf 76' lang='grc' dir='ltr'><em>τῷ</em></span> <span class='ocrx_word' id='word_1_81' title='bbox 378 868 624 928; x_wconf 81' lang='grc' dir='ltr'><em>Βεελφεγώρ</em></span> <span class='ocrx_word' id='word_1_82' title='bbox 658 865 1035 927; x_wconf 76' lang='grc' dir='ltr'><em>προσκυνήσαντες,</em></span> <span class='ocrx_word' id='word_1_83' title='bbox 1072 867 1216 911; x_wconf 75' lang='grc' dir='ltr'><em>ἄλλοτε</em></span> <span class='ocrx_word' id='word_1_84' title='bbox 1250 868 1295 910; x_wconf 79' lang='grc' dir='ltr'><strong>δὲ</strong></span> <span class='ocrx_word' id='word_1_85' title='bbox 1325 871 1391 927; x_wconf 70' lang='grc' dir='ltr'><em>τῷ</em></span> <span class='ocrx_word' id='word_1_86' title='bbox 1411 865 1535 910; x_wconf 82' lang='grc' dir='ltr'><em>Βάαλ</em></span> <span class='ocrx_word' id='word_1_87' title='bbox 1557 869 1703 924; x_wconf 81' lang='grc' dir='ltr'><em>καὶτῷ</em></span> 
     </span>
     <span class='ocr_line' id='line_1_11' title="bbox 213 935 1742 998; baseline -0.003 -15"><span class='ocrx_word' id='word_1_88' title='bbox 213 938 378 994; x_wconf 78' lang='grc' dir='ltr'><em>Χαμῶς</em></span> <span class='ocrx_word' id='word_1_89' title='bbox 397 940 467 982; x_wconf 85' lang='grc' dir='ltr'><strong>καὶ</strong></span> <span class='ocrx_word' id='word_1_90' title='bbox 485 943 537 997; x_wconf 83' lang='grc' dir='ltr'><em>τῇ</em></span> <span class='ocrx_word' id='word_1_91' title='bbox 560 939 741 998; x_wconf 72' lang='grc' dir='ltr'><em>Σιδωνίᾳ</em></span> <span class='ocrx_word' id='word_1_92' title='bbox 757 937 960 997; x_wconf 81' lang='grc' dir='ltr'><em>Ἀστάρτῃ</em></span> <span class='ocrx_word' id='word_1_93' title='bbox 984 940 1052 981; x_wconf 83' lang='grc' dir='ltr'><strong>καὶ</strong></span> <span class='ocrx_word' id='word_1_94' title='bbox 1076 943 1133 997; x_wconf 77' lang='grc' dir='ltr'><em>τῷ</em></span> <span class='ocrx_word' id='word_1_95' title='bbox 1156 935 1378 993; x_wconf 86' lang='grc' dir='ltr'><em>Μολχώμ,</em></span> <span class='ocrx_word' id='word_1_96' title='bbox 1414 939 1482 980; x_wconf 87' lang='grc' dir='ltr'><strong>καὶ</strong></span> <span class='ocrx_word' id='word_1_97' title='bbox 1515 937 1612 980; x_wconf 80' lang='grc' dir='ltr'><em>ποτὲ</em></span> <span class='ocrx_word' id='word_1_98' title='bbox 1644 940 1702 994; x_wconf 77' lang='grc' dir='ltr'><em>τῷ</em></span> <span class='ocrx_word' id='word_1_99' title='bbox 1717 943 1742 979; x_wconf 77' lang='lat'><strong>1⁴</strong></span> 
     </span>
     <span class='ocr_line' id='line_1_12' title="bbox 212 1005 1705 1067; baseline -0.002 -17"><span class='ocrx_word' id='word_1_100' title='bbox 212 1007 315 1067; x_wconf 72' lang='grc' dir='ltr'><em>ἡλίῳ</em></span> <span class='ocrx_word' id='word_1_101' title='bbox 340 1010 408 1051; x_wconf 88' lang='grc' dir='ltr'><strong>καὶ</strong></span> <span class='ocrx_word' id='word_1_102' title='bbox 429 1012 482 1067; x_wconf 82' lang='grc' dir='ltr'><em>τῇ</em></span> <span class='ocrx_word' id='word_1_103' title='bbox 503 1007 651 1067; x_wconf 75' lang='grc' dir='ltr'><em>σελήνῃ</em></span> <span class='ocrx_word' id='word_1_104' title='bbox 679 1010 746 1052; x_wconf 81' lang='grc' dir='ltr'><em>καὶ</em></span> <span class='ocrx_word' id='word_1_105' title='bbox 773 1015 860 1059; x_wconf 82' lang='grc' dir='ltr'><em>τοῖς</em></span> <span class='ocrx_word' id='word_1_106' title='bbox 887 1008 1079 1065; x_wconf 78' lang='grc' dir='ltr'><em>ἄστροις,</em></span> <span class='ocrx_word' id='word_1_107' title='bbox 1114 1006 1142 1050; x_wconf 75' lang='grc' dir='ltr'><strong><em>ἃ</em></strong></span> <span class='ocrx_word' id='word_1_108' title='bbox 1173 1005 1194 1050; x_wconf 85' lang='grc' dir='ltr'><strong><em>ὃ</em></strong></span> <span class='ocrx_word' id='word_1_109' title='bbox 1226 1007 1330 1058; x_wconf 85' lang='grc' dir='ltr'><em>θεὸς</em></span> <span class='ocrx_word' id='word_1_110' title='bbox 1360 1008 1416 1058; x_wconf 83' lang='grc' dir='ltr'><strong>εἲς</strong></span> <span class='ocrx_word' id='word_1_111' title='bbox 1445 1010 1599 1065; x_wconf 83' lang='grc' dir='ltr'><em>φαῦσιν</em></span> <span class='ocrx_word' id='word_1_112' title='bbox 1630 1007 1705 1048; x_wconf 58' lang='grc' dir='ltr'><strong>οἰν-&gt;</strong></span> 
     </span>
     <span class='ocr_line' id='line_1_13' title="bbox 160 1075 1707 1136; baseline -0.003 -14"><span class='ocrx_word' id='word_1_113' title='bbox 160 1091 194 1128; x_wconf 87' lang='lat' dir='ltr'>D</span> <span class='ocrx_word' id='word_1_114' title='bbox 218 1076 408 1136; x_wconf 80' lang='grc' dir='ltr'><em>θρώποις</em></span> <span class='ocrx_word' id='word_1_115' title='bbox 429 1079 591 1134; x_wconf 73' lang='grc' dir='ltr'><em>ἐποίησε</em></span> <span class='ocrx_word' id='word_1_116' title='bbox 616 1080 683 1122; x_wconf 85' lang='grc' dir='ltr'><strong>καὶ</strong></span> <span class='ocrx_word' id='word_1_117' title='bbox 703 1077 778 1121; x_wconf 81' lang='grc' dir='ltr'><em>οῧκ</em></span> <span class='ocrx_word' id='word_1_118' title='bbox 801 1079 858 1129; x_wconf 83' lang='grc' dir='ltr'><strong>εἲς</strong></span> <span class='ocrx_word' id='word_1_119' title='bbox 876 1076 1171 1136; x_wconf 79' lang='grc' dir='ltr'><em>προσκύνησιν·</em></span> <span class='ocrx_word' id='word_1_120' title='bbox 1207 1078 1305 1121; x_wconf 80' lang='grc' dir='ltr'><em>ποτὲ</em></span> <span class='ocrx_word' id='word_1_121' title='bbox 1324 1078 1368 1120; x_wconf 78' lang='grc' dir='ltr'><strong>δὲ</strong></span> <span class='ocrx_word' id='word_1_122' title='bbox 1386 1078 1454 1119; x_wconf 84' lang='grc' dir='ltr'><strong>καὶ</strong></span> <span class='ocrx_word' id='word_1_123' title='bbox 1472 1075 1602 1132; x_wconf 78' lang='grc' dir='ltr'><em>ἄλογα</em></span> <span class='ocrx_word' id='word_1_124' title='bbox 1622 1077 1707 1135; x_wconf 78' lang='grc' dir='ltr'><em>ζῷα</em></span> 
     </span>
     <span class='ocr_line' id='line_1_14' title="bbox 216 1142 1707 1206; baseline -0.003 -14"><span class='ocrx_word' id='word_1_125' title='bbox 216 1149 386 1204; x_wconf 74' lang='grc' dir='ltr'><em>ἐτίμων,</em></span> <span class='ocrx_word' id='word_1_126' title='bbox 423 1146 480 1199; x_wconf 80' lang='grc' dir='ltr'><em>ὡς</em></span> <span class='ocrx_word' id='word_1_127' title='bbox 502 1148 606 1205; x_wconf 83' lang='grc' dir='ltr'><em>παρ’</em></span> <span class='ocrx_word' id='word_1_128' title='bbox 636 1149 883 1206; x_wconf 76' lang='grc' dir='ltr'><em>Αἰγυπτίοις</em></span> <span class='ocrx_word' id='word_1_129' title='bbox 914 1147 985 1191; x_wconf 82' lang='grc' dir='ltr'><em>τὸν</em></span> <span class='ocrx_word' id='word_1_130' title='bbox 1008 1142 1127 1191; x_wconf 71' lang='grc' dir='ltr'><em>Ἆπιν</em></span> <span class='ocrx_word' id='word_1_131' title='bbox 1150 1151 1255 1202; x_wconf 79' lang='grc' dir='ltr'><em>βοῦν</em></span> <span class='ocrx_word' id='word_1_132' title='bbox 1277 1149 1346 1189; x_wconf 82' lang='grc' dir='ltr'><strong>καὶ</strong></span> <span class='ocrx_word' id='word_1_133' title='bbox 1368 1146 1439 1190; x_wconf 84' lang='grc' dir='ltr'><em>τὸν</em></span> <span class='ocrx_word' id='word_1_134' title='bbox 1463 1143 1707 1202; x_wconf 75' lang='grc' dir='ltr'><em>Μενδήσιον</em></span> 
     </span>
     <span class='ocr_line' id='line_1_15' title="bbox 217 1214 1708 1277; baseline -0.003 -16"><span class='ocrx_word' id='word_1_135' title='bbox 217 1217 397 1277; x_wconf 83' lang='grc' dir='ltr'><em>τράγον,</em></span> <span class='ocrx_word' id='word_1_136' title='bbox 427 1220 497 1261; x_wconf 83' lang='grc' dir='ltr'><em>καὶ</em></span> <span class='ocrx_word' id='word_1_137' title='bbox 533 1219 661 1269; x_wconf 81' lang='grc' dir='ltr'><em>θεοὺς</em></span> <span class='ocrx_word' id='word_1_138' title='bbox 694 1217 901 1276; x_wconf 78' lang='grc' dir='ltr'><em>ἀργυροῦς</em></span> <span class='ocrx_word' id='word_1_139' title='bbox 933 1220 1000 1260; x_wconf 85' lang='grc' dir='ltr'><strong>καὶ</strong></span> <span class='ocrx_word' id='word_1_140' title='bbox 1027 1222 1233 1275; x_wconf 81' lang='grc' dir='ltr'><em>χρυσοῦς,</em></span> <span class='ocrx_word' id='word_1_141' title='bbox 1271 1214 1327 1267; x_wconf 85' lang='grc' dir='ltr'><em>ὡς</em></span> <span class='ocrx_word' id='word_1_142' title='bbox 1359 1217 1402 1259; x_wconf 73' lang='grc' dir='ltr'><strong>ἐν</strong></span> <span class='ocrx_word' id='word_1_143' title='bbox 1431 1219 1484 1274; x_wconf 82' lang='grc' dir='ltr'><em>τῇ</em></span> <span class='ocrx_word' id='word_1_144' title='bbox 1511 1216 1708 1275; x_wconf 73' lang='grc' dir='ltr'><em>Ἰουδαίᾳ.</em></span> 
     </span>
     <span class='ocr_line' id='line_1_16' title="bbox 219 1283 1740 1346; baseline -0.001 -14"><span class='ocrx_word' id='word_1_145' title='bbox 219 1285 349 1346; x_wconf 83' lang='grc' dir='ltr'><em>ταύτῃ</em></span> <span class='ocrx_word' id='word_1_146' title='bbox 373 1304 438 1332; x_wconf 89' lang='grc' dir='ltr'><em>τοι</em></span> <span class='ocrx_word' id='word_1_147' title='bbox 461 1287 680 1346; x_wconf 75' lang='grc' dir='ltr'><em>προδήλως</em></span> <span class='ocrx_word' id='word_1_148' title='bbox 702 1287 878 1330; x_wconf 80' lang='grc' dir='ltr'><em>ἀπειλῶν</em></span> <span class='ocrx_word' id='word_1_149' title='bbox 898 1287 1038 1338; x_wconf 80' lang='grc' dir='ltr'><em>αὖτοῖς</em></span> <span class='ocrx_word' id='word_1_150' title='bbox 1060 1285 1081 1330; x_wconf 79' lang='grc' dir='ltr'><strong>ὅ</strong></span> <span class='ocrx_word' id='word_1_151' title='bbox 1105 1287 1207 1338; x_wconf 82' lang='grc' dir='ltr'><em>θεὸς</em></span> <span class='ocrx_word' id='word_1_152' title='bbox 1225 1285 1331 1343; x_wconf 65' lang='grc' dir='ltr'><em>ἔλεγε</em></span> <span class='ocrx_word' id='word_1_153' title='bbox 1355 1285 1426 1329; x_wconf 79' lang='grc' dir='ltr'><strong>διὰ</strong></span> <span class='ocrx_word' id='word_1_154' title='bbox 1446 1289 1521 1328; x_wconf 79' lang='grc' dir='ltr'><em>τοῦ</em></span> <span class='ocrx_word' id='word_1_155' title='bbox 1541 1283 1740 1344; x_wconf 79' lang='grc' dir='ltr'><em>προφή-1</em></span> 
     </span>
     <span class='ocr_line' id='line_1_17' title="bbox 220 1354 1709 1416; baseline -0.003 -15"><span class='ocrx_word' id='word_1_156' title='bbox 220 1370 318 1402; x_wconf 74' lang='grc' dir='ltr'><em>του·</em></span> <span class='ocrx_word' id='word_1_157' title='bbox 347 1356 437 1413; x_wconf 51' lang='grc' dir='ltr'><strong>ι(μὴ</strong></span> <span class='ocrx_word' id='word_1_158' title='bbox 467 1358 616 1414; x_wconf 86' lang='grc' dir='ltr'><em>μικρὸν</em></span> <span class='ocrx_word' id='word_1_159' title='bbox 644 1362 765 1401; x_wconf 77' lang='grc' dir='ltr'><em>τοῦτο</em></span> <span class='ocrx_word' id='word_1_160' title='bbox 796 1361 854 1416; x_wconf 79' lang='grc' dir='ltr'><em>τῷ</em></span> <span class='ocrx_word' id='word_1_161' title='bbox 887 1355 986 1415; x_wconf 72' lang='grc' dir='ltr'><em>οἴκῳ</em></span> <span class='ocrx_word' id='word_1_162' title='bbox 1014 1355 1175 1409; x_wconf 80' lang='grc' dir='ltr'><em>Ἰούδα,</em></span> <span class='ocrx_word' id='word_1_163' title='bbox 1209 1362 1336 1399; x_wconf 76' lang='grc' dir='ltr'><em>ποιεῖν</em></span> <span class='ocrx_word' id='word_1_164' title='bbox 1365 1355 1417 1399; x_wconf 78' lang='grc' dir='ltr'><em>τὰ</em></span> <span class='ocrx_word' id='word_1_165' title='bbox 1442 1354 1709 1412; x_wconf 79' lang='grc' dir='ltr'><em>βδελύγματα</em></span> 
     </span>
     <span class='ocr_line' id='line_1_18' title="bbox 221 1425 1710 1483; baseline -0.003 -12"><span class='ocrx_word' id='word_1_166' title='bbox 221 1431 355 1472; x_wconf 77' lang='grc' dir='ltr'><em>ταῦτα</em></span> <span class='ocrx_word' id='word_1_167' title='bbox 382 1426 409 1470; x_wconf 74' lang='grc' dir='ltr'><em>ἃ</em></span> <span class='ocrx_word' id='word_1_168' title='bbox 435 1427 657 1483; x_wconf 74' lang='grc' dir='ltr'><em>ἕποίησαν,·</em></span> <span class='ocrx_word' id='word_1_169' title='bbox 693 1426 755 1470; x_wconf 81' lang='grc' dir='ltr'><em>ὅτι</em></span> <span class='ocrx_word' id='word_1_170' title='bbox 786 1425 966 1482; x_wconf 68' lang='grc' dir='ltr'><em>ἔπλησαν</em></span> <span class='ocrx_word' id='word_1_171' title='bbox 987 1426 1062 1482; x_wconf 79' lang='grc' dir='ltr'><em>τὴν</em></span> <span class='ocrx_word' id='word_1_172' title='bbox 1082 1431 1157 1482; x_wconf 78' lang='grc' dir='ltr'><strong>γῆν</strong></span> <span class='ocrx_word' id='word_1_173' title='bbox 1179 1425 1350 1481; x_wconf 79' lang='grc' dir='ltr'><em>ἀνομίας</em></span> <span class='ocrx_word' id='word_1_174' title='bbox 1368 1429 1442 1468; x_wconf 79' lang='grc' dir='ltr'><em>τοῦ</em></span> <span class='ocrx_word' id='word_1_175' title='bbox 1460 1426 1710 1483; x_wconf 87' lang='grc' dir='ltr'><em>παροργίσαι</em></span> 
     </span>
     <span class='ocr_line' id='line_1_19' title="bbox 222 1493 1711 1554; baseline -0.002 -14"><span class='ocrx_word' id='word_1_176' title='bbox 222 1496 318 1554; x_wconf 50' lang='lat' dir='ltr'><strong>‘affl&#39;</strong></span> <span class='ocrx_word' id='word_1_177' title='bbox 392 1495 456 1540; x_wconf 85' lang='grc' dir='ltr'><strong>διὸ</strong></span> <span class='ocrx_word' id='word_1_178' title='bbox 478 1497 614 1540; x_wconf 88' lang='grc' dir='ltr'><em>τοίνυν</em></span> <span class='ocrx_word' id='word_1_179' title='bbox 635 1495 800 1547; x_wconf 76' lang='grc' dir='ltr'><em>εἰκότως</em></span> <span class='ocrx_word' id='word_1_180' title='bbox 822 1494 1198 1553; x_wconf 75' lang='grc' dir='ltr'><em>ἐξωλοθρεύθησαν</em></span> <span class='ocrx_word' id='word_1_181' title='bbox 1220 1493 1276 1547; x_wconf 82' lang='grc' dir='ltr'><em>ὡς</em></span> <span class='ocrx_word' id='word_1_182' title='bbox 1295 1494 1366 1538; x_wconf 84' lang='grc' dir='ltr'><em>τὸν</em></span> <span class='ocrx_word' id='word_1_183' title='bbox 1385 1495 1489 1538; x_wconf 82' lang='grc' dir='ltr'><em>θεὸν</em></span> <span class='ocrx_word' id='word_1_184' title='bbox 1511 1495 1711 1552; x_wconf 79' lang='grc' dir='ltr'><em>παροργί-</em></span> 
     </span>
     <span class='ocr_line' id='line_1_20' title="bbox 220 1564 1712 1623; baseline -0.003 -14"><span class='ocrx_word' id='word_1_185' title='bbox 220 1569 356 1620; x_wconf 85' lang='grc' dir='ltr'><em>ζοντες</em></span> <span class='ocrx_word' id='word_1_186' title='bbox 385 1567 453 1609; x_wconf 87' lang='grc' dir='ltr'><strong>καὶ</strong></span> <span class='ocrx_word' id='word_1_187' title='bbox 483 1565 557 1622; x_wconf 76' lang='grc' dir='ltr'><em>τὴν</em></span> <span class='ocrx_word' id='word_1_188' title='bbox 583 1564 702 1623; x_wconf 80' lang='grc' dir='ltr'><em>ἆγίαν</em></span> <span class='ocrx_word' id='word_1_189' title='bbox 730 1571 806 1623; x_wconf 77' lang='grc' dir='ltr'><strong>γῆν</strong></span> <span class='ocrx_word' id='word_1_190' title='bbox 834 1566 987 1621; x_wconf 75' lang='grc' dir='ltr'><em>ἐκείνην</em></span> <span class='ocrx_word' id='word_1_191' title='bbox 1017 1567 1351 1619; x_wconf 89' lang='grc' dir='ltr'><em>καταμιαίνοντες</em></span> <span class='ocrx_word' id='word_1_192' title='bbox 1378 1565 1453 1606; x_wconf 71' lang='grc' dir='ltr'><em>ἀπ’</em></span> <span class='ocrx_word' id='word_1_193' title='bbox 1482 1564 1612 1620; x_wconf 82' lang='grc' dir='ltr'><em>ἀρχῆς</em></span> <span class='ocrx_word' id='word_1_194' title='bbox 1636 1564 1712 1614; x_wconf 67' lang='grc' dir='ltr'><em>ἕως</em></span> 
     </span>
     <span class='ocr_line' id='line_1_21' title="bbox 220 1633 1742 1692; baseline -0.003 -12"><span class='ocrx_word' id='word_1_195' title='bbox 220 1641 296 1692; x_wconf 73' lang='grc' dir='ltr'><em>’τῆς</em></span> <span class='ocrx_word' id='word_1_196' title='bbox 323 1634 498 1690; x_wconf 73' lang='grc' dir='ltr'><em>ἐσχάτης</em></span> <span class='ocrx_word' id='word_1_197' title='bbox 528 1637 597 1678; x_wconf 85' lang='grc' dir='ltr'><strong>καὶ</strong></span> <span class='ocrx_word' id='word_1_198' title='bbox 628 1636 863 1686; x_wconf 84' lang='grc' dir='ltr'><em>τελευταίας</em></span> <span class='ocrx_word' id='word_1_199' title='bbox 894 1634 1047 1691; x_wconf 78' lang='grc' dir='ltr'><em>ταύτης</em></span> <span class='ocrx_word' id='word_1_200' title='bbox 1077 1633 1269 1685; x_wconf 76' lang='grc' dir='ltr'><em>ἁλώσεως</em></span> <span class='ocrx_word' id='word_1_201' title='bbox 1297 1635 1362 1676; x_wconf 73' lang='grc' dir='ltr'><em>ἐπὶ</em></span> <span class='ocrx_word' id='word_1_202' title='bbox 1397 1633 1712 1676; x_wconf 78' lang='grc' dir='ltr'><em>Οὐεσπασιανοῦ</em></span> <span class='ocrx_word' id='word_1_203' title='bbox 1720 1643 1742 1680; x_wconf 77' lang='lat'>2</span> 
     </span>
     <span class='ocr_line' id='line_1_22' title="bbox 225 1701 1711 1762; baseline -0.001 -14"><span class='ocrx_word' id='word_1_204' title='bbox 225 1707 293 1748; x_wconf 82' lang='grc' dir='ltr'><strong>καὶ</strong></span> <span class='ocrx_word' id='word_1_205' title='bbox 325 1707 468 1747; x_wconf 89' lang='grc' dir='ltr'><em>Τίτου.</em></span> <span class='ocrx_word' id='word_1_206' title='bbox 537 1706 606 1748; x_wconf 84' lang='grc' dir='ltr'><strong>καὶ</strong></span> <span class='ocrx_word' id='word_1_207' title='bbox 632 1706 712 1762; x_wconf 83' lang='grc' dir='ltr'><em>γὰρ</em></span> <span class='ocrx_word' id='word_1_208' title='bbox 742 1702 954 1762; x_wconf 83' lang='grc' dir='ltr'><em>διαφόρων</em></span> <span class='ocrx_word' id='word_1_209' title='bbox 974 1702 1126 1759; x_wconf 81' lang='grc' dir='ltr'><em>ταύτην</em></span> <span class='ocrx_word' id='word_1_210' title='bbox 1148 1702 1322 1747; x_wconf 74' lang='grc' dir='ltr'><em>ἑλόντων</em></span> <span class='ocrx_word' id='word_1_211' title='bbox 1345 1704 1414 1745; x_wconf 83' lang='grc' dir='ltr'><strong>καὶ</strong></span> <span class='ocrx_word' id='word_1_212' title='bbox 1437 1701 1711 1755; x_wconf 87' lang='grc' dir='ltr'><em>καθελόντων,</em></span> 
     </span>
     <span class='ocr_line' id='line_1_23' title="bbox 83 1771 1714 1833; baseline -0.006 -9"><span class='ocrx_word' id='word_1_213' title='bbox 83 1787 114 1823; x_wconf 90' lang='grc' dir='ltr'>Ρ</span> <span class='ocrx_word' id='word_1_214' title='bbox 137 1785 208 1824; x_wconf 76' lang='grc'><strong>240</strong></span> <span class='ocrx_word' id='word_1_215' title='bbox 230 1775 332 1833; x_wconf 79' lang='grc' dir='ltr'><em>φησὶ</em></span> <span class='ocrx_word' id='word_1_216' title='bbox 365 1771 656 1831; x_wconf 87' lang='grc' dir='ltr'><em>Θεοδώρητος,</em></span> <span class='ocrx_word' id='word_1_217' title='bbox 691 1772 814 1816; x_wconf 78' lang='grc' dir='ltr'><em>πάλιν</em></span> <span class='ocrx_word' id='word_1_218' title='bbox 843 1776 898 1824; x_wconf 79' lang='grc' dir='ltr'><strong>εἷς</strong></span> <span class='ocrx_word' id='word_1_219' title='bbox 929 1774 975 1816; x_wconf 83' lang='grc' dir='ltr'><em>τὸ</em></span> <span class='ocrx_word' id='word_1_220' title='bbox 1001 1774 1172 1831; x_wconf 78' lang='grc' dir='ltr'><em>ἀρχαῖον</em></span> <span class='ocrx_word' id='word_1_221' title='bbox 1196 1773 1531 1828; x_wconf 74' lang='grc' dir='ltr'><em>ἀποκατέστησαν</em></span> <span class='ocrx_word' id='word_1_222' title='bbox 1553 1771 1714 1827; x_wconf 75' lang='grc' dir='ltr'><em>ἀξίωμά</em></span> 
     </span>
     <span class='ocr_line' id='line_1_24' title="bbox 228 1841 1712 1901; baseline -0.002 -14"><span class='ocrx_word' id='word_1_223' title='bbox 228 1861 272 1887; x_wconf 89' lang='grc' dir='ltr'><strong>τε</strong></span> <span class='ocrx_word' id='word_1_224' title='bbox 293 1844 362 1886; x_wconf 82' lang='grc' dir='ltr'><strong>καὶ</strong></span> <span class='ocrx_word' id='word_1_225' title='bbox 384 1848 545 1899; x_wconf 75' lang='grc' dir='ltr'><em>σχῆμα·</em></span> <span class='ocrx_word' id='word_1_226' title='bbox 584 1843 691 1886; x_wconf 77' lang='grc' dir='ltr'><em>ἀλλὰ</em></span> <span class='ocrx_word' id='word_1_227' title='bbox 713 1847 785 1886; x_wconf 81' lang='grc' dir='ltr'><strong>νῦν</strong></span> <span class='ocrx_word' id='word_1_228' title='bbox 807 1843 953 1886; x_wconf 75' lang='grc' dir='ltr'><em>οὐκέτι.</em></span> <span class='ocrx_word' id='word_1_229' title='bbox 1021 1848 1183 1900; x_wconf 81' lang='grc' dir='ltr'><em>πρῶτος</em></span> <span class='ocrx_word' id='word_1_230' title='bbox 1204 1843 1279 1898; x_wconf 70' lang='grc' dir='ltr'><strong>μὲν</strong></span> <span class='ocrx_word' id='word_1_231' title='bbox 1296 1843 1375 1900; x_wconf 81' lang='grc' dir='ltr'><em>γὰρ</em></span> <span class='ocrx_word' id='word_1_232' title='bbox 1400 1841 1712 1901; x_wconf 82' lang='grc' dir='ltr'><em>Θελαφάλασαρ</em></span> 
     </span>
     <span class='ocr_line' id='line_1_25' title="bbox 227 1910 1715 1971; baseline -0.001 -14"><span class='ocrx_word' id='word_1_233' title='bbox 227 1910 491 1971; x_wconf 79' lang='grc' dir='ltr'><em>δορυάλωτον</em></span> <span class='ocrx_word' id='word_1_234' title='bbox 512 1910 633 1968; x_wconf 65' lang='grc' dir='ltr'><em>ἔλαβε</em></span> <span class='ocrx_word' id='word_1_235' title='bbox 657 1917 739 1956; x_wconf 82' lang='grc' dir='ltr'><em>τῶν</em></span> <span class='ocrx_word' id='word_1_236' title='bbox 761 1914 860 1956; x_wconf 78' lang='grc' dir='ltr'><em>δέκα</em></span> <span class='ocrx_word' id='word_1_237' title='bbox 883 1915 1026 1970; x_wconf 76' lang='grc' dir='ltr'><em>φυλῶν</em></span> <span class='ocrx_word' id='word_1_238' title='bbox 1042 1912 1088 1956; x_wconf 85' lang='grc' dir='ltr'><em>τὸ</em></span> <span class='ocrx_word' id='word_1_239' title='bbox 1106 1917 1316 1966; x_wconf 80' lang='grc' dir='ltr'><em>πλεῖστον,</em></span> <span class='ocrx_word' id='word_1_240' title='bbox 1352 1910 1539 1971; x_wconf 79' lang='grc' dir='ltr'><em>δεύτερος</em></span> <span class='ocrx_word' id='word_1_241' title='bbox 1559 1913 1603 1955; x_wconf 79' lang='grc' dir='ltr'><strong>δὲ</strong></span> <span class='ocrx_word' id='word_1_242' title='bbox 1624 1915 1715 1955; x_wconf 78' lang='grc' dir='ltr'><em>Σα-</em></span> 
     </span>
     <span class='ocr_line' id='line_1_26' title="bbox 225 2019 1717 2068; baseline -0.001 -9"><span class='ocrx_word' id='word_1_243' title='bbox 225 2021 390 2059; x_wconf 84' lang='lat' dir='ltr'><strong>adstricti</strong></span> <span class='ocrx_word' id='word_1_244' title='bbox 424 2032 581 2057; x_wconf 88' lang='lat' dir='ltr'><strong>errorem</strong></span> <span class='ocrx_word' id='word_1_245' title='bbox 605 2020 650 2056; x_wconf 90' lang='lat' dir='ltr'><strong>de</strong></span> <span class='ocrx_word' id='word_1_246' title='bbox 674 2019 792 2056; x_wconf 84' lang='lat' dir='ltr'><strong>multis</strong></span> <span class='ocrx_word' id='word_1_247' title='bbox 815 2020 883 2056; x_wconf 89' lang='lat' dir='ltr'><strong>diis</strong></span> <span class='ocrx_word' id='word_1_248' title='bbox 906 2020 1078 2057; x_wconf 82' lang='lat' dir='ltr'><strong>vitarent.</strong></span> <span class='ocrx_word' id='word_1_249' title='bbox 1127 2022 1180 2057; x_wconf 92' lang='lat' dir='ltr'><strong>sic</strong></span> <span class='ocrx_word' id='word_1_250' title='bbox 1211 2034 1296 2068; x_wconf 86' lang='lat' dir='ltr'><strong>ergo</strong></span> <span class='ocrx_word' id='word_1_251' title='bbox 1328 2021 1415 2057; x_wconf 82' lang='lat' dir='ltr'><strong>deus</strong></span> <span class='ocrx_word' id='word_1_252' title='bbox 1444 2034 1507 2057; x_wconf 86' lang='lat' dir='ltr'><strong>eos</strong></span> <span class='ocrx_word' id='word_1_253' title='bbox 1537 2023 1583 2058; x_wconf 91' lang='lat' dir='ltr'><strong>ob</strong></span> <span class='ocrx_word' id='word_1_254' title='bbox 1608 2021 1717 2057; x_wconf 87' lang='lat' dir='ltr'><strong>animi</strong></span> 
     </span>
     <span class='ocr_line' id='line_1_27' title="bbox 228 2068 1715 2115; baseline -0.001 -10"><span class='ocrx_word' id='word_1_255' title='bbox 228 2068 503 2106; x_wconf 74' lang='lat' dir='ltr'><strong>obstinationem</strong></span> <span class='ocrx_word' id='word_1_256' title='bbox 527 2068 710 2112; x_wconf 84' lang='lat' dir='ltr'><strong>devinxit,</strong></span> <span class='ocrx_word' id='word_1_257' title='bbox 733 2073 774 2102; x_wconf 82' lang='lat' dir='ltr'><strong>ut</strong></span> <span class='ocrx_word' id='word_1_258' title='bbox 795 2068 983 2103; x_wconf 86' lang='lat' dir='ltr'><strong>sacrificiis</strong></span> <span class='ocrx_word' id='word_1_259' title='bbox 1005 2068 1106 2105; x_wconf 85' lang='lat' dir='ltr'><strong>feriis</strong></span> <span class='ocrx_word' id='word_1_260' title='bbox 1129 2068 1347 2104; x_wconf 87' lang='lat' dir='ltr'>castimoniis</span> <span class='ocrx_word' id='word_1_261' title='bbox 1371 2069 1522 2114; x_wconf 87' lang='lat' dir='ltr'><strong>aliisque</strong></span> <span class='ocrx_word' id='word_1_262' title='bbox 1541 2069 1580 2104; x_wconf 84' lang='lat' dir='ltr'><strong>id</strong></span> <span class='ocrx_word' id='word_1_263' title='bbox 1603 2081 1715 2115; x_wconf 73' lang='lat' dir='ltr'><strong>gepus</strong></span> 
     </span>
     <span class='ocr_line' id='line_1_28' title="bbox 228 2114 1717 2162; baseline 0 -11"><span class='ocrx_word' id='word_1_264' title='bbox 228 2115 462 2152; x_wconf 88' lang='lat' dir='ltr'><strong>caeremoniis</strong></span> <span class='ocrx_word' id='word_1_265' title='bbox 486 2115 719 2150; x_wconf 85' lang='lat' dir='ltr'><strong>observandis</strong></span> <span class='ocrx_word' id='word_1_266' title='bbox 744 2114 803 2149; x_wconf 90' lang='lat' dir='ltr'><strong>dei</strong></span> <span class='ocrx_word' id='word_1_267' title='bbox 827 2116 1028 2150; x_wconf 81' lang='lat' dir='ltr'><strong>memoriam</strong></span> <span class='ocrx_word' id='word_1_268' title='bbox 1046 2116 1262 2161; x_wconf 80' lang='lat' dir='ltr'>retinerent,</span> <span class='ocrx_word' id='word_1_269' title='bbox 1291 2116 1352 2162; x_wconf 90' lang='lat' dir='ltr'><strong>qui</strong></span> <span class='ocrx_word' id='word_1_270' title='bbox 1378 2117 1495 2151; x_wconf 89' lang='lat' dir='ltr'><strong>omnia</strong></span> <span class='ocrx_word' id='word_1_271' title='bbox 1515 2115 1587 2151; x_wconf 87' lang='lat' dir='ltr'><strong>ista</strong></span> <span class='ocrx_word' id='word_1_272' title='bbox 1608 2128 1717 2162; x_wconf 83' lang='lat' dir='ltr'><strong>prae-</strong></span> 
     </span>
     <span class='ocr_line' id='line_1_29' title="bbox 229 2161 1718 2208; baseline 0 -10"><span class='ocrx_word' id='word_1_273' title='bbox 229 2162 387 2208; x_wconf 84' lang='lat' dir='ltr'><strong>cepisset</strong></span> <span class='ocrx_word' id='word_1_274' title='bbox 421 2167 529 2206; x_wconf 87' lang='lat' dir='ltr'><strong>atque</strong></span> <span class='ocrx_word' id='word_1_275' title='bbox 558 2162 696 2207; x_wconf 84' lang='lat' dir='ltr'><strong>legibus</strong></span> <span class='ocrx_word' id='word_1_276' title='bbox 728 2161 991 2207; x_wconf 79' lang='lat' dir='ltr'><strong>descripsisset.</strong></span> <span class='ocrx_word' id='word_1_277' title='bbox 1040 2162 1093 2197; x_wconf 89' lang='lat' dir='ltr'><strong>illi</strong></span> <span class='ocrx_word' id='word_1_278' title='bbox 1121 2168 1239 2198; x_wconf 84' lang='lat' dir='ltr'><strong>tamen</strong></span> <span class='ocrx_word' id='word_1_279' title='bbox 1262 2163 1501 2208; x_wconf 84' lang='lat' dir='ltr'><strong>perversitate</strong></span> <span class='ocrx_word' id='word_1_280' title='bbox 1523 2174 1658 2198; x_wconf 87' lang='lat' dir='ltr'><strong>morum</strong></span> <span class='ocrx_word' id='word_1_281' title='bbox 1680 2169 1718 2198; x_wconf 86' lang='lat' dir='ltr'><strong>et</strong></span> 
     </span>
     <span class='ocr_line' id='line_1_30' title="bbox 230 2207 1718 2256; baseline 0 -12"><span class='ocrx_word' id='word_1_282' title='bbox 230 2210 338 2245; x_wconf 84' lang='lat' dir='ltr'><strong>animi</strong></span> <span class='ocrx_word' id='word_1_283' title='bbox 359 2208 616 2254; x_wconf 83' lang='lat' dir='ltr'><strong>ingratitudine</strong></span> <span class='ocrx_word' id='word_1_284' title='bbox 640 2220 684 2243; x_wconf 89' lang='lat' dir='ltr'><strong>ea</strong></span> <span class='ocrx_word' id='word_1_285' title='bbox 706 2207 775 2243; x_wconf 86' lang='lat' dir='ltr'><strong>iam</strong></span> <span class='ocrx_word' id='word_1_286' title='bbox 799 2208 883 2243; x_wconf 87' lang='lat' dir='ltr'><strong>inde</strong></span> <span class='ocrx_word' id='word_1_287' title='bbox 906 2220 928 2243; x_wconf 89' lang='lat' dir='ltr'><strong>a</strong></span> <span class='ocrx_word' id='word_1_288' title='bbox 951 2209 1128 2256; x_wconf 89' lang='lat' dir='ltr'><strong>principio</strong></span> <span class='ocrx_word' id='word_1_289' title='bbox 1152 2210 1197 2245; x_wconf 88' lang='lat' dir='ltr'><strong>ad</strong></span> <span class='ocrx_word' id='word_1_290' title='bbox 1220 2210 1326 2244; x_wconf 88' lang='lat' dir='ltr'><strong>finem</strong></span> <span class='ocrx_word' id='word_1_291' title='bbox 1349 2221 1463 2255; x_wconf 89' lang='lat' dir='ltr'><strong>usque</strong></span> <span class='ocrx_word' id='word_1_292' title='bbox 1480 2210 1651 2255; x_wconf 68' lang='lat' dir='ltr'><strong>suerunt,</strong></span> <span class='ocrx_word' id='word_1_293' title='bbox 1677 2214 1718 2245; x_wconf 91' lang='lat' dir='ltr'><strong>ut</strong></span> 
     </span>
     <span class='ocr_line' id='line_1_31' title="bbox 229 2255 1716 2302; baseline -0.001 -11"><span class='ocrx_word' id='word_1_294' title='bbox 229 2255 424 2291; x_wconf 84' lang='lat' dir='ltr'><strong>identidem</strong></span> <span class='ocrx_word' id='word_1_295' title='bbox 448 2256 508 2290; x_wconf 88' lang='lat' dir='ltr'><strong>dei</strong></span> <span class='ocrx_word' id='word_1_296' title='bbox 530 2255 847 2300; x_wconf 82' lang='lat' dir='ltr'><strong>obliviscerentur,</strong></span> <span class='ocrx_word' id='word_1_297' title='bbox 873 2255 1132 2302; x_wconf 86' lang='lat' dir='ltr'><strong>deviantesque</strong></span> <span class='ocrx_word' id='word_1_298' title='bbox 1155 2269 1177 2291; x_wconf 90' lang='lat' dir='ltr'><strong>a</strong></span> <span class='ocrx_word' id='word_1_299' title='bbox 1198 2261 1297 2291; x_wconf 92' lang='lat' dir='ltr'><strong>recto</strong></span> <span class='ocrx_word' id='word_1_300' title='bbox 1322 2256 1494 2291; x_wconf 85' lang='lat' dir='ltr'><strong>creatoris</strong></span> <span class='ocrx_word' id='word_1_301' title='bbox 1515 2257 1594 2293; x_wconf 83' lang='lat' dir='ltr'><strong>loco</strong></span> <span class='ocrx_word' id='word_1_302' title='bbox 1613 2268 1716 2301; x_wconf 81' lang='lat' dir='ltr'><strong>crea-</strong></span> 
     </span>
     <span class='ocr_line' id='line_1_32' title="bbox 230 2302 1717 2348; baseline 0.001 -10"><span class='ocrx_word' id='word_1_303' title='bbox 230 2308 345 2338; x_wconf 82' lang='lat' dir='ltr'><strong>turam</strong></span> <span class='ocrx_word' id='word_1_304' title='bbox 375 2302 578 2337; x_wconf 84' lang='lat' dir='ltr'><strong>adorarent.</strong></span> <span class='ocrx_word' id='word_1_305' title='bbox 626 2303 748 2348; x_wconf 87' lang='lat' dir='ltr'><strong>itaque</strong></span> <span class='ocrx_word' id='word_1_306' title='bbox 772 2302 859 2337; x_wconf 89' lang='lat' dir='ltr'><strong>alias</strong></span> <span class='ocrx_word' id='word_1_307' title='bbox 883 2302 1050 2347; x_wconf 86' lang='lat' dir='ltr'><strong>vitulum,</strong></span> <span class='ocrx_word' id='word_1_308' title='bbox 1088 2303 1139 2338; x_wconf 89' lang='lat' dir='ltr'><strong>uti</strong></span> <span class='ocrx_word' id='word_1_309' title='bbox 1168 2303 1340 2348; x_wconf 86' lang='lat' dir='ltr'><strong>diximus,</strong></span> <span class='ocrx_word' id='word_1_310' title='bbox 1375 2304 1593 2347; x_wconf 82' lang='lat' dir='ltr'><strong>conflarunt,</strong></span> <span class='ocrx_word' id='word_1_311' title='bbox 1628 2303 1717 2346; x_wconf 82' lang='lat' dir='ltr'><strong>alias</strong></span> 
     </span>
     <span class='ocr_line' id='line_1_33' title="bbox 231 2348 1717 2396; baseline 0.001 -13"><span class='ocrx_word' id='word_1_312' title='bbox 231 2348 471 2395; x_wconf 86' lang='lat' dir='ltr'><strong>Beelphegori</strong></span> <span class='ocrx_word' id='word_1_313' title='bbox 516 2349 781 2396; x_wconf 80' lang='lat' dir='ltr'><strong>supplicarunt,</strong></span> <span class='ocrx_word' id='word_1_314' title='bbox 829 2348 916 2384; x_wconf 83' lang='lat' dir='ltr'><strong>alias</strong></span> <span class='ocrx_word' id='word_1_315' title='bbox 963 2349 1066 2385; x_wconf 84' lang='lat' dir='ltr'><strong>Baali</strong></span> <span class='ocrx_word' id='word_1_316' title='bbox 1111 2350 1285 2385; x_wconf 87' lang='lat' dir='ltr'><strong>Chamoso</strong></span> <span class='ocrx_word' id='word_1_317' title='bbox 1333 2350 1504 2385; x_wconf 88' lang='lat' dir='ltr'><strong>Sidoniae</strong></span> <span class='ocrx_word' id='word_1_318' title='bbox 1548 2350 1717 2385; x_wconf 79' lang='lat' dir='ltr'><strong>Astartae</strong></span> 
     </span>
     <span class='ocr_line' id='line_1_34' title="bbox 231 2395 1718 2442; baseline 0 -11"><span class='ocrx_word' id='word_1_319' title='bbox 231 2395 418 2440; x_wconf 87' lang='lat' dir='ltr'><strong>Molocho,</strong></span> <span class='ocrx_word' id='word_1_320' title='bbox 445 2395 533 2431; x_wconf 80' lang='lat' dir='ltr'><strong>alias</strong></span> <span class='ocrx_word' id='word_1_321' title='bbox 556 2395 623 2431; x_wconf 85' lang='lat' dir='ltr'><strong>soli</strong></span> <span class='ocrx_word' id='word_1_322' title='bbox 646 2395 749 2431; x_wconf 87' lang='lat' dir='ltr'><strong>lunae</strong></span> <span class='ocrx_word' id='word_1_323' title='bbox 773 2400 810 2430; x_wconf 87' lang='lat' dir='ltr'><strong>et</strong></span> <span class='ocrx_word' id='word_1_324' title='bbox 833 2396 963 2440; x_wconf 87' lang='lat' dir='ltr'><strong>stellis,</strong></span> <span class='ocrx_word' id='word_1_325' title='bbox 987 2408 1080 2442; x_wconf 89' lang='lat' dir='ltr'><strong>quae</strong></span> <span class='ocrx_word' id='word_1_326' title='bbox 1103 2397 1191 2432; x_wconf 89' lang='lat' dir='ltr'><strong>deus</strong></span> <span class='ocrx_word' id='word_1_327' title='bbox 1215 2409 1287 2432; x_wconf 89' lang='lat' dir='ltr'><strong>non</strong></span> <span class='ocrx_word' id='word_1_328' title='bbox 1307 2400 1349 2432; x_wconf 88' lang='lat' dir='ltr'><strong>ut</strong></span> <span class='ocrx_word' id='word_1_329' title='bbox 1372 2397 1573 2432; x_wconf 84' lang='lat' dir='ltr'><strong>colerentur</strong></span> <span class='ocrx_word' id='word_1_330' title='bbox 1593 2397 1657 2432; x_wconf 89' lang='lat' dir='ltr'><strong>sed</strong></span> <span class='ocrx_word' id='word_1_331' title='bbox 1678 2400 1718 2432; x_wconf 91' lang='lat' dir='ltr'><strong>ut</strong></span> 
     </span>
     <span class='ocr_line' id='line_1_35' title="bbox 232 2441 1720 2489; baseline 0.001 -12"><span class='ocrx_word' id='word_1_332' title='bbox 232 2441 350 2477; x_wconf 89' lang='lat' dir='ltr'><strong>lumen</strong></span> <span class='ocrx_word' id='word_1_333' title='bbox 373 2444 589 2489; x_wconf 80' lang='lat' dir='ltr'><strong>praeberent</strong></span> <span class='ocrx_word' id='word_1_334' title='bbox 618 2441 817 2478; x_wconf 89' lang='lat' dir='ltr'><strong>hominibus</strong></span> <span class='ocrx_word' id='word_1_335' title='bbox 842 2450 1043 2487; x_wconf 83' lang='lat' dir='ltr'><strong>creaverat3</strong></span> <span class='ocrx_word' id='word_1_336' title='bbox 1078 2443 1166 2479; x_wconf 83' lang='lat' dir='ltr'><strong>alias</strong></span> <span class='ocrx_word' id='word_1_337' title='bbox 1192 2445 1299 2479; x_wconf 91' lang='lat' dir='ltr'><strong>bruta</strong></span> <span class='ocrx_word' id='word_1_338' title='bbox 1321 2444 1514 2479; x_wconf 80' lang='lat' dir='ltr'><strong>animantia</strong></span> <span class='ocrx_word' id='word_1_339' title='bbox 1536 2443 1631 2480; x_wconf 78' lang='lat' dir='ltr'><strong>cultu</strong></span> <span class='ocrx_word' id='word_1_340' title='bbox 1660 2443 1720 2478; x_wconf 93' lang='lat' dir='ltr'><strong>dei</strong></span> 
     </span>
     <span class='ocr_line' id='line_1_36' title="bbox 233 2489 1719 2545; baseline 0.001 -22"><span class='ocrx_word' id='word_1_341' title='bbox 233 2489 451 2534; x_wconf 81' lang='lat' dir='ltr'><strong>affecerunt,</strong></span> <span class='ocrx_word' id='word_1_342' title='bbox 483 2495 522 2524; x_wconf 92' lang='lat' dir='ltr'><strong>ut</strong></span> <span class='ocrx_word' id='word_1_343' title='bbox 544 2489 583 2524; x_wconf 91' lang='lat' dir='ltr'><strong>in</strong></span> <span class='ocrx_word' id='word_1_344' title='bbox 606 2489 772 2536; x_wconf 86' lang='lat' dir='ltr'><strong>Aegypto</strong></span> <span class='ocrx_word' id='word_1_345' title='bbox 796 2489 889 2544; x_wconf 86' lang='lat' dir='ltr'><strong>Apin</strong></span> <span class='ocrx_word' id='word_1_346' title='bbox 913 2491 1039 2525; x_wconf 87' lang='lat' dir='ltr'><strong>bovem</strong></span> <span class='ocrx_word' id='word_1_347' title='bbox 1060 2497 1098 2526; x_wconf 92' lang='lat' dir='ltr'><strong>et</strong></span> <span class='ocrx_word' id='word_1_348' title='bbox 1121 2491 1255 2526; x_wconf 86' lang='lat' dir='ltr'><strong>hircum</strong></span> <span class='ocrx_word' id='word_1_349' title='bbox 1278 2491 1517 2536; x_wconf 84' lang='lat' dir='ltr'><strong>Mendesium,</strong></span> <span class='ocrx_word' id='word_1_350' title='bbox 1547 2490 1634 2545; x_wconf 73' lang='lat' dir='ltr'><strong>alias</strong></span> <span class='ocrx_word' id='word_1_351' title='bbox 1659 2502 1719 2525; x_wconf 87' lang='lat' dir='ltr'><strong>ar-</strong></span> 
     </span>
     <span class='ocr_line' id='line_1_37' title="bbox 234 2536 1719 2584; baseline 0.001 -14"><span class='ocrx_word' id='word_1_352' title='bbox 234 2541 384 2581; x_wconf 86' lang='lat' dir='ltr'><strong>genteos</strong></span> <span class='ocrx_word' id='word_1_353' title='bbox 409 2541 445 2571; x_wconf 85' lang='lat' dir='ltr'><strong>et</strong></span> <span class='ocrx_word' id='word_1_354' title='bbox 468 2547 595 2571; x_wconf 86' lang='lat' dir='ltr'><strong>aureos</strong></span> <span class='ocrx_word' id='word_1_355' title='bbox 627 2537 731 2580; x_wconf 83' lang='lat' dir='ltr'><strong>deos,</strong></span> <span class='ocrx_word' id='word_1_356' title='bbox 769 2540 807 2570; x_wconf 93' lang='lat' dir='ltr'><strong>ut</strong></span> <span class='ocrx_word' id='word_1_357' title='bbox 830 2547 867 2571; x_wconf 92' lang='lat' dir='ltr'><strong>1n</strong></span> <span class='ocrx_word' id='word_1_358' title='bbox 890 2536 1036 2572; x_wconf 88' lang='lat' dir='ltr'><strong>Iudaea.</strong></span> <span class='ocrx_word' id='word_1_359' title='bbox 1085 2550 1162 2572; x_wconf 89' lang='lat' dir='ltr'><strong>eam</strong></span> <span class='ocrx_word' id='word_1_360' title='bbox 1187 2539 1232 2572; x_wconf 92' lang='lat' dir='ltr'><strong>ob</strong></span> <span class='ocrx_word' id='word_1_361' title='bbox 1255 2549 1330 2572; x_wconf 89' lang='lat' dir='ltr'><strong>rem</strong></span> <span class='ocrx_word' id='word_1_362' title='bbox 1353 2537 1542 2584; x_wconf 89' lang='lat' dir='ltr'><strong>perspicue</strong></span> <span class='ocrx_word' id='word_1_363' title='bbox 1563 2549 1609 2572; x_wconf 88' lang='lat' dir='ltr'><strong>ns</strong></span> <span class='ocrx_word' id='word_1_364' title='bbox 1632 2538 1719 2572; x_wconf 86' lang='lat' dir='ltr'><strong>deus</strong></span> 
     </span>
     <span class='ocr_line' id='line_1_38' title="bbox 234 2579 1720 2629; baseline 0.001 -13"><span class='ocrx_word' id='word_1_365' title='bbox 234 2593 326 2617; x_wconf 88' lang='lat' dir='ltr'><strong>voce</strong></span> <span class='ocrx_word' id='word_1_366' title='bbox 354 2581 447 2618; x_wconf 84' lang='lat' dir='ltr'><strong>vatis</strong></span> <span class='ocrx_word' id='word_1_367' title='bbox 477 2582 535 2620; x_wconf 81' lang='lat' dir='ltr'><strong>sui</strong></span> <span class='ocrx_word' id='word_1_368' title='bbox 566 2583 619 2618; x_wconf 86' lang='lat' dir='ltr'><strong>ita</strong></span> <span class='ocrx_word' id='word_1_369' title='bbox 641 2583 810 2620; x_wconf 83' lang='lat' dir='ltr'><strong>minatur:</strong></span> <span class='ocrx_word' id='word_1_370' title='bbox 855 2579 1051 2629; x_wconf 80' lang='lat' dir='ltr'><strong>“parumne</strong></span> <span class='ocrx_word' id='word_1_371' title='bbox 1085 2584 1152 2619; x_wconf 88' lang='lat' dir='ltr'><strong>hoc</strong></span> <span class='ocrx_word' id='word_1_372' title='bbox 1185 2584 1339 2620; x_wconf 85' lang='lat' dir='ltr'><strong>Iudaeae</strong></span> <span class='ocrx_word' id='word_1_373' title='bbox 1371 2584 1528 2619; x_wconf 88' lang='lat' dir='ltr'><strong>familiae</strong></span> <span class='ocrx_word' id='word_1_374' title='bbox 1562 2584 1720 2629; x_wconf 85' lang='lat' dir='ltr'><strong>videtur,</strong></span> 
     </span>
     <span class='ocr_line' id='line_1_39' title="bbox 235 2629 1721 2678; baseline 0.002 -16"><span class='ocrx_word' id='word_1_375' title='bbox 235 2629 332 2673; x_wconf 92' lang='lat' dir='ltr'><strong>quod</strong></span> <span class='ocrx_word' id='word_1_376' title='bbox 358 2633 429 2664; x_wconf 90' lang='lat' dir='ltr'><strong>tam</strong></span> <span class='ocrx_word' id='word_1_377' title='bbox 454 2629 563 2675; x_wconf 87' lang='lat' dir='ltr'><strong>multa</strong></span> <span class='ocrx_word' id='word_1_378' title='bbox 592 2629 826 2665; x_wconf 86' lang='lat' dir='ltr'><strong>abominanda</strong></span> <span class='ocrx_word' id='word_1_379' title='bbox 848 2630 1012 2666; x_wconf 82' lang='lat' dir='ltr'><strong>fecerunt</strong></span> <span class='ocrx_word' id='word_1_380' title='bbox 1033 2636 1235 2676; x_wconf 85' lang='lat' dir='ltr'><strong>terramque</strong></span> <span class='ocrx_word' id='word_1_381' title='bbox 1264 2631 1456 2678; x_wconf 85' lang='lat' dir='ltr'><strong>impietatis</strong></span> <span class='ocrx_word' id='word_1_382' title='bbox 1478 2629 1721 2677; x_wconf 87' lang='lat' dir='ltr'><strong>repleverunt,</strong></span> 
     </span>
     <span class='ocr_line' id='line_1_40' title="bbox 236 2673 1720 2722; baseline 0.003 -14"><span class='ocrx_word' id='word_1_383' title='bbox 236 2679 277 2708; x_wconf 90' lang='lat' dir='ltr'><strong>ut</strong></span> <span class='ocrx_word' id='word_1_384' title='bbox 299 2686 353 2710; x_wconf 86' lang='lat' dir='ltr'><strong>me</strong></span> <span class='ocrx_word' id='word_1_385' title='bbox 375 2673 620 2711; x_wconf 64' lang='lat' dir='ltr'><strong>irritarent&#39;3”</strong></span> <span class='ocrx_word' id='word_1_386' title='bbox 667 2676 794 2712; x_wconf 88' lang='lat' dir='ltr'><strong>merito</strong></span> <span class='ocrx_word' id='word_1_387' title='bbox 817 2675 928 2721; x_wconf 82' lang='lat' dir='ltr'><strong>igitur</strong></span> <span class='ocrx_word' id='word_1_388' title='bbox 961 2677 1072 2713; x_wconf 88' lang='lat' dir='ltr'><strong>excisi</strong></span> <span class='ocrx_word' id='word_1_389' title='bbox 1103 2684 1205 2722; x_wconf 88' lang='lat' dir='ltr'><strong>sunt,</strong></span> <span class='ocrx_word' id='word_1_390' title='bbox 1234 2689 1312 2713; x_wconf 88' lang='lat' dir='ltr'><strong>cum</strong></span> <span class='ocrx_word' id='word_1_391' title='bbox 1340 2678 1409 2713; x_wconf 60' lang='lat' dir='ltr'><strong>dei,</strong></span> <span class='ocrx_word' id='word_1_392' title='bbox 1425 2677 1514 2712; x_wconf 89' lang='lat' dir='ltr'><strong>iram</strong></span> <span class='ocrx_word' id='word_1_393' title='bbox 1568 2689 1720 2712; x_wconf 90' lang='lat' dir='ltr'><strong>rovoca-</strong></span> 
     </span>
     <span class='ocr_line' id='line_1_41' title="bbox 237 2722 1721 2771; baseline 0.003 -17"><span class='ocrx_word' id='word_1_394' title='bbox 237 2726 319 2755; x_wconf 84' lang='lat' dir='ltr'><strong>rent</strong></span> <span class='ocrx_word' id='word_1_395' title='bbox 345 2727 558 2768; x_wconf 84' lang='lat' dir='ltr'><strong>sacramque</strong></span> <span class='ocrx_word' id='word_1_396' title='bbox 578 2727 710 2758; x_wconf 89' lang='lat' dir='ltr'><strong>terram</strong></span> <span class='ocrx_word' id='word_1_397' title='bbox 737 2724 781 2759; x_wconf 89' lang='lat' dir='ltr'><strong>ab</strong></span> <span class='ocrx_word' id='word_1_398' title='bbox 804 2722 908 2758; x_wconf 88' lang='lat' dir='ltr'><strong>initio</strong></span> <span class='ocrx_word' id='word_1_399' title='bbox 932 2724 1130 2769; x_wconf 87' lang='lat' dir='ltr'><strong>polluerent</strong></span> <span class='ocrx_word' id='word_1_400' title='bbox 1159 2725 1352 2760; x_wconf 89' lang='lat' dir='ltr'><strong>identidem</strong></span> <span class='ocrx_word' id='word_1_401' title='bbox 1374 2736 1488 2771; x_wconf 88' lang='lat' dir='ltr'><strong>usque</strong></span> <span class='ocrx_word' id='word_1_402' title='bbox 1510 2736 1530 2759; x_wconf 92' lang='lat' dir='ltr'><strong>a</strong></span> <span class='ocrx_word' id='word_1_403' title='bbox 1577 2729 1721 2771; x_wconf 86' lang='lat' dir='ltr'><strong>postre-</strong></span> 
     </span>
     <span class='ocr_line' id='line_1_42' title="bbox 237 2767 1719 2816; baseline 0.003 -17"><span class='ocrx_word' id='word_1_404' title='bbox 237 2777 328 2800; x_wconf 86' lang='lat' dir='ltr'><strong>mum</strong></span> <span class='ocrx_word' id='word_1_405' title='bbox 357 2767 443 2804; x_wconf 87' lang='lat' dir='ltr'><strong>illud</strong></span> <span class='ocrx_word' id='word_1_406' title='bbox 471 2781 570 2804; x_wconf 89' lang='lat' dir='ltr'><strong>suum</strong></span> <span class='ocrx_word' id='word_1_407' title='bbox 599 2772 666 2805; x_wconf 89' lang='lat' dir='ltr'><strong>sub</strong></span> <span class='ocrx_word' id='word_1_408' title='bbox 691 2770 913 2816; x_wconf 82' lang='lat' dir='ltr'><strong>Vespasiano</strong></span> <span class='ocrx_word' id='word_1_409' title='bbox 939 2777 975 2805; x_wconf 92' lang='lat' dir='ltr'><strong>et</strong></span> <span class='ocrx_word' id='word_1_410' title='bbox 999 2771 1085 2806; x_wconf 85' lang='lat' dir='ltr'><strong>Tito</strong></span> <span class='ocrx_word' id='word_1_411' title='bbox 1112 2771 1300 2806; x_wconf 84' lang='lat' dir='ltr'><strong>excidium.</strong></span> <span class='ocrx_word' id='word_1_412' title='bbox 1341 2783 1424 2813; x_wconf 60' lang='lat' dir='ltr'><strong>,cum</strong></span> <span class='ocrx_word' id='word_1_413' title='bbox 1455 2771 1568 2816; x_wconf 89' lang='lat' dir='ltr'><strong>enim,</strong></span> <span class='ocrx_word' id='word_1_414' title='bbox 1601 2771 1719 2816; x_wconf 90' lang='lat' dir='ltr'><strong>inquit</strong></span> 
     </span>
     <span class='ocr_line' id='line_1_43' title="bbox 237 2811 1718 2864; baseline 0.005 -19"><span class='ocrx_word' id='word_1_415' title='bbox 237 2811 498 2862; x_wconf 85' lang='lat' dir='ltr'><strong>Theodoretus,</strong></span> <span class='ocrx_word' id='word_1_416' title='bbox 524 2816 659 2851; x_wconf 90' lang='lat' dir='ltr'><strong>diversi</strong></span> <span class='ocrx_word' id='word_1_417' title='bbox 678 2816 928 2861; x_wconf 86' lang='lat' dir='ltr'><strong>Hierosolyma</strong></span> <span class='ocrx_word' id='word_1_418' title='bbox 944 2818 1124 2864; x_wconf 88' lang='lat' dir='ltr'><strong>cepissent</strong></span> <span class='ocrx_word' id='word_1_419' title='bbox 1145 2824 1252 2863; x_wconf 90' lang='lat' dir='ltr'><strong>atque</strong></span> <span class='ocrx_word' id='word_1_420' title='bbox 1275 2817 1556 2861; x_wconf 87' lang='lat' dir='ltr'><strong>destruxissent,</strong></span> <span class='ocrx_word' id='word_1_421' title='bbox 1576 2829 1718 2864; x_wconf 84' lang='lat' dir='ltr'><strong>semper</strong></span> 
     </span>
    </p>
   </div>
   <div class='ocr_carea' id='block_1_3' title="bbox 232 2858 1718 2959">
    <p class='ocr_par' dir='ltr' id='par_1_3' title="bbox 232 2858 1718 2959">
     <span class='ocr_line' id='line_1_44' title="bbox 239 2858 1717 2911; baseline 0.005 -20"><span class='ocrx_word' id='word_1_422' title='bbox 239 2869 281 2892; x_wconf 86' lang='lat' dir='ltr'><strong>ea</strong></span> <span class='ocrx_word' id='word_1_423' title='bbox 304 2858 475 2904; x_wconf 80' lang='lat' dir='ltr'><strong>pristinae</strong></span> <span class='ocrx_word' id='word_1_424' title='bbox 499 2862 744 2909; x_wconf 72' lang='lat' dir='ltr'><strong>dignitatiest</strong></span> <span class='ocrx_word' id='word_1_425' title='bbox 767 2869 874 2910; x_wconf 85' lang='lat' dir='ltr'><strong>atque</strong></span> <span class='ocrx_word' id='word_1_426' title='bbox 896 2864 1030 2900; x_wconf 85' lang='lat' dir='ltr'><strong>formae</strong></span> <span class='ocrx_word' id='word_1_427' title='bbox 1052 2864 1238 2908; x_wconf 78' lang='lat' dir='ltr'><strong>restituta,</strong></span> <span class='ocrx_word' id='word_1_428' title='bbox 1269 2865 1410 2911; x_wconf 89' lang='lat' dir='ltr'><strong>dempto</strong></span> <span class='ocrx_word' id='word_1_429' title='bbox 1431 2870 1619 2911; x_wconf 77' lang='lat' dir='ltr'><strong>¹postremo</strong></span> <span class='ocrx_word' id='word_1_430' title='bbox 1652 2876 1717 2899; x_wconf 83' lang='lat' dir='ltr'><strong>ex-</strong></span> 
     </span>
     <span class='ocr_line' id='line_1_45' title="bbox 232 2904 1718 2959; baseline 0.003 -16"><span class='ocrx_word' id='word_1_431' title='bbox 232 2904 345 2943; x_wconf 79' lang='lat' dir='ltr'><strong>cidio.</strong></span> <span class='ocrx_word' id='word_1_432' title='bbox 392 2907 525 2953; x_wconf 71' lang='lat' dir='ltr'><strong>primus</strong></span> <span class='ocrx_word' id='word_1_433' title='bbox 557 2910 840 2958; x_wconf 83' lang='lat' dir='ltr'><strong>Thelaphalasar</strong></span> <span class='ocrx_word' id='word_1_434' title='bbox 865 2910 1038 2957; x_wconf 77' lang='lat' dir='ltr'><strong>maiorem</strong></span> <span class='ocrx_word' id='word_1_435' title='bbox 1061 2913 1183 2948; x_wconf 87' lang='lat' dir='ltr'><strong>decem</strong></span> <span class='ocrx_word' id='word_1_436' title='bbox 1205 2911 1361 2954; x_wconf 72' lang='lat' dir='ltr'><strong>tribuum</strong></span> <span class='ocrx_word' id='word_1_437' title='bbox 1381 2916 1517 2959; x_wconf 77' lang='lat' dir='ltr'><strong>partem</strong></span> <span class='ocrx_word' id='word_1_438' title='bbox 1540 2911 1718 2958; x_wconf 83' lang='lat' dir='ltr'><strong>captivam</strong></span> 
     </span>
    </p>
   </div>
   <div class='ocr_carea' id='block_1_4' title="bbox 557 3043 572 3054">
    <p class='ocr_par' dir='ltr' id='par_1_4' title="bbox 557 3043 572 3054">
     <span class='ocr_line' id='line_1_46' title="bbox 557 3043 572 3054; baseline 0 0"><span class='ocrx_word' id='word_1_439' title='bbox 557 3043 572 3054; x_wconf 44' lang='grc' dir='ltr'>ἢ</span> 
     </span>
    </p>
   </div>
  </div>
 </body>
</html>
