1742 3184
345 188 742 243 msmstfflwm
777 196 1168 241 COMPENDIUM.
1400 196 1494 245 193

25 311 122 365 τούς
139 310 381 371 *μυστήριον
398 311 599 367 βασιλέως
619 309 808 370 κρύπτειν
827 308 972 364 καλόν,
1005 310 1059 355 τὰ
1079 311 1124 354 δὲ
1142 308 1240 369 ἔργα
1254 314 1332 355 τοῦ
1348 311 1490 371 κυρίου
1511 320 1545 356 Β

26 383 214 439 ἅνυμνεῖν
230 380 436 433 ἔνδόξως.’

160 452 257 494 Ἐπὶ
285 449 432 495 τούτου
463 451 531 493 καὶ
562 446 784 507 ἅνθρωπός
814 466 876 500 τις
907 448 1135 508 ἓγνωρίζετο
1165 450 1208 492 ἓν
1235 451 1295 507 τῷ
1321 447 1497 506 Ἰσραὴλ

27 518 220 571 πλούσιος
238 522 306 562 καὶ
326 517 570 575 ἀνελεήμων,
605 517 651 568 ὃς
668 518 805 561 ἐλθὼν
824 516 927 575 πρός
945 535 1036 561 τινα
1051 523 1132 561 τῶν
1153 516 1410 561 διδασκάλων
1429 520 1498 560 καὶ

0 595 18 631 5
30 587 262 640 ἀναπτύξας
278 589 353 644 τὴν
372 590 521 646 σοφίαν
540 591 807 642 Σολομῶντος
826 581 938 645 εὗρεν
961 585 1088 638 εὐθύς
1118 585 1172 629 “ὃ
1195 587 1316 629 ἐλεῶν
1337 587 1499 641 πτωχὸν

30 660 195 710 δανείζει
214 657 345 715 &etii-²³
395 661 464 700 καὶ
488 658 543 707 εἷς
567 655 712 699 ἑαυτὸν
732 654 944 712 γενόμενος
963 658 1031 699 καὶ
1051 657 1286 712 κατανυγεὶς
1305 654 1500 699 ἀπελθὼν

28 727 206 784 πέπρακε
235 725 369 770 πάντα
394 728 462 769 καὶ
490 726 658 780 διένειμε
686 732 887 780 πτωχοῖς,
930 725 1058 781 μηδὲν
1088 723 1222 784 ἑαυτῷ
1249 725 1502 779 καταλείψας

28 797 134 851 πλὴν
158 794 420 851 νομισμάτων
442 794 531 838 δύο.
599 796 668 837 καὶ
688 793 925 849 πτωχεύσας
943 792 1049 837 πάνυ
1074 796 1142 837 καὶ
1159 792 1239 837 ὕπὸ
1262 793 1435 849 μηδενὸς
1456 794 1500 836 ἐκ

29 866 148 916 θείας
169 866 410 920 δοκιμασίας
435 862 668 917 ἐλεούμενος
689 863 861 922 ὕστερον
887 861 1092 921 ἕν’ἕαυτῷ
1114 864 1216 920 λέγει
1236 860 1502 920 μικροψυχή-

0 943 109 986 ὓσας
130 932 435 989 κἀπελεύσομαι
454 934 496 976 ἓν
519 931 798 990 Ἰερουσαλὴμ
821 934 890 975 καὶ
920 934 1202 989 διακρινοῧμαι
1233 937 1292 991 τῷ
1308 935 1396 990 θεῷ
1414 949 1496 986 μου
1519 946 1550 981 P
1576 947 1644 984 110

30 1002 92 1046 ὅτι
119 1002 320 1058 ε’πλάνησέ
333 1020 384 1058 με
407 1003 695 1059 διασκορπίσαι
714 1002 766 1044 τὰ
790 999 1023 1058 ὑπάρχοντά
1041 1002 1159 1056 μου.’
1230 1001 1503 1057 πορευομένου

31 1073 76 1115 δὲ
95 1072 235 1123 αὐτοῦ,
271 1070 373 1114 εἶδεν
391 1070 546 1129 ἄνδρας
566 1068 640 1114 δύο
662 1070 919 1125 μαχομένους
938 1069 1042 1126 πρὸς
1062 1067 1284 1124 ἀλλήλους,
1313 1067 1505 1126 εὑρόντας

31 1143 152 1184 λίθον
183 1143 328 1195 τίμιον.
395 1142 463 1183 καὶ
489 1142 590 1199 φησὶ
621 1140 726 1196 πρὸς
752 1137 909 1189 αὐτούς
927 1136 1023 1181 “‘lva
1047 1140 1106 1190 τί,
1143 1139 1338 1195 ἀδελφοί,
1372 1136 1503 1192 μάχε-

31 1215 135 1265 ⁶3⁶,-
171 1208 262 1252 δότε
279 1227 351 1265 μοι
372 1208 509 1261 αὐτόν,
543 1211 610 1251 καὶ
629 1207 774 1263 λάβετε
793 1210 1025 1262 νομίσματα
1047 1205 1159 1250 δύο.”
1231 1213 1312 1250 τῶν
1334 1207 1380 1249 δὲ
1398 1207 1504 1261 μετὰ

0 1291 21 1328 5
27 1284 164 1336 χαρᾶς
185 1284 330 1322 τοῦτον
348 1276 643 1336 παρασχόντων
669 1279 738 1332 (οὗ
759 1277 838 1335 γὰρ
858 1277 1012 1334 ιἤδεσαν
1032 1281 1105 1319 τοῦ
1131 1277 1254 1319 λίθου
1275 1276 1321 1319 τὸ
1340 1274 1504 1334 ὑπερτί-

30 1350 144 1404 μιον)
172 1348 358 1403 ἀπῆλθεν
387 1350 443 1399 εἷς
462 1345 761 1405 Ἰερουσαλήμ,
809 1346 880 1388 τὸν
911 1347 1032 1388 λίθον
1066 1343 1366 1403 ἐπιφερόμενος.
1435 1346 1505 1388 καὶ

31 1418 167 1467 δείξας
187 1415 311 1457 αὐτὸν
326 1415 545 1472 χρυσοχόῳ
555 1445 569 1466 ,
604 1419 860 1470 παραχρῆμα
885 1414 956 1455 τὸν
975 1416 1095 1455 λίθον
1114 1415 1260 1466 ἐκεῖνος
1280 1413 1380 1469 ῗριὺν
1403 1413 1506 1457 ἄνα-

31 1486 133 1535 στὰς
149 1482 445 1541 προσεκύνησε,
475 1485 544 1525 καὶ
565 1481 776 1537 ἴκθαμβος
795 1479 1005 1538 γενόμενος
1021 1481 1284 1534 ἐπυνθάνετο,
1308 1480 1418 1526 κποῦ
1434 1482 1506 1526 τὸν

31 1552 284 1608 πολύτιμον”
313 1553 440 1608 λέγων
468 1549 566 1594 “nai
588 1555 703 1593 θεῖον
724 1552 843 1593 λίθον
865 1554 1010 1593 τοῦτον
1028 1545 1166 1608 ²59⁵ss
1209 1551 1299 1594 ἰδοὺ
1327 1550 1406 1609 γὰρ
1436 1550 1504 1607 ἔτη

0 1625 126 1682 οτρία
148 1620 326 1679 σήμερον
341 1619 619 1679 Ἰερουσαλὴμ
644 1621 816 1663 δονεῖται
833 1621 900 1662 καὶ
919 1619 1195 1663 ἀκαταστατεῖ
1217 1620 1286 1662 διὰ
1304 1619 1374 1662 τὸν
1393 1637 1509 1677 περι-

31 1691 182 1748 βόητον
200 1692 320 1734 λίθον
338 1694 495 1734 τοῦτον.
563 1692 631 1733 καὶ
654 1688 847 1732 ἀπελθὼν
870 1688 942 1739 δὸς
967 1689 1091 1732 αὐτὸν
1117 1693 1177 1747 τῷ
1198 1688 1398 1747 ἀρχιερεῖ,
1433 1690 1501 1731 καὶ
1522 1705 1553 1741 Β

32 1761 200 1820 σφόδρα
218 1757 500 1815 πλουτήσεις.”
570 1763 645 1802 τοῦ
672 1759 717 1802 δὲ
750 1757 1024 1815 ἀπερχομένου
1055 1757 1222 1814 ἄγγελος
1250 1760 1390 1816 κυρίου
1423 1756 1507 1801 εἶπε

33 1831 136 1890 πρὸς
156 1830 228 1874 τὸν
249 1829 440 1888 ἀρχιερέα
459 1826 562 1871 “νῦ’ν
582 1826 786 1872 ἐλεύσεται
807 1828 1028 1886 ἄνθρωπος
1048 1825 1151 1885 πρός
1171 1845 1230 1880 σε,
1264 1826 1336 1871 τὸν
1357 1827 1506 1870 ἀπολε-

33 1962 71 1998 id
94 1973 235 2008 quoque
257 1960 347 2007 ipsis
370 1960 480 2006 dixit,
516 1960 613 2006 regis
637 1971 802 1996 arcanum
822 1963 922 1996 reete
944 1959 1040 2005 tegi,
1074 1959 1139 1995 sed
1162 1959 1258 1994 facta
1279 1957 1340 1993 dei
1362 1956 1506 2004 praedi—

33 2022 116 2045 care
138 2008 367 2044 honorificum
393 2020 487 2042 esse.

125 2056 261 2091 Eodem
284 2060 445 2100 tempore
467 2053 525 2088 vir
548 2052 689 2099 quidam
711 2053 750 2088 in
772 2053 902 2101 populo
924 2053 1093 2088 Israelico
1117 2051 1382 2094 celebrabatur,
1405 2049 1508 2084 dives

35 2105 74 2138 et
94 2102 316 2136 inhumanus.
344 2101 375 2135 is
398 2112 476 2135 cum
499 2101 671 2146 quendam
694 2100 872 2135 doctorem
894 2100 1129 2141 convenisset,
1153 2098 1348 2142 librumque
1364 2097 1510 2141 sapien-

33 2149 108 2184 tiae
126 2147 324 2183 Solomonis
345 2147 560 2193 aperuisset,
593 2146 706 2191 primo
738 2148 863 2182 obtutu
883 2147 921 2181 in
945 2147 1031 2181 haec
1053 2146 1163 2179 verba
1185 2144 1312 2178 incidit
1331 2140 1417 2188 “qui
1440 2141 1508 2176 mi-

34 2201 175 2230 seratur
197 2205 399 2240 pauperem,
422 2193 454 2227 is
475 2193 543 2227 deo
566 2191 808 2227 foeneratur.”
852 2193 972 2238 itaque
992 2193 1029 2227 in
1052 2204 1091 2226 se
1115 2190 1332 2226 descendens
1355 2195 1393 2223 et
1411 2200 1508 2223 com-

35 2246 186 2289 punctus
207 2241 369 2284 animum,
393 2240 572 2284 digressus
595 2239 711 2274 omnia
733 2251 796 2274 sua
819 2240 999 2284 vendidit,
1028 2250 1068 2272 ac
1092 2237 1240 2284 pretium
1259 2236 1353 2270 inter
1376 2245 1508 2279 egenos

36 2287 238 2332 distribuit,
270 2286 358 2320 nihil
389 2285 458 2320 sibi
492 2290 636 2332 praeter
665 2286 753 2321 duos
776 2297 932 2320 nummos
954 2295 1155 2320 reservans.
1201 2283 1253 2317 ita
1275 2282 1321 2317 ad
1344 2292 1511 2316 summam

6 2362 11 2363 ν
35 2335 200 2370 redactus
222 2337 484 2379 paupertatem,
517 2343 594 2366 cum
620 2332 703 2375 (deo
724 2332 778 2367 ita
800 2333 996 2376 ordinante,
1021 2331 1073 2365 uti
1097 2341 1173 2364 eum
1195 2329 1381 2375 probaret)
1406 2338 1509 2362 nemo

34 2380 148 2427 ipsius
171 2379 415 2422 misereretur,
453 2379 595 2413 tandem
613 2378 727 2413 animo
748 2380 862 2413 fracto
882 2391 999 2414 secum
1022 2377 1147 2412 statuit
1169 2376 1223 2409 ire
1250 2373 1513 2417 Hierosolyma,

37 2433 76 2462 et
98 2438 175 2461 cum
198 2427 266 2461 deo
288 2437 353 2460 suo
376 2426 589 2471 disceptare,
618 2426 678 2470 qui
699 2437 739 2460 se
761 2426 807 2460 ad
831 2426 924 2460 bona
945 2436 1009 2459 sua
1029 2423 1234 2469 dissipanda
1250 2433 1316 2467 per
1335 2419 1510 2454 fallaciam

35 2473 248 2508 induxisset.
294 2473 332 2506 in
364 2483 406 2506 eo
439 2471 570 2506 itinere
601 2471 702 2506 videt
734 2471 831 2506 viros
860 2472 947 2506 duos
979 2472 1244 2515 depugnantes,
1277 2467 1338 2512 qui
1357 2466 1512 2511 lapidem·

36 2520 230 2567 pretiosum
251 2518 474 2554 invenerant.
523 2529 585 2552 eos
605 2518 659 2552 ita
683 2517 832 2553 affatur:
863 2514 994 2563 “quid,
1021 2519 1169 2559 fratres,
1198 2512 1392 2560 pugnatis?
1427 2512 1515 2546 date·

38 2566 125 2601 mihi
146 2565 319 2611 lapidem,
351 2577 393 2599 ac
416 2576 480 2599 vos
529 2576 570 2598 ro
595 2576 636 2598 eo
665 2564 752 2598 duos
779 2575 934 2598 nummos
958 2558 1147 2608 accipite.”
1193 2561 1287 2606 quod
1311 2559 1384 2602 illi,
1420 2568 1510 2602 quos

38 2612 164 2658 ingens
185 2612 313 2659 lapidis
335 2611 486 2657 pretium
522 2611 652 2654 atebat,
676 2611 894 2657 perlibenter
915 2611 1048 2644 fecere.
1095 2607 1195 2642 venit
1221 2618 1306 2651 ergo
1328 2606 1398 2640 iste
1418 2604 1510 2638 Hie-

37 2659 228 2703 rosolyma,
249 2658 401 2704 lapidem
424 2669 542 2692 secum
563 2662 720 2702 gestans,
750 2668 897 2702 eumque
918 2655 1055 2690 aurifici
1078 2657 1261 2688 monstrat.
1306 2652 1368 2698 qui
1390 2649 1511 2686 simul-

37 2710 146 2750 atque
177 2704 329 2751 lapidem
361 2704 565 2750 conspexit,
596 2704 778 2748 adoravit,
807 2710 1024 2749 stupensque
1051 2700 1251 2735 sciscitatus
1283 2704 1339 2733 est
1367 2697 1510 2732 ubinam

37 2751 329 2807 pretiosissimum
352 2751 444 2785 hunc
468 2756 504 2785 et
521 2750 677 2784 divinum
698 2749 850 2796 lapidem
873 2749 1080 2791 invenisset,
1104 2750 1249 2793 propter
1271 2755 1374 2790 quem
1398 2748 1510 2778 totum

37 2809 108 2832 lam
125 2796 313 2832 triennium
334 2799 422 2832 urbs
441 2798 650 2842 perturbata
672 2802 778 2842 atque
802 2795 942 2831 solicita
963 2794 1023 2829 sit.
1059 2792 1160 2828 simul
1183 2803 1261 2827 eum
1282 2791 1327 2826 ad
1344 2801 1512 2825 summum

37 2844 241 2899 pontificem
263 2845 404 2878 adferre
426 2843 549 2888 iussit,
584 2842 750 2878 maximas
783 2844 828 2877 ab
859 2854 902 2876 eo
935 2840 1080 2875 divitias
1110 2843 1383 2885 reportaturum.
1430 2836 1512 2870 dum

38 2895 138 2934 iret,
158 2889 302 2935 angelus
323 2890 383 2925 dei
405 2890 609 2936 pontificem
629 2889 684 2925 sic
705 2889 840 2926 monuit
859 2884 1006 2924 “veniet
1027 2898 1121 2923 nuno
1143 2885 1189 2921 ad
1210 2890 1249 2921 te
1271 2885 1386 2929 homo,
1409 2883 1512 2927 nobi-

97 2943 230 2990 Georg.
259 2943 434 2980 Gedrenus
464 2947 548 2980 tom.
580 2942 610 2979 Ι.
1180 2934 1235 2976 13
