1742 3184
171 180 273 229 428
657 181 901 228 GEORGII
935 180 1184 226 GEDRENI
1257 196 1272 204 ·

25 301 55 335 P
77 298 148 337 244
172 299 240 341 καὶ
264 296 361 349 τοὺς
389 300 610 355 πλωτῆρας
641 294 975 351 δια,θιβάζοντες;
1011 297 1079 338 καὶ
1111 294 1132 339 ὅ
1154 296 1228 351 μὲν
1247 295 1536 353 παρέπεμψεν,
1573 295 1595 340 ὃ
1610 298 1664 341 δὲ

174 368 396 419 διεδέξατο.
474 369 543 410 καὶ
575 367 758 416 ἐναντίας
792 363 1017 409 ὁδευόντων
1050 364 1175 418 ὁδοὺς
1208 368 1277 410 καὶ
1312 365 1661 422 διακονούντωνῆ

172 435 286 493 μάχη
317 438 451 480 αὐτῶν
477 435 600 480 πάλιν
626 440 684 495 τῷ
717 436 796 493 βίῳ
829 436 979 492 γίνεται
998 433 1218 494 χρήσιμος.
1289 437 1355 479 καὶ
1381 438 1510 492 μυρία
1531 435 1581 479 ἄν
1604 454 1665 488 τις

174 507 278 550 εἴποι
299 512 380 549 τῶν
402 506 562 560 ἀνέμων
586 505 698 563 ἔργα.
770 505 866 547 ἀλλ’
891 503 1004 560 ὅμως
1025 504 1160 549 πάντα
1180 509 1311 549 ταῦτα
1330 505 1618 565 παραδραμὼν
1640 504 1662 549 ὅ

173 575 391 634 προφήτης
417 577 486 618 καὶ
515 573 751 618 καταλιπὼν
783 574 1079 631 ἀναλέγεσθαι,
1118 576 1219 619 αὐτὸ
1239 574 1367 630 μόνον
1383 575 1458 631 τὴν
1479 576 1698 618 εὗκολιάνό

170 651 244 701 τῆς
267 646 536 702 δηιιιιουργίας
554 645 796 702 παρέστησε.
866 645 912 688 τὸ
934 645 1014 703 γὰρ
1037 648 1160 687 εἰπεῖν
1183 644 1245 688 ιἐκ
1267 649 1497 702 θησαυρῶν
1517 644 1662 688 αὐτῶν)

172 717 220 759 οὖ
241 721 362 758 τοῦτο
389 713 612 769 ὁηλοῦντός
632 717 755 766 ἐστιν,
791 712 855 757 ὅτι
878 717 1091 772 θησαυροί
1105 715 1209 766 τινές
1231 717 1332 758 εἰσιν
1356 715 1529 769 ἀνέμων,
1558 715 1666 757 ἀλλὰ

172 785 248 840 τὴν
280 785 465 828 εὐκολίαν
495 788 570 827 τοῦ
604 782 886 835 ἐπιτάττοντος
920 786 988 827 καὶ
1024 784 1070 827 τὸ
1108 785 1268 839 ἕτοιμον
1301 789 1375 840 τῆς
1407 788 1563 840 βουλῆς
1597 786 1666 827 καὶ

173 853 565 912 παρεσκευασμένον.
636 852 772 910 ὥσπερ
802 854 883 912 γὰρ
916 852 936 896 ὃ
973 853 1075 909 {figant
1106 856 1148 897 ἐν
1172 858 1378 913 θησαυρῷ
1398 854 1502 910 μετὰ
1527 855 1666 905 ἀδείας

175 923 305 981 ἐξάγει
327 922 483 975 πάντα,
518 924 587 966 καὶ
612 921 677 966 ὅτε
698 921 891 978 βούλεται
909 921 1032 966 πάλιν
1054 922 1225 980 εῗσάγει,
1269 922 1400 974 οὕτως
1420 922 1441 967 ὃ
1465 928 1540 966 τοῦ
1562 941 1667 966 παν-
1680 927 1725 963 10

174 995 245 1044 τὸς
268 993 518 1050 δημιουργὸς
544 991 680 1036 πάντα
713 992 892 1044 εὐκόλως
923 994 1085 1048 ἐποίησε
1114 996 1183 1037 καὶ
1204 998 1254 1051 τῇ
1277 992 1398 1052 φύσει
1418 995 1669 1050 παρέδωκεν.”

125 1065 155 1100 Β
182 1062 282 1115 εῗδες
299 1065 367 1105 καὶ
389 1061 496 1118 πόση
521 1064 563 1105 ἓν
586 1063 675 1121 ἀέρι
694 1062 893 1121 διαφορά,
918 1062 1113 1121 καθάπερ
1134 1065 1202 1106 καὶ
1225 1065 1267 1106 ἓν
1284 1065 1381 1121 πυρὶ
1403 1065 1470 1106 καὶ
1489 1064 1531 1105 ἐν
1547 1062 1669 1112 ὕδατι

175 1135 325 1176 πολλαὶ
351 1133 583 1189 ἐναλλαγαί.
654 1134 721 1175 καὶ
746 1133 824 1190 γὰρ
853 1137 927 1175 τοῦ
952 1133 1104 1184 ὓδατος
1128 1133 1174 1176 τὸ
1197 1134 1271 1189 μέν
1287 1134 1372 1176 ἔστι
1392 1140 1587 1188 πηγαῖον,
1622 1131 1669 1175 τὸ

179 1204 224 1246 δὲ
243 1201 486 1254 θαλάττιον,
526 1202 573 1245 τὸ
597 1202 641 1244 δὲ
665 1202 814 1260 ἀέριον,
849 1203 896 1245 τὸ
921 1203 965 1245 δὲ
984 1203 1026 1246 ἐν
1046 1203 1258 1261 νεφέλαις,
1302 1203 1349 1245 τὸ
1374 1203 1419 1245 δὲ
1437 1199 1672 1260 ὗπερουρά-

177 1291 277 1325 νιον,
312 1272 361 1315 τὸ
383 1272 427 1314 δὲ
447 1269 638 1330 ὑπεράνω
658 1276 740 1314 τῶν
763 1270 1010 1330 ἀνθρώπων,
1042 1272 1088 1315 τὸ
1111 1273 1156 1315 δὲ
1175 1270 1378 1329 ὑπόγειον,
1422 1272 1501 1329 ἀφ’
1530 1265 1578 1314 οὗ
1599 1273 1667 1313 καὶ
1682 1273 1727 1311 15

176 1342 228 1386 τὰ
240 1341 392 1400 θερμὰ
412 1341 547 1385 ὕδατα
567 1343 609 1384 ἓν
630 1339 846 1399 διαφόροις
863 1341 1004 1393 τόποις
1025 1340 1258 1398 ἀνάγονται,
1295 1341 1364 1384 διὰ
1389 1345 1464 1384 τοῦ
1480 1339 1669 1398 ὗπογείου

175 1413 308 1469 πυρὸς
339 1412 635 1469 θερμανθέντα
655 1410 916 1469 παραδόξοις.
986 1413 1055 1454 καὶ
1080 1416 1153 1454 τοῦ
1175 1411 1305 1469 πυρὸς
1328 1411 1374 1454 τὸ
1390 1411 1476 1466 μέν
1500 1412 1609 1454 ἐστιν
1629 1411 1672 1453 ἓν

175 1481 300 1540 ἡλίῳ,
335 1481 382 1525 τὸ
408 1482 453 1524 δὲ
475 1483 517 1525 ἐν
539 1479 709 1538 σελήνῃ,
745 1480 791 1523 τὸ
816 1481 861 1523 δὲ
885 1483 927 1524 ἐν
952 1480 1208 1537 ἀστραπαῖς,
1243 1480 1290 1524 τὸ
1317 1481 1361 1524 δὲ
1386 1480 1590 1538 ἐναέριον,
1624 1479 1672 1522 τὸ

177 1554 221 1595 δὲ
242 1551 323 1594 ἀπὸ
346 1549 501 1604 ξύλων,
536 1550 583 1593 τὸ
603 1552 694 1608 περὶ
718 1548 829 1606 ἡμᾶς
849 1552 918 1593 καὶ
938 1551 985 1593 τὸ
1011 1554 1216 1605 λυχναῖον,
1256 1549 1302 1593 τὸ
1323 1551 1368 1593 δὲ
1385 1550 1466 1592 ἀπὸ
1487 1554 1562 1606 γῆς
1584 1550 1672 1605 (καὶ

176 1622 256 1679 γὰρ
281 1621 366 1664 ἔστι
387 1624 596 1675 πολλαχοῦ
618 1621 665 1663 τὸ
687 1624 847 1662 τοιοῦτο
873 1620 953 1662 ἀπὸ
976 1624 1051 1676 γῆς
1073 1618 1367 1674 ἀναδιδόμενον
1390 1621 1503 1672 ἰδεῖν,
1533 1619 1669 1680 ὥσπερ
1683 1622 1730 1657 20

178 1691 223 1733 αἱ
246 1692 372 1746 πηγαὶ
394 1694 475 1732 τῶν
493 1688 692 1744 ὗδάτων),
728 1689 775 1732 τὸ
798 1690 843 1732 δὲ
862 1691 904 1732 ἓν
927 1691 1064 1740 λίθοις
1084 1690 1469 1746 παρατριβομένοις,
1498 1688 1544 1731 τὸ
1567 1690 1612 1731 δὲ
1630 1690 1672 1731 ἐν

128 1769 159 1803 C
185 1758 333 1814 κόμαις
354 1760 532 1816 δένδρων
553 1760 621 1801 καὶ
647 1758 782 1802 αὐτῶν
802 1759 1181 1816 παρατριβομένων,
1208 1759 1253 1801 τὸ
1278 1760 1322 1801 δὲ
1345 1761 1387 1801 ἐν
1405 1765 1617 1815 κεραυνοῖς
1630 1759 1674 1800 ἔκ

181 1834 257 1874 τοῦ
280 1829 473 1886 αἲθέρος,
507 1829 554 1871 τὸ
575 1828 620 1870 δὲ
642 1830 684 1879 ἐξ
703 1825 867 1871 ὖδάτων
882 1830 950 1870 καὶ
969 1826 1098 1871 ὗέλων
1118 1826 1421 1886 διαυγεστάτων
1442 1830 1510 1871 καὶ
1531 1831 1674 1872 καθα-

276 1949 324 1984 22
346 1946 675 1994 παρατριβόμενον
695 1946 727 1981 Ρ

185 2064 307 2090 eorum
345 2051 556 2098 navigantes
593 2062 664 2097 quo
699 2048 825 2086 volunt
855 2049 1090 2097 deducentes,
1132 2050 1195 2087 alii
1226 2050 1478 2099 excipientes?
1519 2051 1607 2098 quin
1641 2054 1678 2087 et

186 2099 377 2135 contrariis
407 2099 615 2134 incedentes
648 2096 720 2132 viis
756 2102 864 2143 atque
885 2097 1083 2134 ministeria
1105 2110 1170 2134 sua
1193 2101 1365 2135 obeuntes
1387 2099 1469 2135 utili
1492 2099 1591 2134 vitae
1612 2110 1678 2134 no-

186 2152 284 2184 strae
307 2158 427 2192 pugna
446 2146 541 2180 inter
563 2157 604 2179 se
628 2145 825 2180 decertant.
850 2151 1020 2180 sexcenta
1043 2150 1192 2191 possent
1214 2146 1475 2182 commemorari
1492 2152 1679 2190 ventorum

186 2194 330 2230 officia:
362 2193 426 2227 sed
458 2198 579 2227 tamen
604 2196 705 2226 vates
729 2191 784 2226 his
808 2192 968 2227 omnibus
995 2193 1241 2228 enumerandis
1264 2194 1502 2239 supersedens
1524 2192 1678 2227 facilita—

185 2246 258 2276 tem
284 2241 525 2275 tantummodo
550 2238 686 2286 opificii
715 2238 904 2285 expressit.
954 2240 1015 2285 qui
1046 2239 1139 2275 enim
1168 2240 1257 2275 dicit
1282 2237 1353 2275 “de
1380 2239 1555 2275 thesauris
1578 2239 1680 2286 ipso-

185 2283 300 2331 rum‚’'
324 2288 356 2321 is
382 2298 453 2321 non
476 2285 565 2322 dicit
583 2285 751 2331 quosdam
771 2296 851 2319 esse
869 2291 1055 2321 ventorum
1070 2287 1268 2333 thesauros,
1294 2287 1357 2322 sed
1379 2286 1559 2332 significat
1576 2298 1680 2332 quam

185 2334 295 2371 facile
319 2334 367 2368 sit
399 2333 434 2368 ei
467 2332 528 2379 qui
554 2333 718 2378 mandat,
751 2332 868 2366 omnia
897 2344 962 2377 pro
995 2345 1058 2368 suo
1087 2334 1235 2369 arbitrio
1268 2334 1307 2368 in
1337 2338 1503 2380 promptu
1534 2332 1684 2368 habere-²

188 2380 480 2428 quemadmodum
514 2379 604 2414 enim
629 2390 703 2413 rem
736 2390 838 2424 quam
864 2379 902 2413 in
933 2380 1101 2415 thesauro
1127 2381 1317 2425 habemus,
1353 2380 1459 2414 facile
1487 2391 1531 2414 ex
1555 2391 1597 2414 eo
1622 2378 1681 2414 vel

187 2428 392 2475 promimus,
418 2426 490 2471 vel,
514 2427 547 2462 si
570 2426 686 2461 visum
711 2424 770 2471 sit,
795 2425 1031 2471 recondimus,
1054 2427 1108 2462 ita
1132 2427 1293 2463 universi
1311 2427 1434 2473 opifex
1452 2426 1568 2461 omnia
1587 2425 1681 2460 nullo

189 2475 334 2520 negotio
367 2473 489 2509 effecit
517 2485 560 2508 ac
591 2478 742 2508 naturae
763 2473 926 2507 tradidit.
957 2473 1096 2517 ,vidisti
1121 2479 1254 2519 quanta
1273 2474 1322 2510 sit
1343 2474 1381 2508 in
1404 2475 1488 2508 aere
1511 2473 1683 2516 varietas,

189 2522 284 2557 sicut
302 2527 339 2556 et
362 2521 399 2555 in
422 2531 517 2566 aqua
540 2524 578 2555 et
599 2520 638 2554 in
661 2520 746 2565 igne
767 2519 898 2554 multae
922 2526 1005 2555 sunt
1025 2521 1233 2556 varietates.
1282 2531 1452 2567 aquarum
1485 2520 1576 2554 enim
1612 2519 1683 2554 alia

192 2574 248 2602 est
269 2568 437 2612 fontana,
462 2566 534 2601 alia
554 2566 713 2612 marina,
737 2565 805 2601 alia
828 2567 954 2612 aerea,
981 2566 1050 2602 alia
1072 2567 1111 2602 in
1134 2567 1290 2613 nebulis,
1327 2567 1397 2602 alia
1420 2578 1528 2612 supra
1551 2566 1683 2611 caelos,

193 2615 262 2648 alia
287 2626 397 2660 supra
419 2613 592 2658 homines,
618 2613 688 2648 alia
710 2613 806 2647 infra
829 2617 972 2659 terram,
998 2626 1042 2648 ex
1062 2625 1132 2660 qua
1155 2615 1260 2649 etiam
1285 2614 1438 2649 diversis
1457 2613 1545 2648 locis
1569 2623 1684 2658 aquae

194 2660 365 2695 ebulliunt
390 2660 599 2695 mirabiliter
622 2662 667 2695 ab
690 2660 774 2706 igne
798 2659 860 2705 qui
884 2662 948 2695 sub
968 2665 1066 2696 terra
1090 2666 1146 2696 est
1163 2661 1371 2696 calefactae.
1419 2660 1514 2705 ignis
1537 2659 1626 2695 alius
1646 2659 1682 2693 in

196 2707 271 2741 sole
293 2712 366 2751 est,
404 2707 493 2741 alius
514 2707 553 2740 in
576 2707 677 2750 luna,
712 2707 802 2741 alius
824 2706 861 2741 in
884 2707 1100 2752 fulguribus,
1134 2708 1223 2742 alius
1240 2707 1278 2742 in
1299 2709 1404 2752 aete,
1439 2707 1529 2741 alius
1544 2705 1616 2752 —qui
1639 2717 1685 2740 ex

196 2752 303 2797 lignis
326 2765 347 2787 a
371 2754 474 2788 nobis
502 2758 539 2788 et
559 2753 715 2789 lucernis
740 2753 835 2798 exit,
871 2752 960 2788 alius
985 2753 1047 2800 qui
1071 2766 1115 2789 ex
1135 2760 1232 2789 terra
1257 2754 1427 2799 erumpit:
1451 2752 1567 2788 multis
1591 2752 1686 2787 enim

197 2799 285 2833 locis
311 2810 387 2833 eum
413 2800 470 2833 edi
493 2800 653 2835 videmus
677 2812 748 2835 non
769 2811 871 2835 secus
895 2811 999 2845 quam
1020 2800 1124 2836 etiam
1147 2802 1278 2836 fontes.
1326 2801 1414 2835 alius
1433 2799 1526 2845 ignis
1548 2804 1604 2834 est
1623 2798 1686 2844 qui

199 2845 326 2880 attritu
347 2845 500 2889 lapidum
525 2847 686 2892 eiicitur,
710 2852 748 2882 et
770 2846 858 2882 alius
882 2847 944 2892 qui
968 2847 1095 2882 attritu
1117 2847 1294 2882 frondium
1317 2849 1565 2889 arborem-unu
1595 2846 1686 2880 alius

200 2892 239 2927 in
262 2891 466 2927 fulminibus
490 2905 535 2928 ex
559 2894 725 2941 aethere,
757 2893 846 2930 alius
869 2905 914 2929 ex
944 2905 1038 2941 aqua
1061 2898 1099 2930 et
1119 2895 1226 2930 vitris
1249 2892 1533 2942 pellucidissimis
1555 2903 1598 2928 ac
1619 2903 1686 2940 pu-
