1742 3184
200 158 299 205 330
545 167 547 170 '
675 159 912 204 GEORGII
947 160 1190 205 CEDRENI

197 276 321 331 τριῶν
342 270 503 331 ἡμερῶν
528 270 550 315 ὃ
581 269 828 330 ἀρχάγγελος
848 274 1083 331 παρεγένετο
1110 274 1211 334 πρὸς
1231 273 1372 333 αὐτήν,
1407 276 1454 320 τὸ
1478 282 1671 336 βραβεῖον

199 343 387 397 κομίζων.
455 342 662 400 παρέδωκε
686 343 730 385 δὲ
751 342 824 398 τὴν
848 340 965 399 ἁγίαν
986 345 1112 400 αὐτῆς
1130 345 1271 401 ψυχὴν
1287 351 1346 405 τῷ
1365 347 1491 406 κυρίῳ
1510 349 1578 390 καὶ
1594 348 1671 406 υἱῷ

148 430 149 433 ’
197 415 256 470 τῷ
273 415 363 471 θεῷ
379 410 506 466 αὐτῆς
521 412 621 454 ἐτῶν
639 406 744 455 οὖσα
761 409 840 466 οβ’,
875 412 914 455 οἱ
932 413 979 456 δέ
995 431 1097 471 φασι
1117 413 1192 470 νη’,
1227 413 1329 459 ὥστε
1354 414 1458 470 μετὰ
1476 415 1550 472 τὴν
1569 414 1670 460 ἀνά-

199 484 326 538 ληψιν
348 485 420 524 τοῦ
438 483 623 538 Χριστοῦ
643 481 968 539 εἷκοσιτέσσαρας
987 481 1163 541 χρόνους
1180 484 1408 539 ἐπεβίωσεν.

327 548 419 593 ‘'On
441 550 483 592 ἐν
501 555 558 608 τῷ
578 548 632 592 ια’
654 548 730 593 ἔτει
743 549 937 607 (Ηρώὸου
955 557 1027 595 τοῦ
1046 551 1269 611 τετράρχου
1289 551 1311 597 ὃ
1329 551 1703 611 ἆρχιερεῦςῖΆνα-ξ,

198 637 267 669 νος
292 617 543 674 ἐτελεύτησε·
591 619 693 674 μεθ’
727 619 772 663 ὃν
804 621 1040 664 ε’νιαυσιαῖοι
1066 622 1265 680 ἀρχιερεῖς
1287 624 1580 674 καθίστανται,
1616 621 1672 674 ὡς

194 687 401 744 Ἰώσηπος
429 688 591 746 ἱστορεῖ.
661 690 729 731 καὶ
758 689 809 733 τὰ
835 693 932 733 θεῖα
966 691 1172 747 εὐαγγέλια
1206 692 1318 750 αὐτῷ
1343 698 1547 750 μαρτυρεῖ
1569 690 1671 746 ἄλη-

201 755 366 801 &edom
389 759 430 800 ἐν
453 754 514 807 οἷς
534 759 625 815 περὶ
644 762 717 801 τοῦ
736 758 911 817 Καϊάφα
934 761 1052 816 λέγει.
1120 765 1240 804 τοῦτο
1264 762 1309 804 δὲ
1327 761 1405 819 ἀφ’
1429 759 1577 804 ἑαυτοῦ
1597 761 1671 803 οὐκ

147 831 177 866 Β
201 825 327 880 εἶπεν,
359 826 451 869 ἀλλ’
477 826 686 884 ἀρχιερεὺς
704 826 761 870 ὢν
777 833 849 871 τοῦ
869 831 1052 873 ἐνιαυτοῦ
1070 830 1218 873 ἐκείνου
1240 827 1550 889 προεφήτευσεν.

329 893 420 938 ’Ότι
442 899 514 950 τῆς
535 895 770 953 παραδόξου
796 902 870 940 τοῦ
898 903 1079 956 σωτῆρος
1108 897 1225 955 ἡμῶν
1252 897 1511 950 ἀναστάσεως
1539 917 1580 942 τε
1600 900 1667 942 καὶ.
1682 912 1728 947 10

202 966 257 1015 εἷς
279 964 478 1022 οὐρανοὺς
497 963 741 1020 ἀναλήψεως
762 973 848 1018 τοῖς
869 969 1067 1019 πλείστοις
1095 968 1173 1024 ἤδη
1193 967 1438 1027 περιβοήτου
1457 966 1672 1012 καθεστώ-

201 1052 298 1089 σης,
344 1036 531 1085 Πιλᾶτος
554 1034 784 1091 ἀγωνιάσας
815 1034 870 1087 ὡς
900 1037 958 1092 μὴ
987 1037 1198 1094 ἀνενέγκας
1226 1043 1286 1096 τῷ
1313 1041 1481 1093 βασιλεῖ’
1503 1042 1673 1080 τοιαῦτα

199 1102 392 1160 γενόμενα
416 1101 639 1158 θαύματα,
673 1105 786 1156 τέλος
806 1105 1097 1162 ἀναγκασθείς,
1131 1105 1187 1158 ῶς
1207 1108 1265 1162 μὴ
1287 1106 1424 1165 λάθῃ,
1460 1104 1672 1150 ἀνεκοινώ-

199 1190 302 1216 σατο
321 1176 380 1230 τῷ
396 1175 564 1227 βασιλεῖ
580 1175 757 1231 Τιβερίῳ
786 1174 838 1217 τοὶ
862 1177 952 1233 περὶ
981 1180 1053 1231 τῆς
1082 1177 1125 1218 ἐκ
1148 1180 1298 1233 νεκρῶν
1319 1175 1579 1226 ἀναστάσεως
1599 1179 1674 1218 τοῦ

199 1247 383 1299 σωτῆρος
406 1239 522 1297 ἡμῶν
540 1243 683 1298 Ἰησοῦ
700 1246 911 1301 Χριστοῦ,
953 1244 1028 1295 τάς
1056 1262 1096 1288 τε
1130 1244 1258 1297 ἄλλας
1285 1246 1572 1303 τερατουργίας
1597 1244 1728 1299 ati-15

198 1315 275 1354 τοῦ
283 1343 296 1363 ,
331 1312 399 1353 καὶ
422 1309 478 1362 ὡς
496 1310 559 1354 ὅτι
579 1312 682 1366 μετὰ
705 1310 889 1356 θάνατον
908 1314 952 1357 ἐκ
971 1319 1120 1371 νεκρῶν
1141 1314 1319 1366 ἀναστὰς
1339 1315 1440 1366 θεὸς
1460 1314 1538 1370 ἤδη
1561 1313 1675 1371 παρὰ

200 1383 366 1431 πολλοῖς
387 1378 487 1422 εἶναι
510 1380 751 1425 πιστεύεται.
823 1383 1013 1440 Τιβέριος
1029 1378 1115 1436 οὖν,
1150 1383 1220 1441 ἐφ’
1246 1378 1294 1426 οὗ
1311 1383 1358 1427 τὸ
1375 1387 1457 1428 τῶν
1469 1386 1675 1441 Χριστια-

199 1454 281 1492 νῶν
303 1448 433 1504 ὄνομα
463 1452 518 1500 εἷς
537 1451 608 1493 τὸν
625 1449 778 1506 κόσμον
802 1451 1076 1508 εῗσελήλυθεν,
1110 1452 1263 1507 μαθών
1282 1457 1334 1511 τῇ
1350 1451 1559 1512 συγκλήτῳ
1581 1452 1675 1495 ἆνε-

147 1527 177 1562 C
201 1517 448 1570 κοινώσατο,
493 1521 617 1574 δῆλος
644 1519 701 1563 ὢν
731 1522 878 1572 ἐκεῖνος
911 1520 966 1572 ὡς
993 1526 1053 1580 τῷ
1084 1520 1256 1578 δόγματι
1283 1523 1508 1579 ἀρέσκοιτο.
1577 1519 1603 1577 ἦ
1631 1521 1676 1575 (Σὲ

195 1586 442 1644 σύγκλητος,
477 1587 559 1631 ἐπεὶ
581 1589 654 1632 οὐκ
674 1589 776 1644 αὐτὴ
796 1588 1048 1645 ὄεὸοκιμάκει
1058 1622 1072 1643 ,
1107 1589 1323 1643 ἀπώσατο,
1351 1595 1403 1648 τῇ
1420 1591 1465 1633 δὲ
1484 1591 1730 1651 ἀ).ηθει’ᾳ,2ο

197 1656 259 1700 ὅτι
279 1657 385 1712 μηδὲ
413 1660 485 1711 τῆς
505 1658 547 1709 ἐξ
569 1657 802 1715 ἀνθρώπων
826 1658 1059 1716 ἕπικρίσεώς
1081 1677 1122 1702 τε
1145 1661 1213 1702 καὶ
1234 1658 1468 1711 συστάσεως
1489 1658 1515 1716 ἦ
1541 1658 1675 1716 σωτή-

198 1743 287 1784 ριος
305 1730 377 1768 τοῦ
394 1726 511 1768 θείου
531 1725 792 1784 κηρύγματος
812 1730 937 1772 ἐδεῖτο
956 1730 1212 1772 διδασκαλία.
1241 1727 1372 1773 ταῦτά
1395 1746 1497 1788 φησι
1517 1733 1675 1787 Τερτυ-

292 1837 337 1871 18
359 1832 636 1880 εἰσεληλυθέναι
658 1834 688 1869 P

198 1928 285 1974 egit.
334 1939 376 1961 ea
397 1926 594 1972 quindecim
619 1931 703 1962 ante
727 1926 852 1962 diebus
875 1939 973 1963 suum
997 1928 1128 1963 exitum
1155 1929 1334 1974 cognovit.
1382 1929 1570 1976 triduoque
1592 1935 1675 1966 ante

199 1973 431 2019 archangelus
463 1973 509 2008 ad
539 1985 615 2008 eam
642 1973 763 2019 venit,
796 1975 986 2020 praemium
1017 1981 1175 2020 portans.
1224 1975 1369 2011 tradidit
1396 1983 1552 2012 sanctam
1578 1989 1674 2013 suam

199 2021 350 2056 animam
373 2019 514 2055 domino
538 2031 580 2054 ac
603 2019 675 2055 filio
701 2025 736 2055 et
757 2022 823 2055 deo
842 2033 927 2065 suo,
963 2034 1072 2056 annos
1094 2029 1179 2057 nata
1199 2023 1424 2069 septuaginta
1442 2023 1546 2058 duos.
1593 2023 1674 2069 qui-

200 2068 280 2102 dam
302 2067 447 2102 tradunt
470 2065 726 2112 quinquaginta
749 2073 842 2102 octo.
891 2067 983 2103 vixit
1006 2080 1091 2114 ergo
1115 2069 1244 2115 viginti
1272 2075 1439 2116 quattuor
1459 2081 1570 2105 annos
1593 2074 1677 2117 post

202 2113 339 2148 Christi
361 2113 399 2148 in
422 2112 540 2148 caelos
562 2125 756 2149 ascensum.

291 2158 488 2195 Undecimo
518 2171 609 2194 anno
634 2159 788 2195 Herodis
818 2159 1018 2195 tetrarchae
1041 2172 1192 2196 summus
1217 2161 1379 2207 pontifex
1401 2161 1544 2197 Ananus
1566 2161 1674 2197 mori-

199 2209 271 2242 tur.
318 2211 402 2252 post
419 2206 511 2241 hunc
530 2218 646 2242 annua
669 2206 738 2241 fuit
759 2219 803 2242 ea
825 2205 991 2251 dignitas,
1015 2208 1109 2252 quod
1133 2213 1171 2242 et
1193 2208 1364 2254 Iosephus
1382 2209 1517 2251 refert3
1542 2214 1578 2243 et
1597 2220 1676 2243 eum

199 2265 285 2288 vere
316 2252 436 2287 dicere
468 2264 571 2288 sacra
605 2252 786 2299 evangelia
815 2258 1003 2298 testantur,
1034 2253 1086 2289 ita
1110 2255 1155 2289 de
1176 2255 1336 2301 Caiapha
1353 2254 1533 2301 loquentia
1557 2256 1676 2300 (Ioan.

201 2302 262 2343 12)
278 2295 340 2334 “id
363 2310 449 2335 vero
474 2311 542 2333 non
566 2300 611 2334 de
633 2312 697 2335 suo
718 2299 870 2345 dicebat,
903 2299 968 2334 sed
995 2299 1080 2346 quia
1108 2306 1186 2336 erat
1213 2300 1376 2347 pontifex
1401 2301 1571 2337 maximus
1593 2301 1677 2336 anni

199 2345 302 2381 istius
317 2373 327 2390 ‚
349 2343 646 2381 vaticinabatur?

293 2393 381 2427 Cum
403 2391 621 2427 admirabilis
644 2391 683 2427 in
704 2391 813 2427 vitam
835 2390 970 2426 reditus
998 2396 1105 2437 atque
1127 2392 1165 2428 in
1188 2393 1305 2429 caelos
1328 2393 1490 2428 ascensio
1511 2398 1674 2428 servato-

198 2438 251 2473 ris
282 2438 396 2473 nostri
428 2439 520 2473 fama
547 2438 616 2474 iam
648 2438 753 2484 longe
786 2438 928 2483 lateque
958 2437 1215 2483 increbuisset,
1249 2440 1384 2474 Pilatus
1407 2439 1513 2474 animi
1537 2440 1676 2485 anxius,

197 2486 293 2530 quod
316 2486 360 2520 de
383 2484 439 2520 his
466 2496 559 2531 quae
589 2491 780 2520 evenerant
801 2484 976 2519 miraculis
1005 2484 1093 2519 nihil
1124 2487 1170 2521 ad
1199 2486 1445 2532 imperatorem
1467 2486 1676 2532 rettulisset,

199 2532 341 2566 tandem
372 2531 586 2567 necessitate
616 2532 759 2567 adactus
789 2531 937 2566 Tiberio
969 2532 1118 2567 Caesari
1149 2532 1358 2578 perscripsit
1379 2531 1560 2568 Christum
1581 2544 1676 2567 mor—

199 2582 296 2612 tuum
318 2577 426 2612 vitam
448 2578 649 2624 recepisse,
681 2584 753 2614 tum
775 2589 866 2623 quae
889 2577 920 2612 is
943 2577 1110 2614 miracula
1133 2579 1312 2623 ediderat,
1345 2583 1454 2623 utque
1486 2579 1533 2614 de
1564 2584 1678 2614 morte

202 2622 240 2656 in
261 2623 370 2658 vitam
394 2635 560 2660 reversus
583 2625 652 2660 iam
673 2636 695 2660 a
717 2624 836 2660 multis
859 2624 946 2659 deus
969 2636 1048 2660 esse
1066 2627 1244 2660 credatur.
1291 2636 1334 2660 ac
1350 2624 1519 2660 Tiberius
1537 2625 1676 2671 quidem

200 2680 326 2704 nomen
350 2670 630 2707 Christianorum
657 2683 722 2718 per
756 2672 875 2706 orbem
909 2670 977 2705 iam
1001 2677 1230 2717 propagatum
1253 2671 1410 2706 sentiens
1433 2672 1480 2706 de
1503 2683 1546 2706 ea
1568 2683 1608 2706 re
1631 2672 1676 2706 ad

201 2720 358 2749 senatum
392 2716 549 2762 rettulit,
583 2730 699 2764 neque
723 2719 870 2753 obscure
895 2717 975 2752 tulit
1001 2718 1072 2753 sibi
1098 2718 1303 2764 religionem
1326 2717 1563 2753 Christianam
1590 2730 1677 2762 pro-

200 2761 294 2796 bari.
340 2768 481 2796 senatus
511 2769 650 2809 autem,
685 2764 781 2810 quod
808 2775 884 2798 eam
913 2763 1149 2810 improbaret,
1183 2764 1263 2811 ipse
1291 2775 1432 2809 quoque
1459 2763 1676 2809 repudiavit.

202 2818 290 2842 vera
306 2819 412 2841 causa
436 2807 512 2844 eius
534 2811 588 2845 rei
613 2816 690 2855 est,
714 2811 810 2856 quod
831 2809 985 2845 divinum
1011 2811 1132 2846 salutis
1157 2810 1382 2857 praeconium
1406 2810 1588 2844 humanam
1612 2822 1676 2854 ap-

203 2853 446 2901 probationem
480 2862 588 2902 atque
617 2855 950 2893 commendationem
973 2869 1193 2905 nequaquam
1213 2856 1378 2904 requirit.
1425 2857 1512 2893 haec
1530 2856 1675 2892 Tertul-
