1742 3184
234 234 291 283 18
706 228 947 277 GEORGII
981 225 1229 273 CEDRENI

229 355 401 398 τελεῖται
423 347 465 394 ἓν
481 350 541 409 τῷ·
557 341 733 407 οὗρανῷ,
768 344 920 405 δυτέρᾳ
940 341 1040 398 εὗχὴ
1057 341 1251 399 ἀγγέλων,
1280 339 1398 399 τρίτῃ
1420 336 1518 395 εὖχὴ
1538 339 1716 395 πτηνῶν,

231 419 405 479 τετάρτῃ
424 419 521 475 εὐχὴ
544 421 720 474 κτηνῶν,
754 416 917 472 πέμπτῃ
941 413 1040 469 εὐχὴ
1061 414 1234 470 θηρίων,
1266 412 1359 468 ἕκτῃ
1380 410 1558 467 ἀγγέλων
1575 406 1715 466 παρά-

234 509 377 543 στασις
400 491 467 533 καὶ
489 486 690 546 διάκρισις
711 484 846 541 πάσης
866 485 1046 534 κτίσεως,
1066 480 1225 540 ἕβδόμῃ
1244 481 1423 537 ἀγγέλων
1441 479 1598 529 εἴσοδος
1614 477 1718 535 πρὸς

234 563 337 606 θεὸν
356 561 422 603 καὶ
443 558 585 610 ἔξοδος
605 557 784 613 ἀγγέλων
794 587 807 608 ,
842 551 967 611 ὀγδόῃ
987 553 1138 603 αἶ’νεσις
1159 553 1226 594 καὶ
1248 551 1396 594 θυσίαι
1417 549 1600 606 ἀγγέλων
1606 580 1619 600 ,
1650 550 1715 590 ἒν-

234 630 336 689 νάτῃ
357 630 493 686 δέησις
510 628 577 670 καὶ
597 627 762 683 λατρεία
780 621 1021 681 ἀνθρώπου,
1055 620 1205 679 δεκάτῃ
1225 621 1441 664 {moxona}
1462 617 1626 662 ὑδάτων
1648 619 1742 660 καὶε

183 711 214 748 0
240 700 396 757 δεήσεις
411 698 610 757 οὐρανίων
625 697 693 739 καὶ
712 695 909 751 ἐπιγείων,
935 690 1127 749 ἑνδεκάτῃ
1151 688 1484 747 ἄνθομολόγησις
1503 690 1571 732 καὶ
1588 689 1719 745 ἀγαλ-

237 773 369 821 λίασις
388 766 563 820 πάντων,
598 763 807 822 δωδεκάτῃ
830 762 1000 815 ἔντευξις
1018 760 1252 820 ἀνθρώπων
1272 763 1329 811 εἷς
1349 760 1546 810 εὐδοκίας.
1592 763 1652 818 τῷ
1674 757 1719 800 δὲ

238 841 531 895 ἐννακοσιοστῷ
565 838 794 893 τριακοστῷ
833 833 911 876 ἴτει
941 832 1077 887 Ἀδὰμ
1110 830 1314 886 ἐκοιμήθη
1351 830 1447 872 κατ’
1484 828 1613 884 αὐτὴν
1646 831 1720 883 τῆς

235 906 509 968 παραβάσεως
523 903 695 963 ἡμέραν,
730 905 796 947 καὶ
816 905 873 955 εἷς
887 903 963 958 τὴν
980 907 1055 959 γῆν
1075 903 1118 953 ἐξ
1136 895 1185 957 ἧς
1205 898 1371 959 ἐλήφθη
1391 899 1568 956 ἀπῆλθε,
1589 915 1720 941 κατα-

236 981 384 1035 λείψας
401 976 575 1035 ἄρρενας
599 975 716 1026 υἱοὺς
745 971 805 1030 λγ’
834 974 903 1016 καὶ
932 973 1167 1029 θυγατέρας
1193 969 1266 1024 κζ’.
1336 963 1458 1021 οὗτος
1475 966 1742 1026 ἦγεμόνευσεἸ

234 1053 311 1095 τοῦ
335 1048 475 1106 γένους
500 1049 581 1088 τῶν
603 1041 837 1102 ἀνθρώπων
856 1042 916 1086 δι’
939 1041 1037 1099 ὅλης
1055 1041 1183 1085 αὐτοῦ
1205 1046 1279 1096 τῆς
1300 1042 1417 1096 ζωῆς.
1485 1038 1512 1095 ἡ
1539 1040 1584 1082 δὲ
1607 1038 1720 1095 ταφὴ

237 1119 364 1163 αὐτοῦ
387 1114 492 1160 κατὰ
512 1115 586 1170 τὴν
604 1118 685 1158 τῶν
699 1110 994 1171 Ἱεροσολύμων
1014 1113 1149 1169 γέγονε
1170 1116 1266 1168 γῆν,
1315 1108 1371 1161 ὥς
1389 1108 1585 1166 Ἰώσηπος
1610 1109 1724 1152 ἱστο-

239 1195 312 1247 ρεῖ.
380 1190 437 1245 τῷ
458 1186 568 1244 αὐτῷ
585 1181 723 1243 χρόνῳ
743 1183 811 1226 καὶ
831 1181 939 1225 Κάῖν
957 1182 1154 1233 ἀπέθανε,
1192 1178 1386 1230 πεσόντος
1407 1180 1473 1223 ἐπ’
1501 1179 1626 1222 αὐτὸν
1649 1182 1723 1221 τοῦ

238 1255 483 1314 οἰκήματος,
517 1254 610 1310 μετ’
635 1253 819 1297 ἐνιαυτὸν
841 1253 911 1295 ἕνα
932 1257 1006 1307 τῆς
1026 1256 1100 1296 τοῦ
1116 1251 1249 1305 Ἀδὰμ
1269 1254 1469 1306 τελευτῆς.

376 1325 474 1381 Σὴθ
503 1324 608 1380 μετὰ
629 1323 761 1378 Ἀδὰμ
781 1320 1025 1379 ἧγεμόνευσε
1046 1326 1127 1366 τῶν
1145 1319 1393 1378 ἀνθρώπων.
1464 1319 1503 1363 οἱ
1526 1318 1571 1361 δὲ
1593 1318 1636 1360 ἔκ
1656 1317 1742 1374 γε’-ἰ

237 1414 336 1448 νους
363 1395 491 1439 αὗτοῦ
519 1392 769 1451 Ἔγρήγορες
801 1393 1072 1449 διακοσιοστῷ
1097 1394 1292 1448 χιλιοστῷ
1328 1393 1406 1445 τῆς
1439 1389 1726 1445 κοσμογενείας

185 1475 218 1512 D
241 1465 332 1519 ἔτει,
366 1467 696 1522 τεσσαρακοστοῦ
718 1462 762 1505 δὲ
782 1460 898 1513 ὄντος
916 1465 991 1504 τοῦ
1003 1460 1150 1518 Ἰάρεδ,
1181 1460 1309 1503 αὐτοῦ
1327 1459 1371 1502 δὲ
1388 1463 1461 1501 τοῦ
1481 1459 1580 1514 Σὴθ
1599 1457 1726 1501 ἑπτα-

238 1538 454 1581 κοσιοστοῦ
483 1532 812 1588 ἕβδομηκοστοῦ,
865 1531 1140 1586 πλανηθέντες
1167 1530 1420 1585 κατέβησαν,
1470 1530 1541 1572 καὶ
1576 1527 1726 1583 ἔλαβον

239 1604 399 1655 ἑαυτοῖς
429 1608 622 1660 γυναῖκας
649 1602 693 1644 ἔκ
721 1604 803 1644 τῶν
843 1600 1086 1658 θυγατέρων
1116 1604 1198 1642 τῶν
1235 1599 1335 1642 υἱῶν
1368 1602 1450 1642 τῶν
1491 1597 1727 1657 ἀνθρώπων

237 1674 365 1733 ἤγουν
383 1677 458 1717 τοῦ
480 1668 612 1723 Κάϊν,
648 1671 715 1713 καὶ
745 1670 957 1727 ἐγέννησαν
984 1670 1080 1721 τοὺς
1103 1670 1295 1726 γίγαντας
1328 1668 1426 1720 τοὺς
1457 1667 1742 1736 ὀνομαστοί-με

241 1745 280 1789 οἶ
305 1744 349 1787 δὲ
367 1743 547 1800 γίγαντες
567 1735 678 1783 οὗτοι
703 1740 772 1783 διὰ
792 1740 867 1796 μὲν
887 1739 958 1782 τὸν
981 1741 1138 1782 δίκαιον
1151 1739 1251 1795 Σὴθ
1273 1738 1452 1795 ἐγένοντο
1476 1740 1636 1797 ἲσχυροὶ
1658 1741 1725 1782 καὶ

239 1814 420 1872 μέγιστοι
442 1812 511 1854 καὶ
530 1810 576 1855 τὸ
598 1810 775 1869 μέγεθος
802 1814 878 1854 τοῦ
899 1807 1092 1866 σώματος
1118 1807 1365 1868 ὑπερμήκεις
1375 1841 1389 1863 ,
1418 1809 1662 1869 τερατώδεις
1684 1826 1727 1853 τε

336 1969 382 2005 16
402 1965 590 2004 διακόσιοι
610 1966 662 2015 τῷ
680 1966 712 2003 Ρ

243 2106 359 2155 prima
381 2105 455 2141 diei
478 2105 567 2141 hora
589 2117 714 2152 preces
737 2109 955 2152 peraguntur
977 2104 1113 2152 primae
1136 2105 1174 2141 in
1198 2105 1308 2153 caelo,
1337 2107 1493 2144 secunde
1514 2119 1641 2155 preces
1666 2119 1733 2143 en-

243 2155 424 2200 gelorum,
447 2152 555 2187 tertia
574 2152 792 2199 volucrium,
817 2158 943 2198 quarta
966 2153 1221 2199 iumentorum,
1246 2155 1370 2200 quinta
1389 2155 1602 2191 bestiarum:
1630 2160 1734 2191 sexta

243 2200 361 2247 angeli
385 2199 566 2243 assistunt,
593 2211 783 2246 omnesque
807 2200 1054 2235 discernuntur
1078 2206 1282 2243 creaturae3
1305 2202 1456 2249 septima
1479 2203 1522 2237 ad
1543 2203 1647 2237 deum
1665 2214 1731 2237 an-

244 2247 316 2294 geli
339 2247 475 2282 intrent
498 2251 535 2281 et
563 2252 693 2282 exeunt
721 2252 877 2290 3octava
909 2247 1065 2282 laudatio
1099 2254 1135 2283 et
1168 2249 1346 2291 sacrificia
1377 2248 1601 2295 angelorum,
1637 2260 1732 2284 nona

245 2293 405 2340 precatio
440 2297 477 2328 et
506 2292 618 2328 cultus
649 2295 694 2329 ab
724 2294 941 2339 hominibus,
976 2295 1110 2329 decima
1142 2306 1310 2340 aquarum
1333 2296 1508 2343 inspectio
1534 2308 1732 2343 precesque

246 2339 448 2375 caelestium
464 2344 501 2374 et
512 2341 746 2385 terrestrium,
767 2340 953 2376 undecima
975 2348 1094 2376 mutua
1113 2342 1289 2377 confessio
1308 2349 1345 2378 et
1362 2343 1550 2378 exsultatio
1567 2344 1731 2389 omnium,

245 2386 451 2422 duodecima
476 2386 715 2434 interpellatio
740 2387 918 2422 hominum
946 2387 1014 2423 deo
1041 2394 1199 2434 accepta.
1247 2390 1400 2425 Adamus
1425 2391 1732 2436 noningentesimo

246 2433 427 2479 trigesimo
451 2445 541 2468 anno
563 2434 638 2470 vita
662 2435 855 2482 defunctus·
874 2439 942 2480 est,
967 2436 1087 2470 eadem
1113 2448 1184 2481 qua
1205 2435 1286 2471 olim
1311 2437 1512 2484 deliquerat
1534 2437 1611 2480 die;
1634 2443 1671 2472 et
1693 2437 1732 2472 in

247 2485 399 2525 terrem,
423 2481 515 2515 unde
537 2480 656 2516 fuerat
678 2482 903 2527 desumptus,
930 2494 1097 2518 reversus
1122 2488 1195 2529 est,
1224 2483 1356 2519 relictis
1386 2485 1471 2520 filiis
1495 2483 1565 2530 33,
1590 2484 1731 2519 filiabus

247 2528 308 2562 27.
353 2525 542 2581 imperavit
562 2533 677 2563 autem
700 2529 759 2563 hic
777 2529 925 2563 humano
949 2530 1074 2575 generi
1098 2542 1161 2576 per
1184 2536 1293 2565 totam
1317 2543 1415 2567 suam
1438 2532 1562 2567 vitam.
1611 2531 1731 2577 sepul-

249 2577 306 2606 tus
330 2577 386 2607 est
405 2584 444 2606 ln
465 2579 562 2609 terra
583 2574 930 2620 Hierosolymitana‚
969 2581 1009 2611 ut
1034 2577 1205 2623 Iosephus
1234 2584 1367 2613 narrat.
1416 2579 1539 2613 eodem
1571 2582 1732 2624 tempore

249 2618 382 2699 Cainqis
405 2629 544 2664 quoque
566 2621 676 2668 obiit,
713 2633 784 2658 uno
815 2627 899 2668 post
926 2623 1053 2658 Adami
1082 2630 1227 2659 mortem
1257 2637 1373 2670 anno,
1410 2631 1598 2660 corruente
1621 2637 1733 2674 supra

251 2675 328 2699 eum
376 2677 452 2699 omo
475 2677 550 2700 sua.

341 2711 429 2746 Post
460 2711 627 2748 Adamum
659 2714 790 2749 Sethus
826 2714 976 2751 humano
995 2717 1132 2762 -gencri
1164 2717 1334 2764 praefuit.
1383 2730 1475 2754 anno
1513 2720 1557 2754 ab
1593 2718 1734 2765 origine

251 2757 370 2791 mundi
394 2758 500 2802 1200,
534 2759 595 2803 qui
617 2761 685 2795 fuit
707 2762 835 2797 Iaredo
861 2762 958 2798 vitae
980 2775 1091 2799 annus
1115 2767 1422 2811 quadragesimus,
1457 2766 1569 2802 Setho
1593 2766 1734 2812 septin-

250 2803 463 2847 gentesimus
495 2807 789 2853 septuagesimus,
823 2809 1029 2855 Egregores
1054 2812 1155 2846 Sethi
1187 2813 1374 2858 progenies
1399 2825 1520 2849 errore
1546 2814 1643 2848 ducti
1666 2814 1731 2847 de·-

247 2850 478 2894 scenderunt,
514 2862 556 2885 ac
585 2852 654 2887 sibi
678 2855 838 2890 mulieres
863 2857 907 2891 de
928 2857 1067 2893 filiabus
1092 2859 1266 2894 hominum
1290 2860 1366 2894 sive
1394 2860 1732 2906 Caini'desumpse-

248 2901 354 2951 runt,
389 2900 495 2941 atque
526 2898 686 2942 gigantes
718 2901 796 2936 illos
829 2902 986 2939 celebres
1010 2911 1285 2950 generaverunt.
1335 2907 1497 2952 gigantes
1523 2906 1559 2941 hi
1583 2913 1733 2953 propter

246 2948 376 2978 iustum
399 2942 545 2977 Sethum
575 2945 718 2982 fuerunt
741 2949 878 2984 robusti
901 2961 945 2985 ac
968 2951 1178 2988 vastissimis
1202 2954 1432 3000 corporibus,
1471 2955 1733 3001 monstrosique
