1742 3184
183 144 284 194 624
654 145 905 193 ἶ(ιιῑοιιθιι
936 116 1182 190 GEDRENI

182 261 258 306 οὒκ
277 262 492 321 ἀφίστατο,
529 259 624 304 ἀλλ’
651 260 754 304 ὅπου
807 260 820 276 '
841 259 891 303 ἂν
909 255 978 317 ἦγε
1001 260 1046 304 τὸ
1074 261 1204 320 ῥεῦμα
1221 261 1267 306 τὸ
1289 260 1456 321 ἔλυτρον
1474 264 1550 308 ‘cosi
1569 281 1662 307 κτε-

183 331 266 385 νός,
302 333 387 375 ἐκεῖ
400 334 466 375 καὶ
487 330 557 374 τὸν
575 329 677 373 κύνα
698 331 856 384 δαίμων
878 348 940 381 τις
960 330 1165 389 ἀλιτήριος
1184 332 1457 388 ἐξεβάκχευεν.
1526 331 1663 384 ἁλιεὺς

184 396 258 445 οὖν
286 419 347 453 τις
377 401 423 443 τὸ
456 401 566 451 ξένον
598 403 718 442 τοῦτο
749 398 1007 455 θεασάμενος
1036 403 1156 458 τέρας
1185 404 1400 456 ἐδοκίμασε
1439 400 1509 445 διά
1552 421 1660 453 τινος

181 475 369 527 μηχανῆς
388 471 644 524 ἀποσυλῆσαι
663 468 733 511 τὸν
751 471 883 512 κτένα.
953 471 1004 512 ἀλ
1035 470 1047 486 ²
1080 469 1101 514 ὃ
1128 469 1237 514 κύων
1261 472 1334 515 οὐκ
1353 474 1528 515 ἐνεδίδου
1543 486 1553 496 ·
1582 470 1660 531 ἆρ-

181 541 318 593 πάζων
349 540 427 596 γὰρ
460 538 583 581 αὐτὸν
611 539 674 580 ἐπὶ
705 538 751 581 τὸ
779 539 919 594 βάθος
941 540 1066 596 ἐνῆγε.
1137 539 1385 597 καταμηνύει
1405 540 1692 600 τοιγαροῦνὸδ

182 609 318 661 ἆλιευς
344 614 401 667 τῷ
429 612 597 662 βασιλεῖ
620 612 700 650 τῶν
720 611 897 665 Περσῶν
928 609 974 652 τὸ
1006 615 1078 653 τοῦ
1108 609 1325 668 μαργάρου
1351 609 1519 663 κάλλος·
1569 610 1590 653 ὅ
1616 612 1660 654 δὲ

183 682 350 723 δίδωσιν
372 678 484 720 αὐταῦ
509 676 662 734 ἄνδρας
685 678 782 729 τοὺς
802 679 865 720 ἐπὶ
890 679 1004 734 τὴν
985 678 1116 737 α’γραν
1137 685 1209 724 τοῦ
1228 679 1444 738 μαργάρου
1466 679 1661 738 συιιπρά-

180 753 335 800 ἕξοντας.
393 746 584 797 ἐλθόντες
603 765 674 789 ουν
692 748 754 790 ἐπὶ
775 747 850 804 τὴν
870 747 1092 792 θάλασσαν
1116 752 1188 792 καί
1206 768 1318 798 τινας
1337 748 1493 806 ἡμέρας
1511 752 1661 808 ἐγκαρ-

181 817 442 874 τερήσαντες,
489 816 602 871 ἔτυχε
635 816 706 859 τὸν
739 816 841 860 κύνα
862 819 1010 875 μικρὸν
1031 817 1312 877 ὑποχωρῆσαι.
1381 818 1508 869 εὐθὺς
1537 813 1608 861 οὖν
1638 817 1659 860 ὃ

182 885 318 937 ἁλιεὺς
345 885 562 937 δισκεύσας
593 885 715 929 αὑτὸν
744 888 786 928 ἒν
814 891 866 944 τῇ
885 886 1082 945 θαλάσσῃ
1102 891 1170 931 καὶ
1191 888 1372 938 καταδὺς
1391 889 1433 931 ἒν
1454 893 1512 946 τῷ
1531 886 1659 942 βάθει
1674 896 1717 931 10

127 966 157 1001 Β
182 956 381 1013 ἐδράξατο
405 961 479 1000 τοῦ
500 955 636 1006 κτενὸς
653 958 720 998 καὶ
740 958 809 999 τὸν
824 959 1081 1014 μαργαρίτην
1099 957 1287 1014 ἀνήγαγε,
1310 959 1378 1000 καὶ
1393 957 1548 1008 εὐθέως
1559 957 1662 999 ἀνα-

178 1026 353 1083 δραμὼν
378 1026 522 1080 ὕψωσε
545 1025 618 1080 τὴν
636 1033 771 1082 χεῖρα,
807 1029 873 1068 καὶ
896 1025 976 1069 ὕπὸ
999 1032 1080 1069 τῶν
1104 1027 1306 1070 συνόντων
1326 1025 1488 1085 ἡρπάγη
1508 1025 1528 1069 ὃ
1549 1025 1661 1084 μάρ-

180 1114 322 1154 γαρος.
392 1098 486 1154 πρὶν
507 1097 551 1138 δὲ
572 1094 738 1152 φθάσαι
758 1097 956 1138 εἰσελθεῖν
974 1097 1098 1139 αὐτὸν
1117 1099 1157 1140 ἓν
1175 1102 1226 1154 τῇ
1247 1097 1410 1155 λέμβῳ,
1446 1094 1620 1155 φθάσας
1639 1095 1660 1139 ὃ

179 1165 290 1209 κύων
311 1166 502 1209 διέσπασε
525 1167 592 1208 καὶ
611 1164 867 1223 κατερόφησε
888 1166 959 1209 τὸν
977 1169 1248 1225 ταλαίπωρον.
1319 1164 1340 1210 ὃ
1374 1167 1419 1210 δὲ
1448 1164 1664 1224 μάργαρος

179 1237 439 1291 ἀπεκομίσθη
463 1239 522 1293 τῷ
540 1238 725 1289 βασιλεῖ,
775 1234 820 1286 ὃς
849 1238 918 1278 καὶ
946 1233 1094 1291 ἡσθεὶς
1116 1242 1174 1295 τῷ
1197 1233 1341 1280 τούτου
1362 1235 1545 1291 θεάματι
1566 1236 1662 1286 τοὺς
1676 1241 1718 1277 15

180 1308 332 1356 παῖδας
349 1310 423 1348 τοῦ
441 1303 585 1355 ἁλιέως
602 1303 799 1360 μεγάλαις
818 1305 1023 1360 ἠμείψατο
1050 1308 1234 1362 δωρεαῖς.
1303 1310 1447 1349 τοῦτον
1464 1305 1535 1349 τὸν
1551 1323 1665 1363 μαρ-

178 1364 347 1432 γαρίτην
358 1377 582 1429 βουληθεὶς
597 1373 839 1430 ὠνήσασθαι
855 1375 1140 1427 Ἰουστινιανὸς
1157 1374 1178 1418 ὃ
1194 1376 1322 1432 με’γας
1333 1377 1506 1433 χρυσίου
1524 1377 1664 1432 λίτρας

180 1444 324 1487 ἑκατὸν
348 1444 555 1487 ἀπέστειλε
584 1444 687 1500 πρὸς
715 1445 809 1495 τοὺς
839 1443 1106 1502 βαρβάρους·
1141 1445 1236 1488 ἀλλ’
1270 1439 1380 1488 οὗτοι
1404 1445 1451 1487 οὐ
1476 1446 1666 1487 κατένευ-

179 1532 271 1567 σαν,
306 1513 568 1569 μνημόσυνον
589 1518 661 1568 τῆς
678 1516 888 1570 Περσικῆς
908 1514 1102 1566 ἀπονοίας
1120 1519 1264 1558 τοῦτον
1284 1513 1568 1573 φυλάττοντες.

320 1582 526 1638 Καβάὸης
553 1584 597 1625 δὲ
623 1581 642 1625 ὅ
671 1588 744 1625 τοῦ
763 1582 952 1640 Περόζου
983 1583 1160 1635 ὕστατος
1194 1583 1304 1636 υἱός,
1349 1588 1423 1640 τῆς
1449 1584 1662 1639 βασιλείας
1674 1593 1719 1628 20

129 1659 161 1694 C
182 1652 453 1711 δραξάμενος,
478 1653 540 1695 ἐπὶ
561 1652 606 1695 τὸ
628 1651 860 1710 βιαιότερον
882 1658 934 1711 τῇ
955 1654 1062 1710 ἀρχῇ
1083 1657 1229 1712 ἐχρᾶτο
1251 1656 1319 1696 καὶ
1339 1654 1474 1704 κοινὰς
1496 1654 1570 1704 τὰς
1589 1671 1665 1709 γυ-

179 1730 323 1774 ναῖκας
342 1723 638 1777 ἐνομοθέτησεν
658 1722 773 1776 ἔχειν.
807 1722 907 1765 ὅθεν
929 1724 1141 1780 οἶΠέρσαι
1162 1729 1306 1766 τοῦτον
1318 1727 1396 1777 τῆς,
1409 1723 1539 1780 ἀρχῆς
1558 1722 1666 1778 ἀπή-

183 1796 314 1837 λασαν
342 1794 412 1835 καὶ
439 1791 636 1847 δήσαντες
657 1794 712 1842 εἷς
736 1791 923 1850 φυλακὴν
943 1793 1016 1848 τὴν
1039 1794 1256 1850 λεγομένην
1275 1790 1438 1849 Λήθην
1460 1793 1665 1848 ἐνέβαλον,

183 1970 316 2008 amavit
342 1974 378 2006 et
401 1969 694 2017 pulchritudinem
718 1974 890 2017 perpetuo
915 1971 1086 2007 assectari
1108 1971 1246 2017 coepit3
1269 1974 1307 2006 et
1324 1982 1533 2017 quocunque
1551 1972 1666 2008 undae

184 2018 337 2074 pectinis
361 2018 527 2052 concham
548 2019 724 2064 ferebant,
749 2030 791 2052 eo
817 2018 914 2053 canis
938 2030 1080 2064 quoque
1106 2018 1299 2064 perniciosi
1322 2019 1499 2053 cuiusdam
1523 2020 1665 2054 daemo-

186 2066 242 2101 nis
275 2064 428 2119 impulsu
455 2065 708 2099 bacchabatur.
753 2066 791 2100 id
817 2065 1014 2111 prodigium
1040 2066 1197 2111 piscator
1218 2065 1358 2111 quidam
1382 2065 1667 2100 animadvertens

186 2112 311 2147 statuit
336 2111 510 2158 pectinem
532 2111 692 2146 machina
716 2112 862 2157 quadam
885 2112 1116 2158 depraedari.
1148 2123 1270 2147 verum
1303 2111 1399 2146 canis
1423 2123 1493 2146 non
1521 2124 1667 2147 conces-

186 2158 256 2203 sit,
293 2160 356 2193 sed
388 2163 526 2204 raptum
558 2158 732 2213 pectinem
762 2159 799 2192 in
832 2160 1042 2214 profundum
1072 2171 1184 2204 aquae
1211 2160 1371 2194 abduxit.
1417 2158 1566 2213 proinde
1589 2158 1668 2204 regi

182 2205 371 2240 Persarum
399 2205 443 2239 de
467 2204 726 2250 pulchritudine
749 2205 959 2250 margaritae
979 2206 1135 2251 piscator
1157 2207 1282 2249 refert,
1306 2205 1409 2250 isque
1432 2205 1466 2240 ei
1483 2206 1581 2240 viros
1603 2206 1668 2240 ad-

182 2252 318 2296 iuno-it,
353 2251 414 2298 qui
445 2251 482 2286 in
516 2264 557 2286 eo
583 2252 788 2297 capiendo·
778 2253 849 2299 ipsi
871 2253 1000 2287 adsint.
1050 2264 1125 2287 cum
1148 2253 1192 2287 ad
1216 2264 1309 2286 mare
1333 2252 1486 2297 profecti
1511 2263 1576 2297 per
1601 2251 1667 2286 ali-

183 2305 271 2344 quot
295 2279 371 2333 dies
395 2298 603 2344 praestolati
627 2304 765 2343 essent,
801 2300 950 2344 contigit
984 2303 1024 2334 ut
1053 2299 1149 2334 canis
1182 2298 1438 2344 aliquantisper
1470 2299 1669 2334 secederet.

183 2350 256 2380 tum
280 2345 437 2391 piscator
460 2345 576 2379 statim
599 2357 678 2380 sese
702 2345 739 2379 in
755 2357 881 2390 aquam
897 2346 1031 2390 iniecit,
1051 2352 1087 2381 et
1103 2346 1148 2380 ad
1163 2346 1307 2380 fundum
1330 2345 1466 2380 delatus
1492 2345 1667 2391 pectinem

184 2403 261 2426 cum
295 2392 423 2426 unione
457 2391 628 2437 arripuit,
650 2404 870 2447 sursumque
902 2393 1084 2438 enatavit,
1120 2399 1263 2427 exserta
1286 2404 1387 2426 manu
1412 2403 1482 2436 qua
1504 2392 1668 2426 unionem

182 2440 348 2482 tenebat,
384 2450 487 2484 quem
521 2445 557 2473 et
577 2438 694 2473 statim
719 2438 745 2472 ii
770 2440 831 2484 qui
858 2440 1006 2474 aderant
1031 2439 1065 2474 ei
1088 2440 1305 2494 eripuerunt.
1337 2438 1558 2493 priusquam
1581 2450 1667 2473 vero

182 2484 221 2519 in
246 2486 395 2520 lembum
422 2485 578 2531 piscator
597 2485 750 2520 evadere
776 2491 919 2531 posset,
946 2486 1156 2541 supervenit
1181 2484 1278 2520 canis
1302 2484 1535 2530 miserumque
1557 2484 1669 2519 devo-—

183 2532 291 2567 ravit.
338 2532 422 2567 unio
446 2533 491 2567 ad
515 2544 634 2577 regem
659 2531 783 2566 allatus
810 2540 884 2576 est;
908 2533 970 2578 qui
993 2533 1068 2567 eius
1092 2531 1292 2579 spectaculo
1318 2530 1525 2576 delectatus,
1548 2531 1668 2578 pisca-

183 2578 273 2612 toris
302 2578 393 2613 filios
425 2578 559 2623 magnis
583 2578 684 2613 donis
708 2579 841 2614 affecit.
891 2592 967 2614 eum
991 2579 1155 2614 unionem
1181 2585 1218 2614 ut
1240 2578 1431 2612 redimeret
1451 2577 1668 2613 Iustinianus

185 2635 351 2669 magnus,
387 2627 452 2660 100
482 2625 558 2659 auri
591 2625 699 2660 libras
732 2626 891 2661 barbaris
916 2626 1023 2661 misit.
1072 2637 1195 2660 verum
1218 2625 1245 2659 ii
1266 2630 1477 2660 recusarunt
1498 2625 1667 2670 vendere,

184 2677 408 2706 asservantes
434 2683 511 2706 eum
535 2672 571 2705 in
596 2673 733 2716 signum
758 2672 925 2708 Persicae
949 2672 1167 2721 stoliditatis.

278 2717 440 2752 Cabades
475 2724 590 2753 autem
613 2719 761 2754 Perozis
784 2719 923 2755 ultimus
948 2720 1041 2754 filius
1066 2731 1176 2764 regno
1199 2717 1334 2773 potitus
1357 2716 1506 2763 imperio
1528 2716 1669 2751 violen-

187 2762 257 2797 tius
278 2763 330 2797 uti
349 2765 478 2809 coepit,
501 2765 580 2810 lege
605 2765 709 2800 etiam
733 2765 824 2810 lata,
849 2778 941 2812 quae
966 2778 1095 2802 uxores
1118 2764 1277 2800 omnibus
1305 2764 1445 2799 iuberet
1470 2775 1548 2798 esse
1572 2775 1667 2798 com-

186 2820 320 2844 munes.
368 2811 488 2855 itaque
512 2811 645 2847 Persae
670 2811 704 2846 ei
726 2824 871 2857 regnum
895 2814 1118 2856 ademerunt,
1142 2811 1326 2857 ipsumque
1346 2810 1502 2845 vinctum
1525 2809 1563 2843 in
1588 2821 1664 2844 car-

187 2866 334 2902 cerem,
341 2856 403 2902 qui
425 2858 540 2894 hetha
564 2859 625 2904 (id
648 2864 704 2895 est
727 2859 886 2907 oblivio)
911 2859 1054 2906 dicitur,
1082 2839 1328 2902 cc'miecerunt3
1358 2869 1400 2894 ac
1423 2857 1568 2895 fratrem
1592 2855 1669 2891 eius
