1742 3184
198 187 298 240 272
653 211 658 216 ·
676 191 917 238 GEORGII
951 190 1197 236 CEDRENI

198 312 355 367 φεσθε,
388 307 706 364 κακοδαίμονες,·
736 312 823 359 πῶς
850 307 930 365 γὰρ
961 301 1101 359 οὗτος,
1135 305 1194 363 μὴ
1211 307 1284 363 τὴν
1302 304 1450 351 ἕαυτοῦ
1469 307 1673 365 σωτηρίαν

196 377 483 436 προγινώσκων
496 411 509 431 ,
534 378 581 422 τὸ
602 377 797 434 ἡμέτερον
818 376 1028 435 συμφέρον
1050 374 1384 433 προανήγγειλενς
1413 379 1448 420 εἴ
1468 376 1547 433 γὰρ
1567 375 1674 432 ἠδύ-

146 455 177 493 Β
200 466 297 492 νατο
331 448 559 506 προειδέναι
585 448 632 490 τὸ
657 448 828 503 μέλλον,
865 445 939 489 οὐκ
965 445 1016 489 ἂν
1038 448 1095 496 εἷς
1115 446 1186 489 τὸν
1209 445 1334 489 τόπον
1355 451 1499 490 τοῦτον
1519 441 1669 502 ossaf?

195 519 263 562 καὶ
287 522 417 562 ταῦτα
438 516 617 568 εἶπόντος
638 517 766 559 αὐτοῦ
786 513 1131 572 κατῃσχύι’3·ησαν
1149 514 1329 574 σφόδρα.

332 587 482 630 Πολλὰ
513 587 587 642 μὲν
619 581 690 628 οὖν
721 587 788 628 καὶ
821 584 927 627 ἄλλα
956 587 1087 644 μυρία
1116 583 1293 642 τρόπαια
1321 586 1389 628 καὶ
1421 581 1707 641 δυσδιήγηταό

196 657 266 699 καὶ
291 654 411 713 λόγον
434 654 731 712 ὑπερβαίνοντα
758 652 987 712 εἰργάσατο.
1056 656 1123 697 καὶ
1148 654 1218 697 διὰ
1240 659 1360 698 τοῦτο
1385 653 1540 709 πτηνὴν
1565 651 1674 711 πάρ-

197 727 316 768 δαλιν
346 723 368 768 ὅ
397 724 612 783 προφήτης
645 724 770 767 αὐτὸν
796 725 1039 782 προβλέπει,
1074 723 1120 767 τὸ
1153 723 1257 780 ταχὺ
1289 725 1357 767 καὶ
1390 722 1575 781 σφοδρὸν
1605 725 1675 766 καὶ

197 797 383 853 πυρῶδες
410 796 477 837 καὶ
505 795 551 837 τὸ
582 793 701 852 ἄφνω
732 795 948 849 διαπτῆναι
976 793 1050 849 τὴν
1079 794 1316 849 οἶκουμένην
1341 792 1446 848 μετὰ
1470 794 1675 851 τροπαίων

196 865 266 907 καὶ
289 866 400 919 νίκης
419 864 751 921 προϋποφαίνων.
819 862 967 919 ἤκουσε
992 863 1037 906 δὲ
1060 865 1132 905 καί
1151 880 1259 914 τινος
1284 860 1514 921 φιλοσόφου
1540 860 1675 905 εἶπόν-

197 950 268 983 ·τος
292 933 352 976 ὅτι
375 932 531 991 ἄπειροι
550 932 696 988 κόσμοι
716 934 815 985 εἶσί,
850 934 917 976 καὶ
935 930 1094 989 μεγάλα
1113 931 1307 983 στενάξας
1325 932 1403 990 ἔφη
1429 929 1535 974 “aefft‘
1559 931 1672 974 ἀπεί-
1687 937 1732 972 10

199 1019 283 1060 ρων
318 1001 444 1045 ὄντων
476 1004 579 1058 μηδ’
614 1001 702 1054 ἑνὸς
731 1001 809 1058 ἐγὼ
840 1000 1112 1059 κεκράτηκα.”
1185 1002 1313 1053 οὕτως
1335 997 1384 1058 ἦν
1404 998 1676 1058 μεγαλόφρων

199 1074 266 1114 καὶ
287 1069 576 1128 μεγαλόψυχος
597 1074 664 1114 καὶ
687 1070 887 1130 σώφρων·
914 1071 1178 1130 Ἀριστοτέλει
1197 1072 1277 1130 γὰρ
1295 1072 1577 1126 μαθητευθεὶς
1595 1074 1676 1111 πᾶ-

147 1151 179 1187 C
203 1159 280 1184 σαν
307 1141 470 1197 λογικὴν
498 1139 722 1196 ἐπιστήμην
752 1143 808 1192 εἷς
838 1140 963 1198 ἄκρον
990 1139 1231 1196 ἐπαιδεύθη.
1302 1142 1404 1198 φασὶ
1426 1140 1473 1183 δέ
1489 1156 1594 1189 τινες
1615 1137 1691 1182 ὅτι.

198 1211 303 1266 μετὰ
323 1210 397 1266 τὴν
417 1211 529 1266 νίκην
548 1210 730 1268 Δαρείου
751 1212 1003 1268 διαφθαρεὶς
1023 1210 1094 1253 τὸν
1112 1214 1208 1253 νοῦν
1229 1210 1330 1266 πρὸς
1349 1210 1422 1261 τὰς
1441 1213 1515 1252 τοῦ
1533 1206 1677 1264 σώμα-

198 1297 269 1331 τος
296 1277 448 1335 ἡδονὰς
476 1278 696 1323 oubam-‘hv
720 1277 741 1323 ὃ
764 1280 866 1336 μηδ’
894 1278 1170 1335 ἀνασχόμενος
1190 1278 1388 1338 πρότερον
1406 1279 1482 1330 τὰς
1494 1279 1676 1335 Δαρείου
1689 1286 1733 1322 15

197 1349 433 1406 θυγατέρας
460 1347 726 1401 θεάσασθαι,
754 1347 966 1407 Περσικήν
988 1367 1028 1392 τε
1052 1349 1201 1405 στολὴν
1227 1347 1495 1405 ἐνδυσάμενος
1515 1348 1679 1404 μυριόις

197 1419 301 1470 νέοις
337 1419 624 1476 ἕδορυφορεΐτο
664 1424 732 1462 καὶ
772 1420 1023 1476 τριακοσίαις
1056 1423 1286 1471 παλλακαῖς
1313 1419 1457 1476 ἐχρῆτο
1469 1450 1482 1470 ,
1521 1415 1577 1468 ὥς
1604 1416 1678 1472 τὴν

196 1487 491 1543 ΖΠακεδονικὴν
521 1493 659 1532 πᾶσαν
684 1493 766 1532 τῶν
791 1488 995 1542 βασιλέων
1027 1486 1252 1544 συνήθειαν
1274 1490 1331 1539 εἷς
1349 1487 1560 1545 Περσικὴν
1580 1503 1679 1542 μετ-

197 1561 344 1601 ελθεῖν.
414 1555 514 1600 ὅθεν
540 1560 609 1600 καὶ
637 1557 833 1617 ἐξάρχους
866 1557 1021 1615 ἄνδρας
1043 1562 1124 1601 τῶν
1144 1560 1443 1601 ΖΠακεδονικῶν
1460 1554 1679 1614 ταγμάτων

197 1627 408 1676 πλείστους
431 1626 575 1669 ἀνεῖλε.
1571 1656 1575 1662 .
1688 1638 1735 1674 20

330 1695 456 1739 Meu>
486 1696 531 1737 δὲ
558 1694 632 1751 τὴν
654 1692 921 1751 Ἀλεξάνδρου
944 1695 1132 1751 τελευτὴν
1154 1696 1210 1746 εἷς
1231 1693 1384 1744 πολλὰς
1404 1693 1534 1751 ἀρχὰς
1551 1691 1578 1749 ἦ
1597 1697 1679 1747 βα-

198 1765 328 1808 σιλεία
354 1764 481 1807 αὐτοῦ
505 1765 679 1822 διῃρέθη
690 1796 702 1816 ,
738 1766 806 1806 καὶ
828 1767 1063 1822 Περδίκκας
1085 1765 1159 1819 μέν
1178 1764 1252 1820 τὴν
1271 1765 1538 1814 ΖΠακεόονίας
1559 1764 1679 1819 ἔκλη-

143 1841 178 1878 Ι)
204 1831 365 1892 ρῶσατο
392 1836 627 1889 βασιλείαν,
658 1836 920 1889 Πτολεμαῖος
949 1835 993 1877 δὲ
1021 1832 1042 1877 ὅ
1065 1832 1218 1891 Λάγου
1243 1831 1458 1890 Αἰγύπτου
1481 1835 1548 1876 καὶ
1566 1832 1679 1876 Ἀλε-

197 1978 266 2002 ave
286 1961 418 2011 “quid’'
439 1965 577 2012 inquit,
606 1961 791 1999 “infelices
818 1977 872 2000 me
895 1965 1074 2011 culpatis?
1110 1978 1257 2013 quonam
1287 1965 1389 2000 modo
1413 1963 1490 2000 avis
1515 1976 1559 2000 ne
1583 1975 1681 1999 suam

197 2012 338 2059 quidem
363 2011 476 2058 ipsius
499 2012 644 2047 salutem
671 2012 881 2058 praevidens
908 2012 1008 2047 vobis
1039 2014 1253 2047 commodum
1284 2017 1441 2046 vestrum
1473 2011 1680 2046 denuntias-

198 2059 283 2094 set?
323 2070 415 2104 quae
437 2059 558 2095 futura
580 2070 771 2104 praenosse
794 2058 989 2103 quivisset,
1018 2071 1193 2107 nunquam
1217 2059 1381 2106 profecto
1400 2058 1468 2093 huc
1486 2053 1684 2095 venisset?

198 2105 266 2140 hoc
288 2105 384 2140 dicto
407 2117 570 2151 magnum
594 2104 640 2139 iis
662 2106 832 2152 pudorem
852 2105 1016 2141 incussit.

292 2174 423 2210 Verum
453 2174 654 2209 Alexander
675 2173 831 2208 infinitas
854 2174 941 2209 alias
968 2174 1138 2209 victorias
1162 2176 1433 2209 commemoratu
1457 2171 1620 2207 difficiles
1647 2176 1684 2207 et

198 2221 326 2267 quavis
359 2221 520 2256 oratione
548 2220 750 2267 superiores
772 2221 922 2255 rettulit.
968 2221 1089 2266 itaque
1114 2233 1191 2255 eum
1215 2226 1316 2256 vates
1340 2225 1482 2255 sanctus
1506 2218 1684 2264 praevidit

198 2267 320 2313 specie
350 2267 503 2303 volantis
530 2266 707 2314 pardalis,
737 2267 952 2302 celeritatem
971 2268 1131 2303 nimirum
1150 2280 1192 2302 ac
1216 2268 1315 2302 velut
1331 2267 1470 2312 igneam
1490 2266 1682 2300 vehemen-

197 2314 283 2349 tiam
314 2314 566 2359 praesagiens,
600 2325 671 2359 qua
693 2313 724 2348 is
750 2318 826 2348 erat
849 2314 966 2348 subito
991 2315 1152 2349 mundum
1176 2313 1338 2349 victoriis
1365 2319 1401 2348 et
1422 2312 1579 2358 tropaeis
1607 2311 1682 2346 suis

197 2360 458 2406 pervolaturus.
514 2360 607 2395 idem
639 2359 838 2395 Alexander
873 2372 950 2395 curu
984 2362 1028 2395 de
1064 2362 1214 2406 quodam
1247 2359 1456 2406 philosopho
1487 2357 1684 2393 audivisset

197 2408 346 2442 mundos
371 2419 450 2442 esse
472 2406 652 2451 infinitos,
677 2406 748 2442 alte
771 2407 875 2442 ducto
900 2407 1033 2452 gemitu
1056 2403 1116 2442 “et
1137 2403 1227 2452 ego⁹³
1249 2407 1301 2441 ait
1323 2403 1392 2441 “ne
1413 2417 1518 2440 unum
1542 2404 1682 2450 quidem

198 2453 312 2487 adhuc
342 2450 504 2499 subegi.''
551 2455 640 2488 adeo
673 2452 911 2498 magnanimus
936 2460 1014 2488 erat
1036 2460 1142 2500 atque
1165 2460 1384 2499 temperans:
1418 2458 1495 2486 erat
1518 2451 1610 2487 enim
1636 2452 1681 2485 ab

199 2499 390 2534 Aristotele
425 2500 519 2535 omni
551 2499 712 2535 doctrina
746 2500 967 2534 informatus.
1015 2512 1086 2535 non
1117 2501 1246 2534 desunt
1267 2499 1327 2545 qui
1351 2510 1428 2533 eum
1453 2497 1563 2533 Dario
1586 2497 1682 2532 victo

199 2545 237 2578 in
260 2546 415 2580 deterius
439 2552 594 2581 mutasse
622 2546 771 2580 animum
795 2558 836 2580 ac
859 2558 900 2581 se
926 2546 1167 2595 voluptatibus
1189 2545 1348 2591 corporis
1376 2544 1555 2580 dedidisse
1582 2545 1680 2578 affir-

201 2597 315 2625 ment:
350 2593 479 2627 etenim
509 2593 571 2638 qui
601 2592 691 2631 olim.
705 2592 803 2627 Darii
829 2592 920 2627 filias
944 2605 989 2628 ne
1013 2593 1137 2627 videre
1157 2592 1296 2638 quidem
1315 2591 1556 2634 sustinuisset,
1592 2590 1623 2624 is
1647 2594 1683 2625 et

200 2636 346 2671 Persico
371 2640 497 2674 amictu
521 2644 647 2685 postea
669 2651 753 2674 usus
774 2640 894 2674 decem
918 2639 1015 2674 milia
1038 2640 1202 2674 iuvenum
1224 2637 1397 2685 praesidii
1423 2636 1499 2671 loco
1523 2637 1618 2671 circa
1642 2649 1682 2671 se

202 2682 326 2717 habuit
348 2696 390 2717 ac
412 2686 481 2720 300
501 2686 688 2731 pellicibus
717 2697 801 2722 usus
827 2691 904 2731 est,
938 2686 1273 2731 Macedonicamque
1305 2695 1427 2731 regum
1456 2683 1682 2719 consuetudi-

201 2739 283 2782 nem
307 2740 451 2773 prorsus
474 2732 511 2766 in
536 2732 714 2767 Persicam
732 2732 892 2767 mutavit.
941 2744 1010 2778 qua
1027 2733 1071 2768 de
1091 2743 1197 2767 causa
1214 2730 1319 2768 etiam
1343 2730 1536 2777 permultos
1558 2730 1679 2764 Mace-

202 2774 320 2809 domei
348 2777 522 2812 exercitus
546 2780 710 2815 ductores
732 2779 927 2814 interfecit.

294 2842 437 2878 Mortuo
459 2846 656 2882 Alexandro
679 2860 826 2894 regnum
850 2848 924 2883 eius
946 2846 982 2882 in
1002 2846 1129 2881 multas
1153 2844 1302 2881 divisum
1328 2849 1384 2880 est
1406 2850 1541 2890 partes,
1591 2845 1679 2878 Per-

201 2887 323 2927 diccae
341 2889 605 2932 Macedonicum
619 2906 766 2941 regnum
785 2902 884 2933 sorte
906 2894 1048 2942 obtigit,
1070 2892 1271 2931 Ptolemaeo
1294 2891 1386 2938 Lagi
1405 2891 1477 2929 filio
1496 2893 1680 2938 Aegyptus
