1742 3184
168 186 269 235 616
517 230 520 235 ,
653 182 893 230 GEORGII
927 179 1175 227 CEDRENI

171 303 355 358 ἐποίησε,
397 303 465 345 καὶ
495 299 712 357 Ζηνωὸίαν
738 297 816 353 τὴν
844 294 992 341 ἑαυτοῦ
1018 294 1198 353 γαμετὴν
1215 292 1463 352 Λῦγοῧσταν
1488 291 1648 350 ἴστεψε,

171 375 238 418 καὶ
260 372 416 422 εὐθέως
438 371 543 414 κατὰ
564 374 636 425 τῆς
659 369 832 419 πίστεως
850 364 1120 424 παρετάξατο.
1187 364 1333 410 τούτου
1355 365 1400 408 δὲ
1426 364 1650 422 ἀναγορευ-

171 443 318 494 θέντος
346 440 367 484 ὃ
394 440 559 496 συμβὰς
581 437 821 494 ἐμπρησμὸς
839 436 944 479 κατὰ
966 435 1041 491 τὴν
1069 434 1187 478 πόλιν
1206 434 1251 478 τὸ
1274 432 1557 492 ἀνθηρότατον
1572 434 1649 488 με’-

173 530 245 570 ρος
269 512 523 569 διέφθειρεν·
558 510 600 551 ἓν
631 507 710 565 γὰρ
741 511 801 565 τῷ
829 506 941 564 μέσῳ
964 510 1045 549 τῶν
1067 506 1396 561 Χαλκοπρατίων
1424 502 1649 558 ἀρξάμενος

119 591 150 627 C
176 580 303 632 αὐτάς
324 598 366 623 τε
389 578 596 622 ἀνάλωσεν
616 576 743 634 ἄμφω
765 576 840 627 τὰς
861 574 985 626 στοὰς
1004 576 1072 617 καὶ
1100 574 1152 617 τὰ
1181 578 1360 631 προσεχῆ
1386 571 1541 625 πάντα,
1575 571 1682 627 τήν5

174 668 218 694 τε
248 649 499 704 καλουμένην
526 644 756 702 βασιλικήν,
801 646 844 688 ἓν
872 639 900 703 ᾗ
932 645 1114 687 ἀπέκειτο
1140 641 1391 698 βιβλιοθήκη
1412 642 1561 698 ἔχουσα
1582 643 1652 696 βί-

174 725 302 777 βλους
322 716 529 775 μυριάδας
550 715 731 768 δώδεκα,
766 714 867 770 μεθ’
898 708 954 758 ὧν
978 715 1151 767 βιβλίων
1179 714 1246 755 καὶ
1269 712 1315 755 τὸ
1335 716 1407 755 τοῢ
1432 710 1654 768 δράκοντος

177 791 312 846 ἕτερον
333 789 472 831 ποδῶν
488 784 633 829 ἑκατὸν
653 785 816 836 εἴκοσιν,
843 784 885 826 ἓν
904 777 939 844 ᾧ
959 777 1010 838 ἦν
1026 783 1284 840 γεγραμμένα
1306 781 1358 824 τὰ
1379 785 1452 824 τοῦ
1468 778 1652 837 Ὁμήρου

175 857 400 914 ποιήματα,
435 855 521 912 ἥτε
533 854 656 906 Ἰλιὰς
675 856 742 897 καὶ
765 851 1040 909 ἡὈδῦσσεια,
1071 852 1262 910 χρυσέοις
1282 849 1520 908 γράμμασι,
1549 850 1654 904 μετὰ

175 930 244 971 καὶ
266 931 338 982 τῆς
359 926 540 983 ἱστορίας
562 929 635 980 τῆς
652 929 733 967 τῶν
751 921 900 981 ἡρώων
914 921 1111 980 πράξεως.
1170 921 1413 978 συνέφθειρε
1434 921 1479 963 δὲ
1495 921 1562 962 καὶ
1583 923 1655 974 τῆς
1668 927 1712 962 10

173 997 303 1053 με’σης
331 1001 412 1039 τῶν
439 995 648 1038 παλατίων
668 992 921 1050 ἑκατέρωθεν
943 996 1067 1042 στοᾶς
1089 992 1158 1034 καὶ
1177 995 1258 1034 τῶν
1275 988 1458 1033 Λαύσου
1483 989 1536 1032 τὰ
1554 989 1657 1032 κάλ-

175 1071 296 1109 λιστα
317 1063 595 1120 ἀναθήματα·
631 1062 765 1105 πολλὰ
798 1062 878 1119 γὰρ
907 1066 988 1104 τῶν
1019 1061 1200 1118 ἀρχαίων
1232 1057 1479 1115 ἀγαλμάτων
1507 1058 1658 1102 αὐτόθι

175 1137 374 1194 ἓνίδρυτο,
408 1138 482 1190 τῆς
503 1134 749 1191 Ἀφροδίτης
768 1136 842 1186 τῆς
861 1133 903 1174 ἐν
923 1132 1062 1189 Κνίδῳ
1083 1130 1128 1173 τὸ
1148 1128 1405 1185 περιβόητον,
1429 1131 1496 1171 καὶ
1515 1129 1560 1171 τὸ
1586 1132 1661 1184 τῆς

176 1205 501 1262 Σαμίας”Ὴρας,
515 1204 582 1245 καὶ
597 1203 642 1245 τὸ
657 1206 731 1257 τῆς
740 1202 923 1251 Λινδίοις
933 1201 1114 1255 Ἀθηνᾶς
1133 1201 1175 1250 ἒξ
1193 1198 1320 1254 ἄλλης
1337 1199 1452 1253 ὕλης,
1472 1197 1663 1254 ἦν’Άμα-

124 1281 157 1316 Ι)
182 1292 245 1325 σις
264 1273 285 1317 ὅ
308 1278 389 1317 τῶν
401 1273 639 1329 Αἰγυπτίων
658 1270 853 1325 βασιλεὺς
873 1274 932 1328 τῷ
950 1274 1072 1328 σοφῷ
1084 1267 1333 1326 Κλεοβούλῳ
1352 1268 1573 1320 ἀπέστειλε,
1593 1269 1659 1310 καὶ
1673 1274 1716 1311 15

175 1344 281 1386 ἄλλα
301 1344 443 1399 μυρία.
480 1342 682 1399 ἐπέδραμε
702 1341 746 1383 δὲ
767 1340 813 1383 τὸ
834 1344 915 1396 πῦρ
936 1341 1003 1382 καὶ
1024 1340 1147 1396 μέχρι
1168 1343 1243 1382 τοῦ
1259 1338 1510 1393 καλουμένου
1529 1335 1661 1395 φόρου

175 1418 249 1457 τοῦ
267 1412 446 1469 μεγάλου
461 1411 787 1454 Κωνσταντίνου.
837 1408 906 1451 διά
927 1425 989 1452 τοι
1010 1413 1141 1451 ταῦτα
1162 1411 1378 1462 μισεῖσθαι
1398 1407 1469 1450 τὸν
1489 1407 1662 1449 Βασιλί-

178 1501 277 1527 σκον
308 1483 458 1537 συνέβη
486 1481 600 1538 παρὰ
627 1479 763 1534 πάσης
780 1483 854 1533 τῆς
873 1476 1049 1530 πόλεως,
1086 1476 1326 1534 ἐμπρησμὸν
1350 1475 1665 1520 ἀποκαλούντων

179 1552 304 1595 αὐτὸν
316 1554 471 1608 καὶτῆς
482 1551 693 1605 βασιλείας
707 1546 942 1606 ἀφανισμόν
953 1561 963 1571 ·
985 1546 1007 1591 ὃ
1027 1547 1105 1604 γὰρ
1119 1548 1359 1601 βασιλίσκος
1371 1545 1417 1589 τὸ
1434 1547 1581 1604 θηρίον
1597 1548 1664 1589 καὶ

179 1620 200 1664 ὁ
220 1621 460 1680 ἐμπρησμὸς
473 1619 666 1677 ἰσόψηφα
680 1616 936 1675 τυγχάνουσι.
968 1616 1118 1674 γράφει
1131 1618 1264 1659 τοίνυν
1282 1614 1308 1671 ’ἢ
1324 1614 1546 1671 σύγκλητος
1562 1616 1664 1673 πρὸς
1675 1625 1723 1660 20

181 1691 381 1746 Ζήνωνα,
417 1692 484 1733 καὶ
507 1689 756 1745 προσλαβὼν
779 1690 927 1738 ἐκεῖνος
942 1686 1071 1729 Ἰλλόν
1093 1703 1135 1729 τε
1157 1688 1224 1728 καὶ
1246 1685 1343 1736 τοὺς
1361 1684 1574 1742 Ἰσαύρους
1597 1688 1665 1728 καὶ

178 1758 408 1810 Λυκάονας
423 1761 492 1802 καὶ
515 1758 667 1808 ἄλλους
687 1757 776 1800 ὅσοι
795 1757 899 1813 πρὸς
918 1757 992 1806 τὰς
1012 1756 1273 1808 καινοτομίας
1295 1752 1524 1808 ἐπτόηνται,
1541 1754 1666 1798 ἐπάν-

184 1845 284 1872 εισιν
323 1831 387 1872 ἐπὶ
429 1829 476 1872 τὸ
506 1826 732 1879 Βυζάντιον
761 1825 865 1879 μετὰ
892 1824 1030 1881 χειρὸς
1057 1828 1296 1878 βασιλικῆς,
1343 1825 1411 1866 καὶ
1441 1822 1563 1866 πάλιν
1595 1830 1668 1880 τῆς

36 1904 67 1939 Ρ
92 1906 162 1943 352
185 1900 423 1957 τυραννίδος
452 1894 770 1951 ἐπιλαμβάνεται
800 1895 868 1949 (οὗ
891 1893 970 1953 γὰρ
992 1894 1093 1950 λέγω
1114 1894 1360 1949 βασιλείας),
1393 1898 1462 1936 καὶ
1486 1893 1555 1937 τὸν
1578 1897 1668 1937 Βα-

275 2008 301 2043 8
324 2005 473 2052 ἔντερον
500 2006 671 2041 Zonaras.
718 2015 840 2049 margo
866 2002 895 2038 P

181 2101 245 2144 lat,
272 2103 307 2135 et
331 2099 523 2134 Zenodiam
548 2108 693 2132 uxorem
718 2108 816 2132 suam
839 2095 1019 2140 Augustae
1043 2105 1175 2130 corona
1200 2100 1365 2139 exornat3
1395 2107 1437 2131 ac
1460 2096 1578 2135 statim
1606 2110 1675 2132 ve-

182 2159 244 2182 rae
274 2146 438 2191 religioni
462 2145 589 2180 bellum
613 2144 716 2179 facit.
764 2143 831 2177 hoc
851 2142 1067 2188 imperatore
1091 2147 1210 2177 creato
1235 2142 1433 2178 incendium
1458 2143 1671 2179 florentissi-

182 2205 272 2228 mam
298 2192 396 2227 urbis
421 2198 554 2238 partem
580 2189 787 2235 absumpsit.
836 2195 950 2224 ortum
981 2189 1072 2222 enim
1104 2201 1125 2223 a
1154 2190 1278 2224 mediis
1300 2189 1560 2235 Chalcopratiis
1596 2202 1673 2225 cum

184 2246 370 2284 utramque
395 2239 587 2286 porticum,
612 2243 684 2272 tum
709 2235 875 2281 contigua
899 2235 1013 2269 omnia
1038 2240 1073 2269 et
1097 2235 1278 2270 basilicam
1305 2236 1516 2281 devoravit,
1543 2238 1580 2271 in
1604 2249 1675 2283 qua

182 2286 254 2320 fuit
278 2285 496 2321 bibliotheca
514 2285 682 2319 librorum
704 2283 798 2317 milia
825 2283 892 2318 120
915 2281 1121 2325 continens;
1154 2282 1248 2316 inter
1276 2294 1364 2327 quos
1390 2283 1501 2317 libros
1525 2282 1674 2319 fuit'et-

185 2334 254 2367 iam
276 2332 439 2367 draconis
463 2332 689 2375 intestinum,
726 2330 836 2375 pedes
864 2329 929 2363 120
953 2328 1115 2373 longum,
1153 2329 1210 2363 cui
1232 2329 1379 2363 Homeri
1403 2336 1565 2375 poemata
1590 2330 1674 2365 Ilias

188 2386 226 2414 et
247 2379 400 2424 Ulyssea
420 2379 538 2413 aureis
556 2378 670 2412 literis
689 2377 831 2411 fuerant
853 2375 1045 2420 inscripta,
1072 2386 1148 2409 cum
1172 2375 1321 2409 historia
1342 2387 1458 2410 rerum
1486 2378 1528 2411 ab
1554 2377 1675 2411 heroi-

187 2427 253 2461 bus
279 2433 469 2471 gestarum.
519 2424 676 2470 perdidit
707 2435 776 2457 una
808 2421 912 2456 etiam
947 2422 1084 2456 mediae
1117 2422 1154 2456 in
1181 2421 1319 2467 palatiis
1344 2423 1466 2456 domus
1490 2429 1674 2468 utramque

186 2472 373 2518 porticum,
401 2478 437 2506 et
460 2471 497 2506 in
522 2472 638 2506 Lauso
665 2468 898 2514 pulcherrima
920 2468 1081 2506 donaria.
1130 2468 1182 2503 ibi
1204 2468 1294 2503 enim
1321 2468 1428 2503 multa
1451 2470 1675 2515 antiquorum

188 2519 450 2554 simulacrorum
475 2523 577 2553 erant
599 2518 728 2562 posita,
756 2521 794 2551 ut
815 2521 933 2550 statua
956 2515 1015 2549 illa
1040 2514 1169 2550 nobilis
1192 2514 1343 2549 Gnidiae
1370 2515 1542 2560 Veneris,
1570 2517 1674 2550 item·

188 2576 257 2608 que
282 2566 421 2599 Samiae
441 2565 599 2608 Iunonis,
624 2569 662 2597 et
681 2563 750 2597 alia
773 2574 816 2596 ex
839 2562 987 2595 materia
1005 2561 1157 2596 Lindiae
1182 2562 1384 2604 Minervae,
1411 2574 1513 2607 quam
1537 2563 1674 2598 Amasis

188 2612 444 2657 Aegyptiorum
474 2623 537 2646 rex
564 2610 718 2655 sapienti
750 2608 921 2644 Cleobulo
957 2607 1121 2651 miserat,
1157 2607 1295 2653 aliaque
1318 2608 1469 2643 infinita.
1518 2609 1677 2643 excurrit

189 2656 281 2701 ignis
305 2658 409 2692 etiam
434 2669 545 2703 usque
570 2658 613 2691 ad
637 2657 751 2690 forum
777 2654 1002 2690 Constantini
1026 2653 1156 2698 magni.
1205 2661 1396 2700 eapropter
1421 2655 1458 2690 in
1483 2656 1565 2690 odio
1594 2655 1674 2690 uni-

190 2714 372 2740 versorum
397 2704 526 2739 civium
549 2703 618 2738 fuit
641 2702 855 2745 Basiliscus,
889 2701 1160 2746 incendiumque
1184 2706 1219 2735 et
1247 2701 1388 2735 eversio
1417 2702 1514 2736 urbis
1539 2713 1674 2747 cogno-

191 2748 362 2784 minatus:
389 2763 466 2785 nam
491 2751 694 2785 alludebant
715 2749 760 2783 ad
782 2747 941 2783 basilisci
963 2748 1139 2793 serpentis
1160 2759 1283 2781 nomen
1309 2754 1346 2782 et
1364 2753 1536 2783 naturam.
1586 2748 1676 2783 scri-

192 2796 247 2831 bit
267 2796 376 2840 igitur
400 2798 444 2831 ad
469 2797 647 2831 Zenonem
671 2802 828 2839 senatus,
852 2794 954 2839 isque
978 2793 1041 2828 Illo
1065 2794 1200 2828 Isauris
1225 2799 1261 2828 et
1283 2794 1514 2839 Lycaonibus
1541 2806 1678 2830 assum-

191 2841 275 2886 ptis,
304 2842 456 2888 aliisque
479 2844 525 2878 ad
549 2854 717 2877 novarum
737 2853 852 2876 rerum
879 2840 1093 2875 molitionem
1117 2840 1316 2886 propensis,
1346 2840 1444 2885 regio
1469 2853 1545 2876 cum
1570 2853 1677 2875 exer-

191 2887 265 2924 citu
280 2889 325 2923 ad
341 2889 461 2923 urbem
475 2890 625 2935 accedit,
641 2899 836 2933 rursusque
854 2887 1079 2934 tyrannidem
1097 2886 1196 2932 (quis
1215 2886 1308 2922 enim
1328 2887 1427 2923 dicat
1444 2887 1628 2935 imperium
1639 2889 1676 2933 2)
