1742 3184
205 166 304 215 398
689 171 929 216 GEORGII
963 171 1211 216 GEDRENI

203 281 466 343 ἐρημώσεως,
504 286 709 330 συντέλεια
751 285 973 343 δοθήσεται
1013 289 1077 331 ἐπὶ
1115 287 1189 343 τὴν
1227 285 1432 346 ἐρήμωσιν
1438 287 1487 342 ,²²
1533 287 1681 344 εἰκόνες

55 356 86 392 Ρ
110 359 180 397 227
202 356 306 406 τινὲς
326 359 402 398 τοῦ
419 357 652 415 Καίσαρος,
685 356 1009 414 ἅπηγορευμέναι
1027 362 1086 416 τῷ
1101 356 1214 416 νόμῳ
1226 390 1239 410 ,
1271 361 1328 408 εἷς
1344 358 1415 401 τὸν
1430 357 1529 402 ναὸν
1547 361 1679 401 εἴσκο-

199 423 411 481 μιζόμεναι
430 425 543 482 παρὰ
562 431 634 469 τοῦ
648 425 851 470 Πιλάτου.
920 429 988 470 καὶ
1011 429 1081 469 ἳνα
1102 427 1160 483 μὴ
1181 428 1401 482 νομίσωσιν
1420 428 1458 470 οἶ
1477 427 1678 471 Ἰουδαῖοι

199 493 323 536 πάλιν
350 494 646 551 ἀπολήψεσθαι
675 494 746 538 τὸν
770 497 869 539 ναὸν
898 499 965 539 καὶ
992 497 1067 552 τὴν
1094 495 1212 539 πόλιν
1244 498 1313 540 καὶ
1345 497 1418 552 τὴν
1451 498 1677 551 βασιλείαν,

199 562 397 620 ἐπήγαγεν
431 563 451 607 ὃ
484 563 699 622 προφήτης
722 563 820 608 “zai
854 566 927 617 ἕως
958 568 1185 617 συντελείας
1205 571 1354 624 καιροῦ
1375 567 1581 610 συντέλεια
1605 569 1711 610 δο-6

197 632 375 689 θήσεται
406 635 470 676 ἐπὶ
493 634 566 689 τὴν
588 633 840 691 ἐρήμωσιν.”
912 637 988 686 ἕως
1003 635 1081 693 γάρ
1103 653 1204 693 φησι
1224 641 1296 691 τῆς
1312 640 1386 679 τοῦ
1405 635 1561 691 κόσμου
1581 654 1680 679 συν-

196 704 351 754 τελείας
379 701 405 759 ῆ
436 707 509 758 τῆς
536 702 780 761 ἐρημώσεως
806 706 1012 748 συντέλεια
1043 706 1178 760 μένει,
1213 705 1446 761 μεταβολὴν
1477 705 1678 761 οὖ-δεχο-

195 772 311 828 μένη.
380 777 501 815 τοῦτο
531 775 598 815 καὶ
629 774 772 829 Δαβὶδ
799 774 878 831 ἔφη
908 773 982 818 “gv
1011 775 1114 832 ὀργῇ
1146 777 1396 827 συντελείας,
1442 777 1510 818 καὶ
1541 776 1588 818 οὗ
1617 776 1676 830 μὴ

194 840 431 899 ὖπάρξωσι·
467 844 536 884 καὶ
565 842 788 898 γνώσονται
819 843 881 887 ὅτι
911 842 932 887 ὃ
963 845 1062 895 θεὸς
1098 843 1280 897 δεσπόζει
1312 849 1387 887 τοῦ
1414 843 1574 899 Ἰακώβ
1606 847 1676 887 καὶ

193 916 277 954 τῶν
301 910 488 968 περάτων
515 917 588 967 τῆς
613 913 731 969 γῆς.”
802 915 894 971 περὶ
915 912 1065 969 ταύτης
1085 915 1163 971 γὰρ
1183 919 1255 969 τῆς
1273 912 1445 969 ἐσχάτης
1462 918 1673 970 αἷχμαλω-
1689 919 1733 954 10

193 981 288 1031 σίας
305 986 387 1024 τῶν
403 980 674 1038 ταλαιπώρων
688 983 907 1026 Ἰουδαίων
926 985 994 1026 καὶ
1012 982 1037 1039 ἦ
1055 981 1251 1041 θεολόγος
1266 983 1345 1041 ἔφη
1362 988 1542 1040 γλῶττα·
1574 986 1676 1042 φησὶ

192 1048 272 1108 γάρ
302 1048 407 1093 ι(τοῦ
425 1056 606 1108 σταυροῦ
626 1053 728 1109 πρὸς
745 1052 819 1109 τὴν
839 1051 1012 1108 ἐσχάτην
1035 1053 1184 1105 αὐτοὺς
1205 1052 1443 1104 ἐλαύνοντος
1467 1052 1675 1105 ἀπόνοιαν,

141 1125 172 1160 Β
198 1119 248 1175 ἢν
279 1119 383 1163 κατὰ
415 1124 487 1163 τοῦ
516 1126 702 1178 σωτῆρος
730 1125 798 1164 καὶ
828 1127 934 1166 θεοῦ
963 1121 1078 1177 ὑμῶν
1106 1123 1410 1178 ἐπενοήθησαν,
1444 1123 1514 1166 τὸν
1537 1125 1579 1167 ἐν
1602 1123 1676 1166 ἇν-

193 1187 353 1247 θρώπῳ
387 1189 488 1233 θεὸν
524 1190 815 1247 ἀγνοήσαντες,
852 1194 920 1234 καὶ
949 1193 1023 1247 τὴν
1045 1191 1199 1250 ῥάβδον
1223 1192 1297 1248 τὴν
1319 1195 1493 1249 σιδηρᾶν
1510 1191 1675 1251 πόρρω-

191 1263 270 1302 θεν
294 1260 587 1316 ἀπειλουμένην
605 1261 745 1312 αὐτοῖς
768 1261 841 1319 ἐφ’
866 1259 1036 1313 ἑαυτοὺς
1059 1263 1268 1315 εἵλκυσαν,
1303 1262 1376 1318 τὴν
1404 1267 1477 1305 νῦν
1506 1264 1673 1320 ἐπικρα-
1686 1270 1730 1307 15

192 1332 345 1372 τοῧσαν
382 1329 515 1386 ἀρχὴν
555 1331 656 1387 λέγω
693 1332 761 1374 καὶ
786 1333 1028 1386 βασιλείαν,
1073 1333 1141 1374 καὶ
1175 1332 1250 1388 τὴν
1279 1333 1513 1375 τελευταίαν
1541 1333 1676 1375 αὐτῶν

190 1397 413 1454 ἀπαγωγὴν
442 1401 509 1441 καὶ
541 1400 864 1455 μετανάστασιν,
900 1403 968 1444 καὶ
990 1401 1061 1444 τὸν
1083 1407 1155 1444 νῦν
1177 1402 1424 1456 ἐπικείμενον
1447 1402 1585 1453 αὐτοῖς
1600 1406 1676 1457 Δτῆς

192 1469 378 1519 δουλείας
399 1466 538 1525 ζυγόν,
574 1471 641 1512 καὶ
665 1470 740 1526 τὴν
761 1468 1004 1527 περιβόητον
1021 1469 1328 1525 ὖπὸῬωμαίοις
1347 1472 1588 1514 ταπείνωσιν
1605 1473 1674 1514 καὶ

191 1537 422 1595 διασποράν
434 1570 447 1590 ,
481 1536 532 1593 ἣν
561 1556 603 1582 τε
633 1543 706 1582 νῦν
724 1538 878 1594 ἔχουσι
913 1541 980 1582 καὶ
1004 1538 1055 1594 ἣν
1075 1540 1139 1582 ἐπὶ
1160 1543 1347 1583 πλεῖστον
1368 1540 1517 1590 ἕξουσι.
1586 1541 1674 1583 πεί-

187 1611 325 1661 θομαι
346 1608 425 1664 γὰρ
445 1613 535 1658 ταῖς
553 1609 643 1665 περὶ
666 1609 800 1651 αὐτῶν
820 1609 1090 1666 προρρήσεσι·
1125 1610 1186 1660 τίς
1212 1607 1410 1666 θρηνήσει
1430 1609 1533 1667 πρὸς
1555 1609 1672 1662 ἀξίαν
1681 1618 1730 1654 20

187 1680 271 1718 τῶν
305 1674 490 1734 θρήνους
516 1675 690 1734 γράφειν
724 1676 889 1720 εἰδότων
911 1680 979 1720 καὶ
1000 1676 1147 1734 λόγους
1168 1679 1326 1729 ἐξισοῦν
1344 1676 1525 1733 πάθεσι,·
1559 1686 1674 1723 ποῖαι

186 1747 325 1800 βίβλοι
347 1749 476 1788 ταῦτα
492 1751 701 1803 χωροῦσι,·
736 1748 812 1801 μία
831 1745 959 1803 στήλη
981 1745 1141 1798 τούτοις
1159 1752 1233 1803 τῆς
1249 1752 1470 1806 συμφορᾶς
1488 1747 1513 1804 ἡ
1536 1750 1674 1793 οἴκου-

133 1825 164 1860 C
187 1815 287 1870 ,ιιένη
313 1818 450 1867 πᾶσα,
486 1816 589 1857 καθ’
617 1815 668 1870 ἢν
693 1814 952 1875 ἐσπάρησαν,
987 1819 1055 1859 καὶ
1077 1815 1102 1871 ἡ
1125 1819 1291 1875 λατρεία
1310 1819 1545 1874 πεπαυμένη
1554 1852 1567 1871 ,
1603 1822 1672 1862 καὶ

187 1884 315 1941 αὐτῆς
343 1888 418 1940 τῆς
442 1882 721 1943 Ἰερουσαλὴμ
742 1885 788 1929 τὸ
814 1885 969 1944 ἔδαφος
991 1885 1111 1942 μόλις
1133 1885 1472 1944 γινωσκόμενον.”
1545 1887 1566 1931 ὅ
1597 1884 1670 1932 οὖν

184 2044 305 2078 tuetur
329 2040 597 2077 abominandum
620 2041 800 2078 vastitatis
827 2041 985 2088 signum,
1020 2055 1062 2078 ac
1085 2042 1235 2079 vastitas
1256 2040 1546 2089 consummabit,'’
1578 2044 1670 2080 ima-

184 2088 306 2134 gines,
340 2088 479 2135 inquit,
514 2089 685 2134 quaedam
709 2089 899 2135 Caesaris,
930 2090 1056 2137 quibus
1080 2090 1160 2135 lege
1184 2090 1308 2125 divina
1329 2096 1408 2125 erat
1427 2090 1668 2138 interdictum,

184 2136 225 2170 in
258 2135 423 2181 templum
455 2147 477 2171 a
507 2136 626 2171 Pilato
658 2135 779 2171 illatae
811 2143 908 2174 sunt.
957 2149 999 2171 ac
1031 2149 1076 2172 ne
1107 2137 1309 2173 existiment
1337 2137 1461 2172 Iudaei
1483 2149 1522 2172 se
1545 2139 1669 2174 aedem

184 2183 308 2217 urbem
340 2194 558 2228 regnumque
589 2189 821 2229 recepturos,
859 2184 911 2219 ait
950 2189 1053 2219 vates
1091 2185 1270 2220 vastitatis
1303 2185 1382 2219 fore
1413 2184 1667 2230 perfectionem

182 2239 296 2274 usque
327 2229 373 2264 ad
403 2229 509 2264 finem
532 2229 688 2275 saeculi,
719 2230 910 2265 ostendens
926 2232 1130 2267 vastitatem
1148 2237 1340 2266 extremam
1363 2230 1442 2265 sine
1461 2230 1533 2266 ulla
1553 2239 1668 2267 muta-

183 2276 282 2310 tione
304 2287 417 2322 usque
439 2277 485 2311 ad
509 2277 614 2311 finem
639 2277 757 2311 mundi
784 2289 1059 2323 permansuram.
1107 2279 1202 2323 quod
1237 2283 1274 2313 et
1305 2277 1465 2313 Davidus
1495 2278 1670 2314 indicavit

180 2322 330 2365 (Psalm.
352 2323 436 2368 58)=
470 2319 532 2357 “in
564 2320 640 2358 ira.”
673 2322 791 2369 inquit
822 2320 1176 2370 “consummationis‚
1212 2330 1249 2360 et
1277 2337 1346 2359 non
1371 2330 1476 2359 erunt
1499 2325 1668 2383 amplius:

181 2373 290 2415 atque
323 2374 539 2415 cognoscent
574 2369 750 2405 dominum
781 2370 911 2405 Iacobo
948 2375 984 2405 et
1015 2371 1176 2406 terminis
1208 2376 1328 2406 terrae
1359 2370 1574 2417 imperare.’
1621 2373 1669 2409 de

181 2414 248 2449 hac
279 2421 437 2451 extrema
466 2417 674 2452 miserorum
705 2417 915 2452 Iudaeorum
936 2416 974 2451 in
994 2419 1201 2455 servitutem
1225 2418 1413 2453 abactione
1437 2418 1543 2453 etiam
1562 2419 1667 2455 theo-

180 2461 281 2506 logus
305 2462 357 2497 sic
380 2463 559 2510 loquitur:
585 2475 691 2498 cruce
714 2475 776 2499 eos
799 2464 844 2498 ad
868 2469 1057 2500 extremam
1080 2465 1247 2510 adigente
1267 2464 1491 2511 vaesaniam,
1512 2476 1584 2511 qua
1602 2467 1668 2501 ad-

179 2520 306 2543 versus
333 2516 552 2545 servatorem
575 2511 749 2556 deumque
779 2515 937 2546 nostrum
967 2512 1021 2546 usi
1047 2517 1149 2555 sunt,
1186 2512 1287 2547 deum
1322 2512 1473 2548 humana
1501 2512 1666 2549 amictum

181 2560 307 2590 natura
330 2555 557 2601 ignorantes,
586 2562 764 2603 sceptrum
784 2558 939 2592 ferreum
965 2558 1099 2594 eminus
1122 2558 1210 2604 ipsis
1235 2558 1370 2593 minans
1394 2564 1520 2594 contra
1542 2571 1582 2594 se
1605 2571 1668 2594 ac-

180 2601 356 2637 civerunt.
404 2603 450 2638 de
482 2615 574 2639 nunc
605 2604 790 2639 obtinente
819 2604 969 2649 imperio
1003 2605 1149 2652 loquor,
1190 2610 1228 2640 et
1262 2605 1473 2641 Iudaeorum
1507 2610 1664 2642 extremo

182 2647 329 2692 exsilio,
364 2660 555 2696 eorumque
584 2650 756 2686 hodierna
783 2651 957 2686 servitute
991 2664 1033 2686 ac
1065 2651 1317 2699 dissipatione,
1346 2663 1427 2697 rqua
1450 2663 1472 2687 a
1495 2653 1664 2688 Romanis

182 2693 346 2747 oppressi
364 2701 460 2731 sunt.
504 2707 610 2742 quam
637 2703 674 2732 et
696 2698 899 2732 duraturam
920 2698 1116 2734 diutissime
1139 2698 1291 2734 oraculis
1318 2698 1450 2733 divinis
1476 2699 1664 2735 credimus.

182 2750 341 2785 quisnam
376 2753 497 2777 eorum
529 2743 591 2788 qui
621 2743 890 2779 lamentationes
927 2745 1086 2780 scribere
1126 2751 1256 2780 norunt
1287 2750 1324 2780 et
1354 2745 1513 2780 miserias
1544 2746 1664 2780 verbis

180 2796 353 2830 aequare,
378 2784 523 2823 istorum
547 2789 634 2824 satis
656 2790 822 2836 deploret
843 2791 1048 2826 fortunam?
1081 2792 1143 2837 qui
1165 2791 1249 2827 libri
1271 2791 1341 2826 ista
1363 2792 1535 2838 capiant?
1569 2797 1667 2827 totus

182 2831 279 2866 orbis
314 2836 486 2869 terrarum
520 2834 557 2869 in
590 2847 692 2881 quem
716 2837 872 2884 dispersi
898 2843 999 2883 sunt,
1031 2838 1076 2873 iis
1101 2850 1164 2883 pro
1190 2838 1350 2873 columna
1371 2844 1429 2873 est
1449 2839 1487 2874 in
1509 2850 1580 2884 qua
1603 2851 1666 2872 eo-

180 2889 257 2914 rum
292 2878 471 2915 calamitas
502 2880 703 2928 incidatur3
736 2889 809 2920 tum
842 2883 995 2922 abolitus
1026 2885 1160 2931 cultus,
1196 2890 1233 2922 et
1264 2884 1376 2921 solum
1399 2886 1498 2926 urbis
1521 2885 1665 2931 cognitu
