1742 3184
220 208 318 256 152
699 175 941 253 GEoRGn
969 205 1216 252 cEDRENI

215 321 481 384 ὗφαινόντων.
544 319 807 368 Ἶωανάθαν·
853 317 973 373 οὗτος
1004 319 1218 381 ἐφόνευσεν
1251 319 1386 379 ἄνδρα
1419 318 1592 363 δυνατὸν
1621 321 1706 363 καὶ,

214 393 485 450 παμμεγέθη,
521 391 664 448 ἔχοντα
692 394 733 437 ἐν
761 398 851 443 ταῖς
874 393 993 450 χερσὶ
1017 393 1086 435 καὶ
1111 398 1197 442 τοῖς
1219 392 1337 433 ποσὶν
1362 389 1439 432 ἀνὰ
1464 387 1690 440 δακτύλους

217 463 273 515 ἕξ.
337 464 543 506 Ἀδίνων·
580 458 696 513 οὗτος
729 460 933 506 ἐσπάσατο
954 460 1029 516 τὴν
1050 460 1259 519 ῥομφαίαν
1283 459 1410 502 αὐτοῦ
1431 459 1496 502 ἐπὶ
1517 458 1689 501 ὀκτακο-

218 534 317 575 σι’ων
338 535 596 588 στρατιωτῶν
614 534 669 582 εἷς
688 532 787 587 μίαν
807 529 1082 588 παρεμβολήν.
1148 529 1388 583 Ἰεσεβαδᾶ·
1424 521 1541 578 οὗτος
1563 525 1690 569 ἐσπά-

218 617 320 644 σατο
354 601 428 657 τὴν
462 599 669 659 μάχαιραν
697 600 823 643 αὐτοῦ
849 601 891 642 ἐν
926 604 1056 657 καιρῷ
1078 597 1135 641 ἐνὶ
1155 599 1219 641 ἐπὶ
1242 601 1504 655 τραυματιῶν
1526 604 1723 654 τριακοεᾶ

171 676 202 711 C
225 672 334 714 σίων.
404 673 561 727 Μαρᾶ·
598 664 716 720 οὗτος
743 673 824 711 τῶν
851 667 1095 727 ἀλλοφύλων
1126 666 1382 710 ἐπελθόντων
1401 668 1468 712 καὶ
1490 666 1693 721 βουλομέ-

219 756 299 783 νων
320 737 502 796 ἁρπάσαι
524 738 598 794 τὴν
618 739 765 794 μερίδα
782 742 856 781 τοῦ
873 738 1002 794 ἀγροῦ
1023 735 1158 795 πλήρη
1181 731 1308 781 οὖσαν
1330 740 1485 793 φακῆς,
1521 736 1589 778 καὶ
1618 738 1691 777 τοῖ’

221 812 323 851 λαοῦ
356 807 575 866 φυγόντος,
620 807 744 862 μόνος
770 806 887 862 ἵστη,
930 808 998 849 καὶ
1026 807 1123 858 τοὺς
1150 807 1225 860 μὲν
1252 804 1511 863 ἀλλοφύλους
1540 805 1692 856 ἐδίωξε,

220 877 294 932 τὴν
325 878 369 920 δὲ
400 879 547 934 μερίδα
577 880 652 919 τοῦ
684 876 813 934 ἀγροῦ
843 874 1054 934 ἐφύλαξεν.
1131 873 1348 933 Ἐλεάζαρ·
1383 868 1502 925 οὗτος
1527 875 1694 932 μερίδος

222 939 348 1001 οῗίσης
373 950 552 1002 κριθῶν,
591 947 658 988 καὶ
684 949 765 988 τῶν
794 944 1038 1003 ἀλλοφύλων
1067 943 1343 997 ἐπελθόντων,
1388 945 1456 987 καὶ
1485 947 1559 987 τοῦ
1590 946 1693 985 λαοῦ
1706 949 1742 984 10

221 1013 443 1074 φυγόντος,
483 1013 608 1069 μόνος
639 1013 879 1070 ἐστηλώθη,
915 1016 983 1057 καὶ
1011 1015 1108 1066 τοὺς
1135 1015 1210 1069 μὲν
1243 1011 1502 1071 ἀλλοφύλους
1532 1011 1693 1070 ἔτρεψε,

218 1083 293 1139 τὴν
316 1084 360 1126 δὲ
379 1084 531 1142 κριθὴν
554 1085 740 1128 διέσωσε·
769 1083 989 1134 τοσούτους
1018 1084 1097 1142 γὰρ
1127 1082 1323 1135 ἐπάταξεν
1342 1085 1384 1126 ἐν
1404 1088 1488 1133 τοῖς
1508 1080 1694 1139 ἀλλοφύ-

220 1157 327 1204 λοις,
363 1153 438 1205 ἕως
468 1152 494 1209 ἢ
521 1155 610 1211 χεὶρ
642 1153 769 1196 αὐτοῦ
801 1152 1033 1197 κοπιάσασα
1067 1151 1377 1210 προσεκολλήθη
1411 1156 1462 1209 τῇ
1494 1152 1693 1211 μαχαίρᾳ,

220 1224 289 1264 καὶ
312 1220 341 1265 ὅ
355 1223 454 1273 λαὸς
477 1223 721 1280 ἐπέστρεψεν
743 1222 870 1265 ὀπίσω
891 1222 1018 1266 αὐτοῦ
1037 1226 1091 1274 εἷς
1115 1222 1160 1265 τὸ
1184 1220 1402 1265 σκυλεύειν.
1471 1221 1693 1271 Μαναίας·

222 1285 340 1343 οὗτος
356 1292 488 1334 πολλὰ
506 1293 580 1347 μὲν
599 1293 782 1347 ἐποίησεν
799 1291 919 1349 ἔργα,
948 1290 1118 1342 ἐπάταξε
1143 1293 1187 1334 δὲ
1205 1293 1273 1334 καὶ
1295 1290 1390 1342 τοὺς
1408 1290 1523 1341 υἱοὺς
1537 1289 1694 1347 ’Λριὴλ
1707 1297 1742 1332 l!

167 1370 199 1406 D
223 1365 295 1403 τοῦ
319 1359 489 1416 dess,
524 1363 592 1404 καὶ
624 1360 808 1415 καταβὰς
839 1362 880 1403 ἐν
905 1359 1076 1419 ἡμέραις
1092 1359 1231 1415 χιόνος
1254 1362 1310 1412 εἷς
1333 1357 1482 1402 λάκκον
1503 1358 1695 1417 ἐφόνευσε

221 1430 377 1472 λέοντα.
446 1430 574 1473 ἀνεῖλε
605 1431 649 1473 δὲ
678 1432 748 1473 καὶ
772 1429 903 1487 ἄνδρα
925 1429 1153 1487 Αἵγύπτιον
1177 1427 1409 1485 ἑπτάπηχυν
1416 1461 1430 1482 ,
1461 1429 1605 1484 ἔχοντα
1623 1426 1696 1480 ξό-

221 1503 292 1541 λον
326 1498 565 1557 διαβάθρας
594 1498 649 1551 ὡς
683 1498 806 1557 δόρυ·
838 1498 1030 1557 ἁρπάσας
1056 1499 1135 1557 γὰρ
1165 1499 1238 1543 ἀπ’
1273 1492 1401 1542 αὐτοῦ
1429 1498 1475 1541 τὸ
1507 1496 1626 1549 ξύλον
1654 1498 1697 1539 ἐν

222 1567 332 1627 αὐτῷ
367 1569 592 1611 ἀπέκτεινεν
629 1567 765 1612 αὐτόν.
820 1569 979 1623 ,Ἀβεσᾶ
1006 1568 1027 1613 ὃ
1058 1568 1237 1627 ἀδελφὸς
1260 1567 1406 1623 Ἰωάβ·
1449 1561 1568 1618 οὗτος
1595 1565 1698 1610 ἐπά-

219 1639 338 1688 ταξεν
372 1637 528 1695 ἄνδρας
560 1636 795 1689 ἑξακοσίους
824 1639 892 1680 καὶ
921 1638 991 1681 τὸν
1014 1638 1172 1692 Ἰεσβὰν
1195 1638 1374 1680 θέλοντα
1403 1641 1600 1695 φονεῦσαι
1625 1636 1742 1679 τὸν2(

222 1706 365 1759 Λαβίδ
400 1702 478 1761 (ἦν
518 1707 562 1749 δὲ
596 1705 618 1749 ὃ
652 1707 810 1760 Ἰεσβὰν
845 1705 1006 1763 ἔκγονος
1040 1711 1115 1750 τοῦ
1149 1705 1338 1764 Ῥαφάν)
1355 1739 1367 1758 ,
1417 1705 1519 1759 δόρυ
1552 1705 1696 1760 ἔχοντα

221 1779 416 1828 σταθμοῦ
439 1776 586 1819 σίκλων
609 1777 863 1834 τριακοσίων.
932 1774 1050 1831 ἡνίκα
1070 1777 1113 1819 δὲ
1133 1775 1287 1833 ἔτρεχεν
1313 1774 1334 1818 ὃ
1361 1776 1534 1830 Ἀβεσᾶ,
1564 1770 1615 1830 ἦν
1641 1773 1698 1827 ὥς

221 1843 372 1900 ὁορκὰς
404 1844 447 1887 ἐν
475 1851 559 1896 τοῖς
590 1843 715 1901 ὄρεσι.
785 1851 892 1902 τρεῖς
914 1846 959 1888 δὲ
982 1845 1060 1888 ἀπὸ
1083 1849 1164 1888 τῶν
1187 1849 1338 1888 λοιπῶν
1363 1845 1551 1897 δυνατοί,
1581 1862 1697 1900 περι-

220 1911 514 1957 κυκλωσάντων
540 1915 636 1957 ποτὲ
665 1918 746 1958 τῶν
777 1914 1020 1973 ἀλλοφύλων
1047 1915 1121 1971 τὴν
1144 1915 1341 1971 Βηθλεὲμ
1367 1916 1435 1957 καὶ
1460 1919 1532 1958 τοῦ
1554 1914 1697 1970 Λαβὶδ

317 2021 362 2058 14
387 2022 556 2063 Ramnes
576 2035 696 2070 margo
717 2023 747 2059 P

221 2113 307 2148 torii
329 2115 480 2150 textoris
504 2116 671 2161 aequale3
705 2115 890 2162 Ionathas,
916 2117 979 2163 qui
996 2116 1109 2152 virum
1131 2116 1269 2163 ingenti
1286 2118 1416 2153 robore
1437 2128 1479 2152 ac
1501 2117 1592 2153 mole
1615 2129 1697 2154 cor-

220 2161 319 2207 poris
340 2161 489 2207 deiecit‚
523 2162 618 2197 senis
644 2162 774 2209 'pedum
801 2175 842 2198 ac
863 2175 1024 2198 manuum
1047 2164 1168 2209 digitis
1194 2164 1411 2211 praeditum;
1445 2164 1605 2210 Adinnn,
1636 2164 1699 2210 qui

220 2217 290 2241 uno
317 2208 450 2253 praelio
479 2209 631 2254 gladium
664 2214 785 2245 contra
816 2210 1037 2255 octingentos
1065 2210 1162 2245 viros
1194 2210 1356 2253 strinxit3
1389 2211 1602 2256 Iesebadas,
1637 2211 1699 2256 qui

221 2263 292 2288 una
314 2265 432 2299 pugna
453 2260 633 2290 trecentos
656 2255 851 2298 sauciavit3
882 2257 1000 2292 Maras
1013 2284 1023 2301 ,
1047 2257 1108 2302 qui
1130 2257 1294 2292 barbaris
1314 2257 1529 2292 irruentibus
1550 2257 1699 2303 agrique

222 2300 418 2344 portionem
450 2301 546 2336 lente
578 2302 747 2336 consitam
779 2303 936 2348 diripere
970 2303 1199 2349 conantibus,
1245 2315 1322 2338 cum
1358 2304 1500 2349 fugeret
1534 2304 1698 2350 populus,

218 2346 313 2380 solus
333 2347 412 2392 ipse
433 2348 594 2383 substitit
615 2349 845 2395 barbarisque
868 2350 906 2383 in
929 2350 1047 2394 fugam
1071 2350 1160 2385 actis
1185 2361 1304 2395 agrum
1329 2350 1512 2393 defendit3
1546 2351 1698 2385 Eleaza-

221 2403 302 2436 rus,
336 2394 397 2439 qui
421 2407 535 2429 messe
557 2395 682 2430 hordei
705 2396 814 2440 inita,
850 2408 926 2430 cum
944 2397 1170 2431 barbarorum
1190 2399 1342 2432 adventu
1362 2397 1511 2442 populus
1535 2397 1699 2442 fugisset,

222 2439 344 2473 unicus
378 2441 538 2476 substitit
569 2448 606 2476 et
640 2442 807 2477 hordeum
841 2448 976 2477 tutatus
1010 2448 1066 2477 est
1097 2443 1294 2489 profligatis
1327 2443 1513 2488 barbaris,
1552 2455 1700 2488 quorum

221 2488 351 2519 tantam
376 2487 486 2522 edidit
510 2492 682 2533 stragem,
717 2494 756 2523 ut
778 2500 898 2523 manus
923 2489 998 2523 eius
1022 2489 1218 2534 defatigata
1238 2490 1356 2535 gladio
1380 2490 1600 2534 adhaeserit,
1638 2502 1698 2524 re-

223 2541 417 2577 versusque
441 2539 495 2568 est
515 2534 665 2580 populus
693 2536 736 2569 ad
763 2535 912 2579 legenda
932 2535 1063 2581 spolia3
1098 2537 1271 2582 Banaias,
1304 2536 1402 2571 cuius
1427 2536 1533 2571 multa
1556 2537 1702 2572 suerunt

222 2576 393 2613 facinora.
442 2580 534 2615 filios
558 2580 688 2615 Arielis
711 2581 866 2616 Moabici
886 2581 955 2616 iste
980 2583 1176 2628 percussit,
1213 2589 1249 2618 et
1280 2583 1429 2628 quadam
1459 2582 1518 2617 die
1539 2594 1615 2618 cum
1639 2583 1700 2618 nix

221 2621 375 2668 iaceret,
411 2625 448 2659 in
470 2627 609 2662 foveam
632 2628 837 2672 descendit,
871 2627 978 2672 inque
1006 2640 1048 2663 ea
1071 2629 1207 2663 leonem
1228 2629 1414 2674 iugulavit.
1462 2629 1555 2663 idem
1578 2629 1701 2674 Aegy-

223 2668 332 2713 ptium
363 2672 534 2716 quendam
565 2678 701 2719 septem
732 2674 871 2708 cubitos
900 2674 1058 2719 longum,
1089 2675 1151 2721 qui
1178 2675 1273 2721 ligno
1301 2675 1444 2710 nautico
1472 2676 1596 2711 hastae
1621 2676 1700 2710 loco

224 2716 388 2749 utebatur
405 2729 611 2763 aggressus,
635 2720 764 2765 lignum
783 2721 821 2755 id
839 2721 874 2755 ei
892 2721 1042 2766 eripuit,
1065 2721 1250 2767 ipsumque
1269 2733 1311 2756 eo
1330 2721 1486 2757 necavit.
1533 2722 1701 2757 Abisaius

222 2759 322 2794 Ioabi
341 2762 453 2797 frater
476 2766 544 2798 600
565 2766 661 2800 viros
684 2767 880 2812 percussit,
906 2772 941 2802 et
961 2768 1116 2811 Iesbam,
1142 2768 1203 2813 qui
1221 2767 1360 2803 Davido
1380 2769 1521 2803 caedem
1543 2768 1699 2806 intenta-

222 2806 299 2841 bat.
345 2807 414 2842 fuit
436 2809 467 2843 is
491 2811 612 2845 Iesbas
639 2825 682 2847 ex
705 2813 858 2859 posteris
878 2813 1042 2859 Raphae,
1067 2814 1166 2849 cuius
1188 2814 1305 2860 cuspis
1330 2815 1398 2850 150
1420 2815 1542 2850 uncias
1561 2827 1699 2860 appen-

222 2852 342 2888 debat.
391 2865 468 2889 cum
491 2856 656 2892 Abisaius
680 2865 858 2904 curreret,
883 2859 1005 2894 similis
1029 2866 1105 2895 erat
1125 2873 1275 2907 capreae
1294 2865 1490 2896 montanae.
1539 2872 1616 2896 cum
1634 2873 1698 2896 au-

222 2902 291 2935 tem
330 2900 479 2946 quodam
510 2907 669 2950 tempore
703 2906 849 2943 barbari
877 2906 1140 2944 Bethlehemam
1178 2907 1364 2944 obsidione
1397 2907 1611 2954 cinxissent,
1656 2919 1700 2944 ac
