1742 3184
163 162 264 211 778
648 164 892 211 GEORGII
926 165 1173 211 GEDRENI

303 283 381 341 Τῷ
437 276 449 295 ’
480 278 557 324 ἔτει
586 278 757 337 Βαάνης
779 278 1106 337 ὅἝπταδαίμων
1127 282 1204 339 τὴν
1224 280 1422 342 τετάρτην
1438 283 1652 342 Ἀρμενίαν

162 355 248 401 τοῖς
273 348 453 408 Ἄραψιν
483 348 690 402 ὑπέταξεν.
752 349 986 410 Ἀψίμαρος
1017 352 1063 395 δὲ
1097 354 1343 397 Φιλιππικὸν
1364 353 1436 398 τὸν
1460 354 1551 398 υἱὸν
1571 358 1653 398 Νι-

161 417 349 478 κηφόρον
387 422 598 478 πατρίκιον
634 417 825 478 ἐξώρισεν
866 418 923 472 ὥς
964 420 1349 480 ὄνειροπολοῦμενον
1381 428 1650 478 βασιλεῦσαι·

155 489 313 549 ἔφασκε
345 490 425 549 γὰρ
458 490 678 549 ἑωρακέναι
708 490 802 534 κατ’
835 489 936 550 ὄναρ
967 489 1031 535 ὅτι
1058 490 1085 549 ἡ
1111 493 1272 552 κεφαλὴ
1296 493 1423 538 αὐτοῦ
1447 493 1650 548 ἐσκιάζετο

158 559 241 604 ὑπὸ
264 561 399 604 ἀετοῦ.
1662 572 1684 609 5

303 634 378 690 Τῷ
407 627 438 674 ε’
465 627 543 673 ἴτει
571 629 819 673 ἐστασίασαν
840 628 879 673 οἳ
904 627 1097 689 ἄρχοντες
1111 630 1324 690 Ἀρμενίας
1341 632 1445 676 κατὰ
1463 637 1545 677 τῶν
1565 636 1654 677 Σα-

163 705 375 758 ρακηνιόν,
419 701 488 743 καὶ
528 699 626 750 τοὺς
666 699 708 742 ἓν
739 700 930 761 Ἀρμενία
948 702 1233 759 ’Σαρακηνοὺς
1267 703 1517 747 ἀπέκτειναν.
1585 706 1655 747 καὶ

105 779 139 814 D
163 765 290 822 αὖθις
308 770 413 829 πρὸς
430 770 661 828 Ἀψίμαρον
682 769 887 825 πέμπουσι
910 773 978 814 καὶ
995 769 1224 826 Ῥωμαίους
1245 775 1301 823 εἷς
1320 772 1395 828 τὴν
1417 774 1553 816 αὐτῶν
1567 773 1656 829 χώ-

162 858 241 900 ραν
260 841 469 899 φέρουσιν.
538 837 560 882 ὅ
584 840 628 882 δὲ
647 839 846 895 Μωάμεδ
865 839 1186 900 ἐπιστρατεύσας
1206 843 1300 898 κατ’
1325 842 1461 886 αὐτῶν
1479 843 1656 894 πολλοὺς

162 911 328 964 κτείνει,
363 912 433 953 καὶ
460 909 534 965 τὴν
560 910 774 967 Ἀρμενίαν
802 912 1062 968 Σαρακηνοῖς
1082 909 1330 966 ὕποτάσσει,
1365 911 1462 964 τοὺς
1480 913 1523 955 δὲ
1539 931 1650 970 μεγι-
1667 919 1723 954 10-

163 984 318 1032 στᾶνας
345 984 428 1024 τῶν
448 980 669 1038 Ἀρμενίων
700 979 983 1034 ζωοκαύστους
1005 983 1047 1025 ἐν
1067 980 1124 1025 ἑνὶ
1145 980 1258 1042 τόπῳ
1280 983 1456 1038 ἐποίησε.
1523 982 1657 1043 τούτῳ

162 1054 222 1110 τῷ
258 1050 336 1094 ἔτει
365 1048 681 1108 ἐπεστράτευσεν
707 1051 830 1108 Ἀζὰρ
860 1050 935 1106 τὴν
967 1053 1159 1095 Κιλικίαν
1188 1052 1294 1107 μετὰ
1316 1050 1517 1108 χιλιάδων
1545 1053 1658 1106 δέκα,

163 1122 234 1164 καὶ
265 1122 492 1179 περιτυχὼν
525 1120 664 1172 αὐτοῖς
686 1119 932 1180 εΗράκλειος
963 1120 984 1166 ὅ
1015 1122 1197 1181 ἀδελφὸς
1226 1126 1300 1166 τοῦ
1326 1122 1531 1177 βασιλέως
1562 1123 1660 1174 τοὺς

164 1191 355 1243 πλείονας
380 1191 607 1245 ἀπέκτεινε,
641 1191 740 1243 τοὺς
767 1191 811 1235 δὲ
838 1193 1007 1245 λοιποὺς
1033 1193 1227 1248 δεσμίους
1248 1197 1306 1253 τῷ
1329 1196 1497 1248 βασιλεῖ
1514 1193 1660 1245 ἐξαπέ-

164 1266 310 1306 στειλε.
1671 1271 1715 1308 15

363 1336 383 1346 u
430 1329 494 1347 ΙἸ

309 1335 382 1391 Τῳ
408 1348 430 1382 ς
467 1349 546 1375 ετει
560 1330 727 1384 Ἄζιδας
749 1328 772 1373 ὃ
795 1335 872 1375 τοῦ
892 1330 1052 1375 Χουνέϊ
1068 1329 1336 1390 ἐπεστράτευε
1358 1331 1433 1388 τὴν
1455 1331 1660 1384 Κιλικίαν,

167 1402 236 1445 καὶ
265 1398 544 1460 πολιορκήσας
569 1401 618 1445 τὸ
648 1402 787 1446 Σίσιον
814 1399 992 1460 κάστρον
1017 1401 1258 1458 κατέβαλεν·
1293 1401 1340 1445 ὃν
1369 1399 1612 1459 ἐπιφθάσας
1638 1398 1661 1443 ὅ

166 1476 241 1515 τοῦ
275 1472 477 1527 βασιλέως
511 1472 692 1530 ἀδελφὸς
730 1473 798 1515 καὶ
837 1471 1073 1528 πολεμήσας
1110 1472 1251 1516 κτείνει
1284 1469 1445 1515 δώδεκα
1468 1468 1664 1527 χιλιάδας

121 1580 123 1582 .
161 1540 364 1600 Ἀράβων.
432 1547 506 1586 τοῦ
523 1542 810 1586 Ἰουστινιανοῦ
831 1543 876 1585 δὲ
894 1542 937 1584 ἓν
953 1545 1146 1599 Χερσῶνι
1163 1540 1376 1600 διάγοντος
1392 1543 1460 1585 καὶ
1478 1542 1664 1598 λέγοντος

22 1621 52 1655 Ρ
77 1620 147 1659 445
171 1611 294 1656 πάλιν
324 1611 472 1656 ἑαυτὸν
500 1609 755 1667 βασιλεύειν,
787 1611 826 1654 οἳ
856 1616 937 1655 τῶν
965 1614 1090 1656 ἐκεῖσε
1110 1611 1319 1670 οῗκήτορες
1337 1611 1409 1656 τὸν
1425 1612 1470 1654 ἐκ
1489 1615 1561 1654 τοῦ
1579 1615 1661 1666 βα-
1672 1620 1718 1656 20

168 1682 314 1733 σιλέως
349 1684 533 1725 κίνδυνον
567 1682 822 1740 φοβηθέντες
857 1680 1153 1736 ἐβουλεύσαντο
1182 1687 1328 1727 τοῦτον
1361 1682 1515 1724 ἀνελεῖν
1546 1679 1573 1734 ἢ
1604 1684 1664 1740 τῷ

167 1756 337 1808 βασιλεῖ
362 1752 662 1810 παραπέμψαι(
725 1751 850 1803 αὐτὸς
868 1753 914 1795 δὲ
931 1756 1052 1795 τοῦτο
1075 1751 1302 1809 διεγνωκὼς
1321 1749 1512 1806 ἠδυνήθη
1535 1750 1664 1808 ἐκφυ-

167 1828 276 1880 γεῖν,
311 1823 381 1865 καὶ
412 1824 468 1872 εἷς
493 1822 540 1865 τὸ
568 1820 719 1878 Λαρὰς
744 1821 881 1865 ἐλθὼν
902 1820 1085 1879 ᾐτήσατο
1105 1821 1177 1866 τὸν
1199 1825 1281 1864 τῶν
1301 1819 1512 1877 Χαζάρων
1528 1818 1665 1876 χαγά-

170 1909 241 1936 νον
270 1893 385 1935 ἰδεῖν.
453 1893 523 1934 καὶ
555 1890 601 1942 ὃς
631 1891 798 1942 ἐδέξατο
829 1891 953 1935 αὐτὸν
978 1891 1084 1948 μετὰ
1106 1896 1253 1948 τιμῆς,
1287 1891 1356 1934 καὶ
1374 1891 1534 1942 ἐξέδοτο
1554 1891 1666 1950 αὐτῷ

263 2000 366 2037 Anno
400 2001 424 2036 4
456 2001 620 2046 Baanes,
653 2001 862 2046 cognomine
892 2000 1162 2048 Heptadaemon
1196 2011 1220 2035 a
1253 2002 1391 2045 septem
1422 1999 1667 2045 daemonibus,

169 2053 330 2095 quartam
354 2047 554 2083 Armeniam
578 2048 754 2083 Arabibus
779 2048 942 2086 tradidit.
990 2047 1198 2094 Apsimarus
1219 2046 1457 2093 Philippicum
1479 2047 1666 2093 patricium

170 2095 368 2142 Nicephori
391 2095 500 2130 filium
523 2095 718 2140 relegavit,
753 2096 847 2140 quod
871 2095 903 2130 is
925 2107 970 2130 ex
993 2094 1168 2130 insomnio
1191 2093 1333 2138 (aiebat
1358 2093 1451 2128 enim
1475 2106 1540 2140 per
1563 2094 1666 2140 quie-

171 2148 243 2178 tem
261 2154 302 2177 se
320 2142 548 2188 imaginatum
567 2147 674 2189 caput
695 2153 796 2178 suum
818 2144 863 2178 ab
883 2141 1002 2189 aquila
1024 2140 1252 2188 obumbrari)
1279 2140 1464 2188 imperium
1487 2141 1559 2176 sibi
1581 2153 1666 2188 spe-

174 2194 284 2228 rai-et.

270 2259 406 2301 Quinto
432 2270 523 2294 anno
545 2258 727 2305 principes
750 2257 939 2293 Armeniae
965 2257 1144 2293 concitata
1171 2256 1342 2292 adversus
1363 2257 1582 2293 Sarracenos
1606 2270 1666 2294 se-

174 2306 330 2351 ditione,
355 2306 400 2341 iis
419 2305 640 2350 interfectis,
664 2307 707 2342 ab
733 2305 916 2352 Apsimaro
938 2305 1055 2341 missis
1077 2304 1203 2350 legatis
1228 2303 1395 2339 auxilium
1416 2309 1555 2351 petunt.
1604 2306 1669 2341 sed

173 2353 380 2388 Moamedus
404 2353 499 2388 facta
523 2353 762 2401 expeditione,
785 2352 902 2393 multis
926 2352 1052 2397 caesis,
1076 2351 1274 2386 Armeniam
1296 2362 1441 2394 rursum⁴
1459 2352 1667 2388 Sarracenis

176 2400 317 2444 subdit,
348 2412 587 2447 proceresque
610 2400 794 2435 Armenios
819 2411 940 2434 omues
964 2411 1033 2434 uno
1059 2398 1095 2433 in
1117 2398 1196 2434 loco
1220 2398 1324 2433 vivos
1350 2403 1494 2433 cremat.
1545 2400 1668 2435 eodem

175 2459 266 2482 anno
291 2447 383 2482 Azar
407 2448 528 2483 decem
553 2447 647 2483 milia
670 2447 801 2482 ducens
825 2446 988 2482 Ciliciam
1013 2445 1164 2481 inv-adit.
1213 2456 1315 2491 quem
1344 2446 1487 2480 adortus
1511 2445 1666 2491 impera-

175 2493 264 2528 toris
288 2494 401 2529 frater
423 2494 614 2530 Heraclius
640 2493 805 2530 maiorem
828 2493 981 2530 hostium
1004 2498 1142 2542 partem
1165 2492 1306 2539 caedit,
1341 2491 1498 2539 reliquos
1529 2493 1669 2529 vinctos

177 2540 383 2587 imperatori
402 2541 524 2577 mittit.

270 2609 372 2646 Anno
396 2614 497 2646 sexto
521 2610 652 2646 Azidas
677 2610 817 2646 Chunei
839 2609 932 2645 filius
955 2609 1106 2645 Ciliciae
1128 2610 1257 2645 bellum
1280 2608 1410 2654 infert,
1443 2611 1669 2654 castrumque

179 2656 312 2691 Sisium
340 2663 578 2704 expugnatum
611 2659 755 2693 evertit.
803 2657 895 2692 huuc
925 2662 1108 2693 assecutus
1135 2656 1344 2702 Heraclius,
1381 2660 1418 2691 et
1439 2667 1559 2701 pugna
1582 2668 1667 2690 con-

181 2715 344 2748 gressus,
379 2705 563 2739 duodecim
595 2704 691 2740 milia
712 2705 866 2740 Arabum
889 2703 1035 2739 occidit.
1082 2704 1223 2739 interim
1245 2702 1462 2738 lastinianus
1486 2703 1669 2737 Chersone

181 2750 314 2794 degens
341 2763 418 2786 cum
443 2764 481 2786 se
505 2752 688 2797 imperium
714 2757 939 2798 recepturum
961 2751 1115 2795 diceret,
1152 2750 1321 2798 oppidani
1352 2749 1489 2785 sibi.ab
1512 2749 1668 2796 impera-

183 2800 263 2831 tore
293 2809 335 2831 eo
365 2798 505 2833 nomine
538 2804 734 2834 metuentes
763 2798 820 2833 vel
853 2798 1058 2833 interficere
1084 2798 1180 2833 illum
1212 2797 1271 2831 vel
1298 2795 1506 2844 imperatori
1528 2797 1668 2830 mittere

184 2848 395 2878 statuerunt.
443 2856 513 2890 quo
547 2846 794 2880 animadverso
828 2845 1044 2880 Iustiuianus
1076 2846 1162 2890 fuga
1189 2844 1261 2880 sibi
1290 2843 1488 2886 cousuluit;
1522 2854 1668 2887 cumque

185 2891 298 2926 Daras
329 2892 572 2938 pervenisset,
608 2892 770 2938 Chagani
802 2893 1041 2928 Chazarorum
1072 2892 1186 2938 reguli
1217 2902 1449 2937 congressum
1471 2889 1591 2936 petiit.
1637 2888 1669 2922 is
