1742 3184
217 250 320 299 230
700 249 941 297 GEORGII
970 247 1221 297 GEDRENI

214 366 341 424 θέμις
365 363 598 420 ἐπετίθετο,
641 370 723 425 πῦρ
748 365 793 409 δὲ
822 369 910 416 τοῖς
941 361 1079 417 ξύλοις
1107 359 1427 419 ἐπιβαλλόμενον
1454 361 1531 421 οὔχ
1559 357 1699 422 ἧπτεν,

214 437 429 493 ἐσβέννυτο
451 437 509 479 δέ.
577 435 773 487 πολλάκις
795 435 840 478 δὲ
857 438 933 478 τοῦ
951 434 1080 492 πυρὸς
1106 434 1344 489 ἐνεχθέντος
1363 435 1432 477 καὶ
1453 434 1512 490 μὴ
1530 436 1700 490 καιομέ-

161 524 192 560 B
216 524 302 560 νου,
337 507 472 550 πίπτει
501 505 554 549 τὰ
582 506 624 549 ἐν
646 509 706 564 τῷ
733 508 867 563 βωμῷ
888 501 1023 548 πάντα
1053 506 1110 555 εἷς
1137 502 1361 561 τοῦδαφος.
1430 504 1470 546 οἱ
1489 508 1630 563 Τρῶες
1651 505 1697 548 δὲ

213 577 288 620 οὔκ
310 575 472 633 ἀγαθὸν
493 576 632 627 αὐτοῖς
649 574 750 619 εἶναι
773 573 916 617 οῗωνὸν
937 578 1069 617 ταῦτα
1090 571 1386 631 τεκμηράμενοι
1399 605 1411 626 ,
1448 572 1472 616 ὅ
1492 590 1536 617 τε
1553 575 1697 632 Πρία-

209 663 292 702 μος
311 647 381 689 καὶ
409 645 449 689 οἱ
475 647 609 688 λοιποὶ
629 644 701 688 τὸν
721 642 960 702 Ἀντῆνορα
979 647 1228 700 πρεσβεῦσαι
1248 643 1352 701 πρὸς
1369 643 1567 694 Δαναοὺς
1588 644 1730 688 ἄπο-5

211 716 464 768 στέλλουσιν,
499 713 602 758 ὥστε
628 712 759 772 λύτρα
785 711 988 769 λαβόντας
1008 712 1088 757 ὅσα
1111 711 1162 756 ἂν
1180 713 1355 756 ἐθέλωσι
1376 716 1498 757 λῦσαι
1523 712 1595 756 τὸν
1617 711 1697 756 πό-

209 789 348 842 λεμον.
417 786 486 828 καὶ
512 782 772 842 δ’Λντήνωρ
799 781 1036 841 πρεσβεύων
1064 781 1143 841 ἔφη
1175 782 1278 842 πρὸς
1306 780 1513 838 Ἀχαιούς
1530 780 1696 827 «πάντα

207 852 421 910 ἐπάθομεν
438 853 518 898 ὅσα
534 853 631 905 τοὺς
652 851 945 912 ἡμαρτηκότας
965 857 1116 895 παθεῖν
1136 853 1272 909 ἐχρῆν.
1344 851 1446 895 ἀνθ’
1473 847 1532 896 ὧν
1546 853 1696 896 -Μενέ-

208 927 310 967 λαον
329 922 350 967 ὃ
370 921 511 981 Πάρις
531 923 697 980 ἠδίκησε
707 955 722 976 ,
759 924 875 974 δίκας
896 922 1065 966 ἴδωκεν·
1101 921 1202 964 ἀνθ’
1226 916 1284 965 ὧν
1300 921 1347 965 τὸ
1359 920 1502 975 Ἴλιον,
1530 940 1696 981 μαρτυ-

207 997 349 1052 ροῦσιν
366 993 406 1036 οἳ
423 991 550 1052 τάφοι
571 997 654 1036 τῶν
675 992 951 1052 ἀνῃρημένων.
992 995 1066 1035 νῦν
1088 986 1161 1035 οἶν
1176 991 1215 1034 οἱ
1232 992 1562 1051 περιλειφθέντες
1577 990 1693 1048 ἡμεῖς
1706 995 1742 1032 lc

206 1060 336 1121 λύτρα
356 1063 535 1121 φέρομεν
554 1061 666 1119 ὑμῖν.
731 1060 834 1120 ὑπὲρ
866 1066 994 1114 θεῶν,
1026 1059 1130 1120 ὖπὲρ
1154 1062 1372 1119 πατρίδος,
1404 1059 1507 1120 ὑπὲρ
1528 1063 1693 1116 τέκνων,

198 1132 402 1189 ’Έλληνες
425 1131 559 1185 ὄντες,
593 1132 691 1183 τοὺς
716 1133 812 1190 πρὶν
842 1130 1050 1184 ἀπειθεῖς,
1085 1134 1159 1174 νῦν
1189 1131 1325 1182 ἱκέτας
1349 1129 1555 1175 albumve-’²
1627 1133 1694 1176 ε’πὶ

156 1206 188 1242 C
211 1201 372 1253 τούτοις
393 1202 628 1254 πεισθέντες
656 1201 695 1245 οἱ
714 1201 915 1257 *Έλληνες
936 1200 1140 1244 Ὀδυσσέα
1161 1202 1229 1243 καὶ
1254 1198 1473 1257 Διομήδην
1490 1202 1694 1245 ἀποστέλ-

205 1275 323 1316 λουσι
354 1271 430 1328 τὴν
461 1275 544 1315 τῶν
569 1267 796 1330 χρημάτων
827 1269 1036 1325 ποσότητα
1067 1274 1270 1313 τυπῶσαι.
1326 1272 1401 1313 καί
1414 1287 1457 1327 γε
1478 1270 1693 1315 ἓτῦπωσαν

202 1342 378 1400 χρυσίου
398 1339 580 1385 τάλαντα
604 1341 783 1395 δισχίλια
813 1342 881 1383 καὶ
907 1337 1089 1397 ἀργύρου
1109 1336 1290 1383 τάλαντα
1311 1341 1514 1395 δισχίλια,
1550 1343 1619 1384 καὶ
1637 1341 1690 1385 τὰ
1703 1348 1742 1385 15

205 1409 383 1463 δόξαντα
413 1408 549 1453 πάντα
579 1408 846 1466 κομισάμενοι
875 1411 943 1452 καὶ
973 1409 1288 1468 ἀφορμηθέντες
1315 1408 1566 1465 τῆςκπόλεως
1591 1408 1692 1454 '‘me'-

204 1492 392 1538 στρεψαν
415 1482 471 1531 εἷς
492 1479 564 1523 τὸν
584 1478 774 1538 στρατόν.
808 1478 913 1535 μετὰ
931 1483 1062 1522 ταῦτα
1080 1477 1361 1532 θυσιαζόντων
1380 1483 1463 1522 τῶν
1477 1478 1692 1536 εΕλλήνων

203 1552 272 1594 καὶ
294 1549 549 1593 ἀποπλεῦσαι
569 1549 845 1605 βουλομένων,
867 1546 1023 1599 πάντας
1044 1546 1278 1606 ἔνώρκωσεν
1294 1549 1517 1600 Ὀδυσσεὺς
1538 1551 1582 1593 ἓν
1599 1552 1691 1602 ταῖς

203 1619 376 1670 θυσίαις
391 1620 449 1674 μὴ
469 1619 721 1662 ἀποπλεῦσαι
739 1622 814 1673 τῆς
828 1618 951 1660 Ἰλίου
971 1618 1065 1674 πρὶν
1081 1616 1109 1673 ἢ
1127 1617 1199 1660 τὸν
1218 1616 1404 1675 δούρειον
1414 1620 1541 1662 ’ίππον
1558 1637 1690 1662 κατα-ι-

204 1692 501 1743 σκευασθῆναι.
534 1687 654 1731 ἔνθεν
673 1704 736 1730 τοι
754 1688 822 1730 καὶ
841 1685 976 1739 ξύλοις
996 1693 1082 1737 τοῖς
1103 1684 1428 1744 ἆρμοδιωτάτοις
1445 1688 1742 1745 συμπήξαν-Ξο

145 1814 147 1816 ¹
202 1773 270 1808 τες
297 1758 366 1800 καὶ
397 1756 558 1816 εὐφυῶς
581 1754 988 1812 κατακοσμήσαντες,
1024 1757 1091 1798 καὶ
1112 1762 1202 1807 ταῖς
1218 1756 1388 1800 Ἐπειοῦ
1411 1759 1688 1816 τεχνουργίαις

200 1826 449 1882 θαυμαστὸν
473 1826 598 1870 αὐτὸν
623 1824 844 1885 ὗηερφυῶς
871 1824 1271 1880 κατασκευασάμενοι
1300 1825 1453 1879 πάσαις
1474 1845 1687 1887 μηχανορ-

202 1897 398 1955 ραφίαις,
443 1895 547 1941 ὥστε
569 1898 638 1940 καὶ
661 1895 838 1955 στρατὸν
868 1893 1203 1954 εἰκοσιτεσσάρων
1231 1893 1410 1941 ὁπλιτῶν
1439 1896 1556 1941 ἔνδον
1584 1896 1686 1958 κρύ-

201 2077 294 2119 sent,
320 2072 439 2120 ignem
459 2071 565 2120 lignis
583 2072 749 2109 iniectum
769 2083 840 2108 non
859 2071 989 2108 arsisse
1012 2072 1077 2108 sed
1101 2072 1309 2110 exstinctum
1329 2074 1454 2119 fuisse,
1477 2086 1520 2110 ac
1541 2076 1686 2123 saepius

199 2120 390 2168 repetitum
412 2120 529 2166 ignem
553 2131 625 2155 non
647 2120 799 2163 arsisse;
824 2124 861 2154 et
883 2120 1052 2165 quicquid
1075 2132 1160 2155 arae
1183 2120 1384 2167 impositum
1400 2121 1530 2166 fuerat,
1554 2122 1592 2158 in
1609 2130 1685 2158 ter-

198 2178 273 2202 ram
297 2167 489 2203 decidisse.
534 2166 652 2202 Troes
674 2179 751 2202 cum
773 2166 960 2202 adversum
983 2166 1054 2202 sibi
1076 2167 1208 2213 aliquid
1232 2168 1299 2203 hoc
1321 2173 1461 2204 ostento
1483 2169 1687 2205 denuntiari

197 2213 418 2259 iudicarent,
454 2213 617 2250 Priamus
651 2225 694 2248 ac
715 2212 845 2259 reliqui
869 2212 1082 2249 Antenorem
1105 2213 1257 2259 legatum
1281 2214 1326 2249 ad
1346 2216 1505 2250 Graecos
1529 2216 1685 2263 mittunt,

196 2266 359 2306 rogatum
386 2266 426 2296 ut
452 2260 481 2295 ii
503 2272 628 2307 pacem
649 2259 760 2308 ipsis,
791 2259 907 2306 pretio
931 2271 995 2295 suo
1019 2260 1169 2295 arbitrio
1197 2261 1411 2306 constituto,
1446 2262 1686 2299 redimendam

197 2307 338 2342 darent.
363 2307 524 2343 Antenor
540 2307 679 2353 legatus
698 2308 742 2343 ad
763 2308 921 2342 Graecos
946 2307 1145 2342 huiusmodi
1169 2308 1363 2344 orationem
1387 2308 1525 2344 habuit.
1557 2306 1684 2356 “quic-

198 2353 284 2399 quid
315 2365 509 2400 poennrum
538 2355 624 2389 dare
647 2365 711 2389 nos
736 2355 780 2388 ob
805 2358 927 2388 nostra
949 2354 1088 2399 flagitia
1111 2354 1313 2400 debuimus,
1347 2355 1518 2391 dedimus.
1567 2356 1684 2403 Paris,

198 2400 295 2444 quod
320 2402 365 2435 ob
390 2400 553 2436 iniuriam
570 2400 735 2436 Menelao
759 2401 890 2436 factam
912 2399 1075 2435 luendum
1098 2400 1180 2446 fuit,
1203 2401 1389 2447 pependit.
1437 2401 1543 2437 etiam
1559 2403 1683 2439 Ilium:

198 2445 275 2481 eius
298 2446 354 2482 rei
376 2448 585 2483 documento
608 2452 691 2482 sunt
715 2447 877 2493 sepulcra
899 2457 1095 2482 caesorum.
1143 2459 1208 2482 nos
1232 2448 1353 2494 itaque
1375 2448 1505 2494 reliqui
1530 2450 1684 2495 pretium

196 2493 300 2528 vobis
325 2494 526 2540 afferimus,
563 2505 632 2541 quo
658 2505 722 2528 nos
745 2494 970 2529 redimamus.
1017 2505 1082 2528 vos
1104 2506 1171 2550 per
1193 2495 1303 2540 deos,
1329 2506 1395 2541 per
1414 2495 1588 2542 patriam,
1616 2508 1684 2542 per

195 2537 328 2574 liberos
353 2541 589 2586 obtestamur,
614 2541 747 2576 Graeci
771 2552 848 2575 cum
875 2539 975 2584 sitis,
1001 2540 1179 2586 supplices
1203 2552 1296 2576 nunc
1320 2547 1481 2586 vestros,
1506 2543 1683 2588 quo'ndam

198 2590 439 2632 contumaces,
471 2584 723 2629 miseremini?
778 2587 834 2622 his
858 2586 944 2621 moti
965 2586 1097 2621 Graeci
1119 2588 1285 2633 Ulyssem
1310 2591 1347 2622 et
1369 2586 1574 2624 Diomedem
1597 2590 1681 2625 mit-

196 2633 298 2676 tunt,
333 2633 395 2678 qui
419 2633 558 2680 argenti
582 2634 720 2681 pondus
743 2633 938 2679 signarent.
986 2633 1287 2680 signaveruntque
1314 2634 1341 2668 ii
1364 2634 1499 2670 talenta
1525 2636 1603 2671 auri
1625 2636 1682 2672 bis

197 2676 290 2712 mille
313 2679 530 2727 totidemque
554 2680 707 2727 argenti.
753 2691 901 2725 cumque
933 2681 1050 2715 omnia
1083 2692 1148 2727 pro
1181 2692 1245 2716 suo
1269 2680 1417 2716 arbitrio
1439 2682 1680 2729 abstulissent,

199 2733 244 2756 ex
277 2725 368 2759 urbe
397 2726 435 2760 in
468 2732 585 2762 castra
615 2726 752 2763 reversi
786 2732 881 2762 sunt.
928 2731 1012 2772 post
1042 2727 1130 2762 haec
1160 2727 1443 2763 sacrificantibus
1467 2730 1619 2765 Graecis
1644 2735 1682 2765 et

198 2768 390 2805 discessum
412 2774 632 2820 parantibus,
654 2773 806 2820 Ulysses
824 2772 1009 2808 universos
1036 2772 1130 2808 inter
1153 2785 1253 2809 sacra
1270 2773 1498 2810 iureiurando
1522 2776 1677 2811 adstrin-

198 2813 253 2850 xit
275 2827 346 2851 non
370 2824 451 2853 ante
470 2820 688 2856 discessuros
712 2821 757 2856 ab
779 2819 847 2855 Ilio
872 2830 974 2866 quem
999 2830 1110 2864 equus
1130 2820 1289 2866 ligneus,
1325 2821 1387 2866 qui
1410 2823 1455 2857 ob
1478 2822 1516 2858 id
1540 2828 1577 2858 et
1601 2824 1676 2858 Du-

197 2861 294 2897 reius
316 2871 476 2909 vocatur,
500 2866 680 2903 absolutus
704 2871 811 2902 esset.
859 2865 952 2900 hunc
970 2866 1124 2911 Graeci,
1148 2866 1245 2913 Epei
1267 2867 1433 2914 artificio,
1458 2868 1566 2915 lignis
1589 2881 1676 2904 con-

196 2907 399 2944 cinnissime
421 2913 630 2958 compactis,
661 2913 795 2959 insigni
820 2917 947 2948 ornatu
970 2912 1165 2949 admirabili
1192 2924 1238 2949 ue
1259 2925 1371 2961 opere
1393 2920 1677 2961 construxerunt,

196 2954 249 2991 ita
271 2961 311 2992 ut
332 2955 429 2992 intus
451 2957 498 2993 24
520 2958 689 2996 militibus
712 2959 833 3007 gravis
858 2963 1057 2996 armaturae
1076 2960 1223 3007 abditis,
1244 2960 1373 2998 rotulis
1395 2961 1583 3010 impositus
1598 2967 1675 2999 tra-
