1742 3184
194 154 292 202 376
673 154 916 202 GEORGII'
944 155 1191 202 GEDRENI

189 269 316 327 ἥμισυ
346 271 391 314 δὲ
416 272 701 328 καταλείψασα
728 269 873 330 ἐτήρει.
942 271 982 315 οἳ
999 272 1043 316 δὲ
1059 275 1131 328 τῆς
1148 271 1311 328 κνίσσης
1330 269 1570 328 αἲσθόμενοι
1594 276 1662 317 καὶ

193 339 505 396 εἰσπηδήσαντες
522 341 673 385 ἀνελεῖν
692 341 881 396 ἠπείλουν
890 372 904 393 ,
940 343 975 384 εἷ
991 341 1051 397 μὴ
1071 342 1271 393 ἐπιδείξειε
1292 342 1339 385 τὸ
1361 342 1498 400 μέρος.
1565 340 1592 398 ἦ
1618 344 1662 386 δὲ

192 414 265 453 τοῦ
295 411 513 467 παιδαρίου
540 410 592 453 τὰ
621 411 798 466 λείψανα
829 415 1121 469 προαγαγοῦσα
1144 409 1326 455 “roffio”
1358 409 1437 470 ἔφη
1458 409 1536 454 “zo
1566 410 1662 466 ἐμόν

191 496 288 522 ποτε
315 478 479 536 γνήσιον
503 479 663 532 τέκνον,
697 483 769 522 νῦν
799 479 845 523 δὲ
874 478 1125 532 πανάθλιον,
1160 478 1307 538 φάγετε
1333 483 1400 524 καὶ
1427 478 1563 536 ὑμεῖς,
1600 479 1662 524 ὅτι

192 547 303 605 κάγώ
319 549 535 606 βέβρωκα,
567 550 634 590 καὶ
650 547 710 604 μὴ
728 548 903 605 γένησθε
918 549 1020 604 ἐμοῦ
1039 553 1110 605 τῆς
1125 549 1224 593 αὐτὸ
1244 550 1537 606 γεννησαμένης
1553 567 1659 605 συμ-
1673 556 1695 593 5

192 619 463 674 παθέστεροι·
501 620 535 660 εἰ
565 618 609 660 δὲ
639 618 972 676 ἀποστρέφεσθε,
1005 619 1052 662 τὸ
1074 618 1215 661 λοιπὸν
1235 620 1325 674 ἐμοὶ
1344 620 1660 675 καταλείψατε.”

139 695 170 730 D
196 687 234 730 οἳ
257 688 300 729 δὲ
324 685 452 738 οὕτως
476 685 628 739 ἰδόντες
649 689 715 730 καὶ
740 685 1005 740 ἀκούσαντες,
1040 687 1115 739 τὰς
1143 689 1278 732 αὐτῶν
1308 687 1426 744 ὄψεις
1447 686 1664 744 τύψαντες,

191 757 405 814 τρέμοντες
436 757 626 811 ἐξῆλθον.
695 755 802 800 οὕτω
830 757 876 800 τὸ
904 761 1037 808 καλῶς
1068 759 1111 801 ἐκ
1145 759 1298 808 κοιλίας
1323 757 1491 810 ἐξελθὸν
1510 758 1666 817 βρέφος

193 827 249 876 εἷς
281 825 354 880 τὴν
385 825 513 881 αὐτὴν
545 824 666 869 πάλιν
696 831 831 878 κακῶς
859 825 1087 885 ὑπέστρεψε
1117 827 1307 885 γαστέρα.
1375 829 1444 871 καὶ
1471 832 1590 870 τοῦτο
1621 828 1666 870 δέ

191 899 264 950 τῆς
287 893 495 949 θεηλάτου
514 894 639 953 ὀργῆς
659 903 824 951 σημεῖον
847 895 1069 954 ἱστόρηται.
1138 898 1207 939 καὶ
1227 896 1307 954 γὰρ
1327 897 1505 952 πολέμου
1530 897 1593 939 ἐπὶ
1614 901 1665 954 τῇ
1678 898 1722 935 10

192 968 360 1021 περιοχῇ
382 966 576 1022 σφοδρῶς
603 966 930 1023 συρρηγνυμένου
955 964 1124 1017 ἐξάπινα
1147 964 1305 1009 θύελλα
1325 964 1491 1025 σφόδρα
1513 966 1665 1028 μεταξὺ

191 1038 272 1076 τῶν
303 1031 375 1075 δύο
404 1038 540 1091 μερῶν
568 1039 886 1092 παρεμπεσοῦσα
914 1036 964 1078 τὰ
992 1035 1106 1093 παρὰ
1126 1040 1208 1078 τῶν
1223 1033 1434 1090 Ῥωμαίων
1451 1036 1525 1090 μὲν
1546 1036 1664 1094 ἀφιέ-

192 1120 294 1157 μενα
321 1103 421 1158 βέλη
455 1101 655 1159 εὐστόχως
689 1104 828 1147 ἴθυνεν
861 1105 928 1148 ἐπ’
958 1103 1127 1157 αὐτούς,
1156 1104 1210 1149 τὰ
1240 1104 1355 1163 παρὰ
1379 1104 1590 1149 Ἰουδαίων
1621 1106 1666 1148 δὲ

191 1172 294 1229 πρὸς
315 1172 464 1223 αὐτοὺς
485 1171 722 1228 πεμπόμενα
741 1171 893 1230 πλάγια
910 1174 1149 1232 παρέσυρεν.
1217 1172 1317 1216 ὅθεν
1341 1173 1416 1224 τὰς
1443 1172 1561 1229 ὄψεις
1589 1175 1667 1217 αὗ-

190 1246 273 1284 τῶν
305 1241 343 1284 οἳ
368 1240 562 1297 Ῥωμαῖοι
588 1242 631 1285 ἐκ
661 1247 736 1298 τῆς
762 1243 942 1298 θυέλλης
972 1243 1285 1301 ἄμαυρουμένας
1310 1241 1561 1299 θεασάμενοι
1590 1248 1666 1287 λα·-
1679 1249 1722 1286 15

190 1312 353 1368 θραίως
375 1327 417 1353 τε
441 1311 701 1365 ἐπανέβαινον
723 1314 791 1354 καὶ
814 1311 986 1364 ἓκτόνως
1011 1313 1260 1356 κατέκτεινον
1282 1312 1443 1364 αὗτούς.

49 1391 78 1426 Ρ
101 1393 170 1428 215
239 1368 246 1372 „
326 1380 417 1422 Ἐπὶ
449 1383 542 1424 δυσὶ
576 1382 620 1423 δὲ
651 1380 778 1425 ἔτεσιν
812 1381 834 1425 ὃ
867 1386 990 1434 Τῖτος
1018 1382 1092 1438 τὴν
1118 1380 1387 1440 Ἰερουσαλὴμ
1416 1382 1669 1440 παραλαβὼν

191 1452 328 1491 πᾶσαν
357 1449 484 1505 αὐτὴν
513 1452 581 1493 καὶ
611 1451 681 1493 τὸν
706 1452 748 1494 ἐν
771 1451 874 1509 αὐτῇ
898 1452 996 1494 ναὸν
1019 1450 1314 1509 κατῃθάλωσεν
1337 1453 1378 1495 ἓν
1401 1453 1510 1510 πυρί.
1578 1450 1669 1495 τότε

193 1518 364 1574 ἀληθῶς
384 1518 675 1577 ἓξωλοθρεύθη
694 1522 852 1578 χρίσμα
873 1523 940 1563 καὶ
959 1528 1107 1579 κρῖμα,
1143 1523 1210 1564 καὶ
1235 1522 1277 1564 ἓν
1301 1522 1506 1581 συντελείᾳ
1526 1519 1553 1576 ἦ
1573 1519 1669 1580 ἐρή-

191 1604 323 1641 μωσις
346 1588 471 1644 αὐτῆς
491 1588 618 1644 ε’δόθη
629 1621 642 1641 ,
677 1591 859 1633 τουτέστι
881 1591 1234 1646 συντετελεσμένην
1254 1587 1458 1634 ἀπώλειαν
1476 1592 1543 1633 καὶ
1562 1594 1668 1647 πλη-
1678 1596 1726 1632 20

195 1655 391 1712 ρεστάτην
411 1655 615 1715 ἐρήμωσιν
633 1662 705 1713 τῆς
726 1659 938 1711 ἀπειθείας
962 1660 1096 1703 αὐτῶν
1118 1657 1344 1717 ἕτρύγησαν
1361 1658 1531 1718 καρπόν.
1600 1662 1670 1703 καὶ

193 1726 237 1768 τί
250 1742 322 1779 μοι
341 1726 394 1768 τὰ
412 1727 544 1769 πολλὰ
564 1727 713 1783 λέγειν,·
737 1726 934 1783 Ἰώσηπος
951 1727 971 1770 ὃ
990 1729 1150 1781 ἐκεῖνος,
1174 1727 1412 1786 φιλαλήθης
1429 1728 1499 1782 ὤν,
1521 1729 1675 1788 ἱστορεῖ

195 1796 286 1852 περὶ
305 1793 450 1838 τούτου
469 1799 525 1855 τῷ
543 1813 585 1838 τε
604 1797 767 1855 πολέμῳ
785 1799 852 1840 καὶ
871 1802 920 1855 τῇ
939 1795 1086 1840 ἁλώσει
1104 1799 1228 1842 ἐκεῖσε
1248 1797 1394 1842 συνών.
1461 1796 1593 1858 τούτῳ
1610 1816 1672 1850 τις

194 1863 371 1918 ἐντυχὼν
392 1864 539 1909 εἴσεται
562 1867 825 1924 σαφέστερον.
895 1866 939 1918 ὃς
959 1866 1029 1927 τον
1047 1867 1121 1923 μὲν
1140 1868 1240 1911 λαὸν
1262 1870 1319 1919 εἷς
1338 1870 1574 1927 τριακοσίας
1588 1887 1671 1925 μυ-

195 1973 261 2007 sed
287 1973 429 2020 milites,
445 1973 570 2010 nidore
594 1979 763 2023 percepto
791 1976 928 2011 domum
950 1976 1175 2023 irruperunt,
1202 1981 1419 2023 mortemque
1443 1977 1582 2013 mulieri
1605 1977 1670 2012 mi-

195 2019 272 2054 nati
311 2026 393 2056 sunt
430 2021 499 2056 nisi
539 2022 655 2058 cibum
694 2022 920 2058 ostendisset.
968 2027 1041 2058 tum
1075 2023 1138 2059 illa
1169 2024 1331 2070 reliquiis
1357 2024 1497 2070 pueruli
1522 2024 1671 2071 prolatis

194 2061 331 2100 “haec‘’
365 2067 482 2113 inquit
509 2064 617 2103 “olim
648 2081 727 2105 mea
757 2069 826 2104 fuit
852 2069 1005 2115 genuina
1026 2071 1168 2116 proles,
1203 2083 1294 2106 nunc
1318 2071 1533 2106 miserrimus
1557 2071 1672 2107 cibus.

198 2112 294 2147 edite
319 2118 354 2147 et
377 2125 462 2149 vose
498 2126 577 2150 nam
600 2115 679 2161 ipsa
702 2127 842 2162 quoque
866 2116 942 2160 edi,
974 2129 1089 2162 neque
1115 2123 1191 2152 este
1215 2129 1269 2152 me
1291 2118 1465 2162 genitrice
1489 2117 1673 2152 humanio-

196 2170 270 2193 res.
319 2159 375 2195 sin
399 2161 633 2207 aversamini,
656 2162 743 2197 mihi
765 2162 936 2208 reliquum
960 2160 1164 2199 dimittite?
1211 2163 1267 2198 his
1290 2164 1342 2198 illi
1363 2164 1453 2199 visis
1477 2170 1585 2210 atque
1608 2176 1673 2199 au-

197 2204 284 2240 ditis
322 2206 531 2253 plangentes
564 2219 663 2243 suam
693 2209 842 2254 quisque
865 2208 992 2244 faciem
1016 2215 1052 2245 et
1072 2210 1294 2245 tremebundi
1317 2210 1494 2246 exierunt.
1540 2211 1593 2245 sic
1615 2210 1673 2245 in:

197 2252 298 2296 fans,
332 2265 376 2287 ex
400 2265 469 2299 quo
492 2259 591 2289 recte
615 2256 760 2290 eductus
782 2256 900 2290 suerat
917 2261 1060 2301 ventre,
1097 2257 1136 2292 in
1160 2258 1307 2292 eundem
1333 2270 1399 2304 per
1426 2258 1526 2292 nefas
1549 2256 1672 2292 rediit.

198 2298 294 2333 aliud
315 2311 422 2345 porro
445 2301 521 2335 irae
545 2301 604 2335 dei
628 2301 769 2336 Iudaeis
793 2301 945 2336 infestae
967 2302 1104 2348 signum
1129 2309 1431 2339 commemoratur.
1479 2315 1556 2339 cum
1580 2304 1672 2339 enim

199 2344 245 2378 ad
272 2356 388 2380 muros
412 2358 544 2381 summa
565 2346 603 2382 vi
626 2359 747 2383 manus
771 2354 1063 2394 consererentur,
1098 2350 1218 2385 subito
1241 2350 1341 2385 venti
1363 2351 1467 2385 turbo
1491 2350 1584 2385 inter
1606 2351 1671 2385 ad-

198 2401 322 2426 versas
357 2393 452 2428 acies
483 2393 631 2438 incidit,
667 2394 728 2441 qui
761 2406 782 2429 a
812 2395 979 2431 Romanis
1003 2395 1109 2431 missa
1136 2397 1207 2432 tela
1230 2402 1328 2431 recta
1350 2397 1388 2431 in
1410 2397 1560 2431 Iudaeos
1583 2397 1671 2431 diri-

198 2442 321 2483 geret,
345 2438 553 2474 Iudaeorum
577 2445 693 2475 autem
718 2440 789 2476 tela
811 2441 953 2487 obliqua
976 2448 1173 2478 averteret:
1207 2443 1327 2489 itaque
1350 2442 1499 2478 Romani
1521 2443 1672 2478 hostium

199 2483 319 2518 oculos
338 2485 501 2522 videntes
518 2487 660 2522 turbine
677 2487 883 2533 perstringi,
906 2488 993 2523 clam
1011 2489 1057 2525 iis
1076 2489 1114 2524 in
1133 2501 1267 2525 murum
1285 2495 1476 2525 evaserunt
1493 2501 1671 2536 magnam-

200 2540 269 2574 que
295 2534 450 2577 stragem
475 2533 674 2568 ediderunt.

293 2576 398 2613 Titus
422 2579 702 2624 Hierosolymam
723 2580 878 2615 biennali
902 2581 1086 2617 obsidione
1109 2581 1146 2616 in
1170 2586 1381 2628 potestatem
1402 2582 1579 2618 redactam
1603 2593 1673 2617 una

201 2632 278 2675 cum
301 2624 430 2670 templo
462 2631 571 2660 totam
602 2626 640 2660 in
670 2627 826 2662 favillam
856 2628 1004 2663 flammis
1033 2628 1186 2674 redegit.
1234 2634 1318 2663 tunc
1345 2628 1468 2675 utique
1491 2629 1610 2663 unctio
1635 2634 1672 2663 et

202 2667 367 2703 iudicium
401 2671 533 2707 abolita
566 2677 667 2717 sunt,
703 2674 921 2720 vastitasque
950 2675 1048 2710 urbis
1079 2675 1245 2722 impleta,
1282 2675 1443 2711 nimirum
1476 2675 1672 2717 excidium

203 2723 306 2756 quem
336 2717 458 2751 Iudaei
491 2729 577 2754 suae
607 2720 846 2755 contumaciae
874 2721 1024 2756 fructum
1054 2727 1236 2768 ceperunt.
1283 2720 1369 2767 quid
1402 2726 1517 2756 autem
1544 2720 1674 2756 attinet

202 2769 258 2792 me
285 2760 342 2795 hic
373 2763 546 2807 prolixum
579 2767 688 2801 esse?
734 2767 905 2814 Iosephus
927 2768 1103 2813 Iudaeus,
1139 2767 1301 2803 veritatis
1324 2767 1671 2813 observantissimus,

201 2804 263 2850 qui
288 2812 325 2841 et
347 2808 437 2843 bello
462 2815 498 2844 et
521 2812 658 2847 excidio
683 2813 781 2848 urbis
801 2813 986 2858 interfuit,
1010 2814 1193 2849 historiam
1212 2815 1288 2849 eius
1306 2814 1359 2849 rei
1377 2813 1582 2860 descripsit.
1629 2825 1672 2848 ea

201 2849 294 2888 lecta
314 2864 388 2890 rem
407 2855 543 2901 planius
566 2858 756 2904 intelliges.
802 2859 834 2895 is
860 2866 916 2896 ter
937 2861 1062 2896 millies
1086 2861 1178 2897 mille
1201 2867 1399 2897 numeratos
1423 2861 1534 2896 fuisse
1552 2865 1672 2896 narrat
