1742 3184
386 184 783 264 msromfflmu
816 220 1211 268 COMPENDIUM.
1448 190 1545 273 14²⁷

68 332 259 394 Σισάρρα
285 333 424 392 μάχης
445 339 522 379 τοῦ
542 331 865 394 ἀρχιστρατήγου
881 335 1035 393 ’Ῑαβείμ
1044 369 1059 390 ,
1093 339 1161 381 καὶ
1187 334 1384 398 ἐκράτησε
1407 338 1541 397 πάσης
1563 353 1595 388 c

65 410 141 461 τῆς
166 403 379 460 δυνάμεως
402 405 541 449 αὐτοῦ.
610 405 734 457 αὐτὸς
761 407 807 449 δὲ
837 404 860 449 ὃ
890 406 1080 466 Σισάρρα
1100 414 1188 459 τοῖς
1211 410 1308 452 ποσὶ
1332 411 1543 468 διαφυγών

65 473 145 517 ὕπὸ
177 475 300 531 ’Ῑαὴλ
330 474 519 532 γυναικὸς
544 473 696 533 Χάμερ
728 480 803 518 τοῦ
831 477 1030 520 Κινναίου
1061 477 1283 536 ἀναιρεῖται
1290 511 1305 531 ,
1340 478 1541 541 πασσάλῳ

24 552 38 573 ⁹
66 544 172 588 κατὰ
187 548 262 600 τῆς
281 543 441 601 γνάθου
458 546 683 602 διαπαρείς.
752 546 858 588 κατὰ
875 544 1045 598 τούτους
1061 548 1160 599 τοὺς
1171 547 1348 605 χρόνους
1366 548 1542 605 Κάδμος

30 614 109 659 ὄὲν
131 611 294 668 Θήβαις
313 615 560 668 ἐβασίλευσε.
614 614 717 669 μετὰ
740 616 785 657 δὲ
802 614 877 670 τὴν
895 614 1114 674 Δεβόρρας
1134 618 1322 673 τελευτὴν
1343 618 1542 678 ἐξήμαρτε

64 681 188 727 πάλιν
218 680 240 726 ὃ
269 682 391 735 λαός,
425 685 494 726 καὶ
520 682 735 741 παρεδόθη
759 690 845 735 τοῖς
868 687 1148 741 Μαδιηναίοις
1170 685 1238 743 ἔτη
1263 686 1312 740 ζ’.
1381 690 1424 730 Γ
1420 689 1542 732 εδεὼν

65 753 111 796 δὲ
135 752 273 804 αὐτοῖς
292 753 336 796 ἔκ
357 756 492 811 φυλῆς
512 755 751 810 Μανασσῆ,
780 755 911 805 θείοις
940 757 1120 811 σημείοις
1139 761 1213 811 τῆς
1232 759 1345 813 νίκης
1364 758 1540 813 κομισά-

62 839 185 878 μενος
209 823 285 877 τὴν
309 824 466 875 πίστιν,
503 824 787 876 ἐπανίσταται,
823 826 890 867 καὶ
910 825 952 866 ἒν
971 832 1056 876 τοῖς
1078 824 1252 884 ἀνδράσι
1274 834 1359 878 τοῖς
1380 826 1542 882 λάψασι

63 891 208 943 καθὼς
239 890 349 935 κύων
378 896 460 935 τῶν
492 890 547 947 ιβ’
576 891 783 951 μυριάδας
817 893 1167 951 διαχειρισάμενος
1198 890 1296 954 ἦρξε
1331 902 1406 939 τοῦ
1437 901 1543 940 λαοῦ

8 967 54 1008 10
66 962 133 1018 ἵτη
163 961 222 1023 μ’.
284 961 498 1018 ἌβιμεἊεχ
527 960 673 1006 τούτου
699 963 789 1014 υἱὸς
818 962 886 1018 ἔτη
914 963 965 1020 γ’,
1005 964 1122 1007 Θόλα
1154 964 1223 1020 ἔτη
1253 965 1329 1022 κγ’,
1357 966 1488 1026 Ἰαεὶρ
1516 965 1537 1011 ὃ
1560 978 1593 1013 D

61 1033 104 1074 Γ
100 1032 324 1087 αλααὸίτης
354 1031 422 1087 ἔτη
455 1029 535 1086 κβ’.
603 1032 707 1086 μετὰ
730 1038 848 1075 τοῦτο
872 1032 1095 1090 ἐξήμαρτεν
1116 1033 1137 1076 ὃ
1160 1033 1281 1087 λαός,
1313 1037 1382 1078 καὶ
1412 1054 1542 1094 παρε-

35 1110 38 1113 ’
63 1100 173 1156 δόθη
197 1108 283 1152 τοῖς
303 1101 538 1156 Ἅμανίταις
560 1099 628 1157 ἔτη
654 1100 719 1157 ιη’.
790 1101 926 1145 ἔπειτα
945 1104 1019 1158 τὴν
1037 1103 1140 1160 πρὸς
1152 1104 1253 1146 θεὸν
1272 1104 1544 1160 ποιησάμενος

60 1169 259 1214 ἐπάνοδον
277 1170 473 1223 σώζονται
492 1171 560 1213 διὰ
581 1176 655 1214 τοῦ
672 1170 849 1228 Ἰεφθάε
870 1177 943 1215 τοῦ
962 1174 1004 1214 Γ
1001 1175 1223 1216 αλααδίτου
1243 1173 1311 1230 Ξ-’τη
1331 1173 1380 1225 ς’.
1438 1177 1543 1229 μετὰ

59 1245 204 1284 τοῦτον
226 1240 434 1295 Ἐσσεβὼν
466 1240 533 1296 ἔτη
569 1239 617 1293 ζ’.
688 1242 792 1283 κατὰ
821 1241 990 1292 τούτους
1020 1243 1117 1294 τοὺς
1138 1242 1315 1301 χρόνους
1341 1243 1387 1287 τὸ
1411 1243 1542 1288 Ἴλιον

6 1319 51 1356 15
64 1311 234 1366 ἐκτίσθη
268 1312 336 1352 καὶ
369 1308 395 1365 ἧ
429 1311 585 1367 Τροία,
630 1312 698 1352 καὶ
724 1311 967 1366 Ἀσκληπιὸς
995 1312 1069 1366 τὴν
1099 1313 1285 1370 ἰατρικὴν
1318 1313 1542 1370 ἐπιστήμην

59 1378 210 1437 μετῄει.
273 1379 428 1436 Ἔγλών
458 1377 480 1421 ὅ
509 1381 805 1435 Βαβυλωνίτης
833 1379 900 1436 ἔτη
933 1380 973 1423 ι’.
1037 1381 1198 1436 Ἀβδὼν
1227 1383 1316 1433 υἱὸς
1341 1385 1490 1437 Σελεὶμ
1518 1381 1540 1426 ὃ

59 1451 401 1507 Μαραθωνίτης,
437 1448 485 1499 ὃς
513 1443 565 1504 ἦν
597 1448 731 1506 πατὴρ
765 1451 922 1493 παίδων
951 1449 996 1505 μ’
1027 1454 1094 1493 καὶ
1125 1450 1297 1507 ἐκγόνων
1325 1451 1376 1504 λ’,
1413 1452 1542 1510 ἔκρινε

58 1519 131 1562 τὸν
147 1518 322 1576 Ἰσραὴλ
344 1518 412 1574 ἕτη
434 1516 488 1573 η’.
558 1518 663 1560 κατὰ
680 1517 852 1570 τούτους
871 1519 968 1570 τοὺς
984 1520 1161 1578 χρόνους
1172 1521 1351 1578 Ὀρφεὺς
1373 1519 1395 1564 ὃ
1423 1522 1543 1582 Θρᾲξ

58 1586 82 1631 ὃ
103 1588 266 1646 λυρικὸς
286 1589 355 1630 καὶ
370 1591 549 1643 ποιητῶν
569 1585 760 1630 ἁπάντων
778 1587 1075 1644 ἐπισημότατος
1092 1591 1193 1647 παρ’
1207 1590 1399 1645 ’Έλλησιν
1418 1592 1543 1647 ἔγνω-

1 1659 188 1716 ξορίζετο
199 1690 214 1711 ,
249 1657 295 1709 ὃς
321 1659 364 1700 ἓν
392 1663 615 1714 ποιητικοῖς
637 1659 790 1713 στίχοις
810 1660 901 1716 περὶ
926 1661 1135 1714 στοιχείων
1155 1658 1358 1715 ποιήσεως
1376 1662 1445 1703 καὶ
1467 1660 1541 1703 dv-
1564 1668 1593 1703 P
1616 1668 1662 1704 84

57 1726 234 1788 θρώπου
267 1728 479 1784 γενέσεως,
513 1729 582 1770 καὶ
613 1727 752 1785 φωτὸς
779 1729 823 1779 ἐξ
854 1729 1024 1786 αἰθέρος
1051 1729 1258 1784 ἕλλαμψιν
1286 1733 1541 1788 φιλοσοφῶν,

151 1872 171 1907 1
196 1866 347 1914 Σισάρα
367 1869 403 1906 R
566 1871 590 1906 3
610 1867 784 1916 α’νῃρὲθη
808 1870 843 1905 R
1000 1871 1024 1906 9
1047 1870 1145 1915 τῶν]
1169 1870 1247 1905 τῶν
1268 1869 1416 1919 ἐχθρῶν
1427 1875 1541 1916 sorte.

147 1929 269 1963 margo
286 1918 317 1952 P
429 1918 475 1953 10
495 1913 660 1962 τούτου]
686 1915 750 1952 καὶ
775 1914 795 1952 ὁ
820 1914 963 1953 τούτου
985 1919 1019 1953 R
1132 1915 1244 1953 θοίλα
1265 1920 1300 1954 R
1399 1919 1445 1955 14
1467 1916 1541 1954 ἐσε-

150 1963 232 2010 βῶν
255 1965 291 2000 R
430 1965 475 2000 16
498 1961 522 1998 ι’
546 1975 667 2010 margo
690 1963 743 2009 P,
772 1962 805 2004 ς’
830 1964 865 1999 R

54 2090 181 2127 Sisera
209 2090 389 2138 copiarum
419 2090 548 2126 labimi
574 2090 791 2138 imperatore
826 2102 979 2137 pugnam
1014 2089 1207 2134 commisit,
1251 2093 1433 2136 totumque
1464 2090 1540 2126 eius

54 2139 249 2174 exercitum
281 2138 387 2173 fudit.
436 2137 514 2185 ipse
545 2138 669 2174 Sisera
723 2138 806 2173 edes
832 2138 975 2183 fugiens
1006 2149 1027 2171 a
1055 2137 1149 2171 Iaela
1176 2147 1287 2172 uxore
1311 2137 1542 2172 Coschameri

54 2185 208 2220 Cinnaei
229 2185 439 2220 interfectus
465 2188 540 2229 est,
564 2184 654 2219 mala
677 2197 696 2219 c
710 2197 777 2219 avo
801 2186 1040 2219 trausadacta.
1090 2194 1132 2217 ea
1150 2187 1363 2228 tempestate
1386 2183 1540 2218 Cadmus

44 2231 194 2266 Thebis
226 2232 406 2276 regnavit.
453 2231 643 2266 secundum
672 2231 836 2266 Deborae
869 2235 1016 2265 mortem
1045 2241 1167 2264 rursus
1197 2229 1346 2274 deliquit
1377 2229 1541 2276 populuS,

52 2277 335 2323 Madianitisque
357 2278 539 2312 vexandus
563 2290 631 2324 per
652 2283 788 2324 septem
820 2289 931 2312 annos
961 2276 1133 2312 divinitus
1157 2280 1213 2311 est
1235 2276 1428 2310 exhibitum.
1477 2287 1539 2310 eos

53 2325 206 2360 Gedeon
236 2325 333 2359 tribu
363 2323 617 2370 Manassaeus‚
652 2325 826 2359 victoriae
856 2324 988 2359 fiducia
1014 2322 1127 2367 signis
1151 2334 1172 2356 a
1196 2323 1263 2356 deo
1290 2322 1383 2357 datis
1407 2322 1539 2356 confi:-

52 2376 168 2416 mata,
203 2382 280 2406 cum
304 2382 409 2405 manu
431 2371 587 2406 virorum
611 2371 672 2416 qui
695 2383 818 2406 canum
847 2383 944 2405 more
973 2381 1099 2415 aquam
1121 2369 1307 2403 lambendo
1337 2368 1540 2403 hausissent

52 2419 200 2453 adortus
223 2423 298 2461 est,
324 2429 368 2452 ac
391 2417 575 2453 exstinctis
595 2429 714 2452 eorum
740 2419 808 2453 120
827 2417 966 2452 milibus
990 2415 1112 2462 populi
1130 2427 1197 2461 per
1219 2414 1454 2461 quadraginta
1474 2426 1542 2450 au-

52 2476 118 2499 nos
141 2465 213 2499 dux
234 2464 318 2500 fuit.
367 2469 449 2510 post
482 2464 575 2498 hunc
605 2464 827 2499 Abimelecus
860 2463 953 2498 filius
983 2462 1081 2505 eius,
1116 2473 1226 2496 annos
1246 2463 1291 2505 3,
1325 2460 1460 2496 Tholas
1481 2461 1540 2506 23,

50 2511 167 2546 Iairus
190 2510 396 2546 Galaadites
418 2512 478 2545 22.
526 2511 610 2545 inde
635 2512 680 2545 ob
708 2523 773 2545 sua
796 2516 945 2557 peecata
972 2509 1123 2555 populus
1154 2507 1364 2542 Ammonitis
1398 2506 1541 2543 deditus

52 2562 129 2603 est,
164 2559 209 2593 ab
239 2569 354 2603 eoque
391 2559 434 2593 18
465 2569 577 2592 annos
608 2557 810 2592 divexatus.
857 2569 936 2591 cum
965 2562 1082 2590 autem
1114 2555 1160 2589 ad
1189 2555 1291 2589 deum
1314 2554 1538 2599 revertisset,

50 2616 118 2651 per
138 2604 326 2650 Iephtham
352 2603 575 2639 Galaaditam
599 2604 631 2638 is
655 2615 717 2639 eos
743 2603 924 2641 liberavit.
973 2602 1139 2648 princeps
1161 2600 1285 2647 populi
1308 2600 1378 2636 fuit
1394 2600 1454 2635 hie
1474 2612 1540 2636 un-

51 2662 118 2686 nos
141 2652 176 2686 6.
224 2657 307 2697 post
329 2650 422 2686 hunc
446 2651 610 2686 Essebon
629 2651 677 2692 7„
713 2662 756 2685 eo
782 2651 860 2685 sere
882 2655 1043 2693 tempore
1063 2647 1176 2682 Troia
1199 2653 1237 2682 et
1257 2647 1361 2683 Ilium
1381 2647 1542 2683 condun-

51 2702 131 2742 tur,
168 2701 207 2732 et
236 2697 467 2744 Aesculapius
500 2703 612 2732 artem
646 2697 814 2732 medicam
843 2694 1041 2730 constituit.
1089 2694 1208 2739 Eglon
1235 2693 1451 2729 Zabulonius
1474 2705 1540 2728 an-

50 2755 118 2778 nos
151 2746 208 2779 10.
265 2745 393 2779 Abdou
424 2744 556 2779 Selemi
585 2742 679 2777 filius
710 2742 1010 2785 Pharathonstes,
1043 2740 1101 2775 cui
1133 2740 1368 2787 quadraginta
1394 2740 1541 2775 fuerunt

50 2789 141 2833 filii,
172 2794 322 2836 nepotes
346 2791 519 2836 triginta,
543 2789 746 2824 Israelicum
771 2788 935 2835 populum
955 2786 1051 2822 rexit
1073 2798 1184 2821 annos
1207 2788 1243 2822 8.
1290 2787 1359 2821 hoc
1381 2791 1543 2832 tempore

51 2836 146 2882 apud
180 2837 340 2872 Graecos
369 2838 524 2872 innotuit
557 2836 721 2882 Orpheus
753 2836 901 2878 Thrax,
938 2833 1073 2879 lyricus
1107 2833 1328 2879 omniumque
1356 2839 1542 2879 poetarum

19 2918 23 2921 μ
50 2882 317 2918 celeberrimus.
363 2883 396 2919 is
423 2884 462 2919 in
486 2883 710 2930 poematibus
734 2883 807 2917 suis
830 2880 999 2927 plurimos
1022 2891 1148 2915 versus
1170 2880 1292 2926 posuit
1316 2881 1362 2915 de
1386 2879 1539 2914 elemen-

49 2931 167 2964 torum
187 2934 269 2965 ortu
288 2929 445 2978 itemque
468 2930 619 2966 hominis
640 2928 829 2965 nativitate
841 2954 851 2974 ,
875 2926 963 2963 lucis
988 2938 1033 2964 ex
1056 2926 1203 2962 aethere
1219 2926 1406 2963 effulsione
1424 2924 1539 2972 philo-
