<?xml version="1.0" encoding="UTF-8"?>
<!DOCTYPE html PUBLIC "-//W3C//DTD XHTML 1.0 Transitional//EN"
    "http://www.w3.org/TR/xhtml1/DTD/xhtml1-transitional.dtd">
<html xmlns="http://www.w3.org/1999/xhtml" xml:lang="en" lang="en">
 <head>
  <title>
</title>
<meta http-equiv="Content-Type" content="text/html;charset=utf-8" />
  <meta name='ocr-system' content='tesseract 3.04.00' />
  <meta name='ocr-capabilities' content='ocr_page ocr_carea ocr_par ocr_line ocrx_word'/>
</head>
<body>
  <div class='ocr_page' id='page_1' title='image "./corpusscriptorum13niebuoft_0776.png"; bbox 0 0 1742 3184; ppageno 0'>
   <div class='ocr_carea' id='block_1_1' title="bbox 192 160 1213 212">
    <p class='ocr_par' dir='ltr' id='par_1_1' title="bbox 192 160 1213 212">
     <span class='ocr_line' id='line_1_1' title="bbox 192 160 1213 212; baseline -0.004 -1"><span class='ocrx_word' id='word_1_1' title='bbox 192 163 304 212; x_wconf 72' lang='lat'><em>752</em></span> <span class='ocrx_word' id='word_1_2' title='bbox 683 161 930 210; x_wconf 85' lang='lat' dir='ltr'>GEORGII</span> <span class='ocrx_word' id='word_1_3' title='bbox 965 160 1213 207; x_wconf 88' lang='lat' dir='ltr'>CEDRENI</span> 
     </span>
    </p>
   </div>
   <div class='ocr_carea' id='block_1_2' title="bbox 55 272 1742 1942">
    <p class='ocr_par' dir='ltr' id='par_1_2' title="bbox 201 272 1690 407">
     <span class='ocr_line' id='line_1_2' title="bbox 202 272 1690 338; baseline -0.002 -15"><span class='ocrx_word' id='word_1_4' title='bbox 202 278 397 338; x_wconf 72' lang='grc' dir='ltr'><em>ἐπέμφθη</em></span> <span class='ocrx_word' id='word_1_5' title='bbox 419 278 597 334; x_wconf 67' lang='lat' dir='ltr'><strong>Masslag</strong></span> <span class='ocrx_word' id='word_1_6' title='bbox 614 276 694 322; x_wconf 75' lang='grc' dir='ltr'><em>ὕπὸ</em></span> <span class='ocrx_word' id='word_1_7' title='bbox 718 276 917 336; x_wconf 78' lang='grc' dir='ltr'><em>Οὗμάρου</em></span> <span class='ocrx_word' id='word_1_8' title='bbox 942 276 1171 335; x_wconf 81' lang='grc' dir='ltr'><em>στρατηγὸς</em></span> <span class='ocrx_word' id='word_1_9' title='bbox 1189 277 1257 321; x_wconf 82' lang='grc' dir='ltr'><em>καὶ</em></span> <span class='ocrx_word' id='word_1_10' title='bbox 1280 276 1445 336; x_wconf 81' lang='grc' dir='ltr'><em>ἇμηρᾶς</em></span> <span class='ocrx_word' id='word_1_11' title='bbox 1461 272 1596 333; x_wconf 88' lang='grc' dir='ltr'><em>πάσης</em></span> <span class='ocrx_word' id='word_1_12' title='bbox 1616 281 1690 334; x_wconf 76' lang='grc' dir='ltr'><em>τῆς</em></span> 
     </span>
     <span class='ocr_line' id='line_1_3' title="bbox 201 345 1552 407; baseline -0.003 -13"><span class='ocrx_word' id='word_1_13' title='bbox 201 347 281 394; x_wconf 68' lang='grc' dir='ltr'><em>ὕπὸ</em></span> <span class='ocrx_word' id='word_1_14' title='bbox 299 348 396 400; x_wconf 72' lang='grc' dir='ltr'><em>τοὺς</em></span> <span class='ocrx_word' id='word_1_15' title='bbox 417 348 686 406; x_wconf 77' lang='grc' dir='ltr'><em>Σαρακηνοὺς</em></span> <span class='ocrx_word' id='word_1_16' title='bbox 704 347 847 405; x_wconf 82' lang='grc' dir='ltr'><em>χώρας</em></span> <span class='ocrx_word' id='word_1_17' title='bbox 870 347 949 390; x_wconf 82' lang='grc' dir='ltr'><em>ἀπὸ</em></span> <span class='ocrx_word' id='word_1_18' title='bbox 969 346 1189 404; x_wconf 76' lang='grc' dir='ltr'><em>Αἰγύπτου</em></span> <span class='ocrx_word' id='word_1_19' title='bbox 1213 347 1290 398; x_wconf 68' lang='grc' dir='ltr'><em>ἕως</em></span> <span class='ocrx_word' id='word_1_20' title='bbox 1309 345 1552 407; x_wconf 79' lang='grc' dir='ltr'><em>Εὐφράτου.</em></span> 
     </span>
    </p>

    <p class='ocr_par' dir='ltr' id='par_1_3' title="bbox 199 415 1722 685">
     <span class='ocr_line' id='line_1_4' title="bbox 342 415 1687 477; baseline -0.001 -16"><span class='ocrx_word' id='word_1_21' title='bbox 342 422 419 477; x_wconf 74' lang='grc' dir='ltr'><em>Τῷ</em></span> <span class='ocrx_word' id='word_1_22' title='bbox 440 417 510 462; x_wconf 77' lang='grc' dir='ltr'><em>κθ”</em></span> <span class='ocrx_word' id='word_1_23' title='bbox 533 419 610 462; x_wconf 70' lang='grc' dir='ltr'><em>ἔτει</em></span> <span class='ocrx_word' id='word_1_24' title='bbox 633 416 949 475; x_wconf 80' lang='grc' dir='ltr'><em>παραλαμβάνει</em></span> <span class='ocrx_word' id='word_1_25' title='bbox 975 417 1061 461; x_wconf 59' lang='lat' dir='ltr'><em>&#39;Iao</em></span> <span class='ocrx_word' id='word_1_26' title='bbox 1096 417 1170 473; x_wconf 82' lang='grc' dir='ltr'><em>τὴν</em></span> <span class='ocrx_word' id='word_1_27' title='bbox 1198 415 1374 460; x_wconf 74' lang='grc' dir='ltr'><em>’Έὸεσαν</em></span> <span class='ocrx_word' id='word_1_28' title='bbox 1407 415 1566 474; x_wconf 85' lang='grc' dir='ltr'><em>λόγοις,</em></span> <span class='ocrx_word' id='word_1_29' title='bbox 1612 416 1687 472; x_wconf 81' lang='grc' dir='ltr'><em>τὴν</em></span> 
     </span>
     <span class='ocr_line' id='line_1_5' title="bbox 200 484 1688 547; baseline -0.004 -14"><span class='ocrx_word' id='word_1_30' title='bbox 200 489 248 533; x_wconf 73' lang='grc' dir='ltr'><em>δὲ</em></span> <span class='ocrx_word' id='word_1_31' title='bbox 267 486 578 533; x_wconf 85' lang='grc' dir='ltr'><em>Κωνστάντειαν</em></span> <span class='ocrx_word' id='word_1_32' title='bbox 609 488 796 547; x_wconf 73' lang='grc' dir='ltr'><em>πολέμῳ,</em></span> <span class='ocrx_word' id='word_1_33' title='bbox 846 485 997 542; x_wconf 83' lang='grc' dir='ltr'><em>ὁμοίως</em></span> <span class='ocrx_word' id='word_1_34' title='bbox 1023 488 1093 531; x_wconf 85' lang='grc' dir='ltr'><em>καὶ</em></span> <span class='ocrx_word' id='word_1_35' title='bbox 1123 486 1171 531; x_wconf 79' lang='grc' dir='ltr'><em>τὸ</em></span> <span class='ocrx_word' id='word_1_36' title='bbox 1193 484 1366 545; x_wconf 86' lang='grc' dir='ltr'><em>Δαράς,</em></span> <span class='ocrx_word' id='word_1_37' title='bbox 1411 489 1480 530; x_wconf 83' lang='grc' dir='ltr'><em>καὶ</em></span> <span class='ocrx_word' id='word_1_38' title='bbox 1510 486 1688 537; x_wconf 78' lang='grc' dir='ltr'><em>πολλοὺς</em></span> 
     </span>
     <span class='ocr_line' id='line_1_6' title="bbox 199 555 1722 617; baseline -0.003 -15"><span class='ocrx_word' id='word_1_39' title='bbox 199 560 242 602; x_wconf 72' lang='grc' dir='ltr'><em>ἓν</em></span> <span class='ocrx_word' id='word_1_40' title='bbox 266 557 396 617; x_wconf 81' lang='grc' dir='ltr'><em>ταύτῃ</em></span> <span class='ocrx_word' id='word_1_41' title='bbox 419 557 616 602; x_wconf 78' lang='grc' dir='ltr'><em>ἀπώλεσε.</em></span> <span class='ocrx_word' id='word_1_42' title='bbox 683 558 752 601; x_wconf 80' lang='grc' dir='ltr'><em>καὶ</em></span> <span class='ocrx_word' id='word_1_43' title='bbox 779 555 911 609; x_wconf 79' lang='grc' dir='ltr'><em>οὕτως</em></span> <span class='ocrx_word' id='word_1_44' title='bbox 929 557 1159 617; x_wconf 78' lang='grc' dir='ltr'><em>παρέλαβεν</em></span> <span class='ocrx_word' id='word_1_45' title='bbox 1175 557 1259 601; x_wconf 74' lang='grc' dir='ltr'><em>’1ὰὸ</em></span> <span class='ocrx_word' id='word_1_46' title='bbox 1283 560 1422 601; x_wconf 83' lang='grc' dir='ltr'><em>πᾶσαν</em></span> <span class='ocrx_word' id='word_1_47' title='bbox 1443 557 1519 613; x_wconf 84' lang='grc' dir='ltr'><em>τὴν</em></span> <span class='ocrx_word' id='word_1_48' title='bbox 1538 558 1722 600; x_wconf 83' lang='grc' dir='ltr'><em>Μεσο-5</em></span> 
     </span>
     <span class='ocr_line' id='line_1_7' title="bbox 199 630 418 685; baseline -0.009 -12"><span class='ocrx_word' id='word_1_49' title='bbox 199 630 418 685; x_wconf 80' lang='grc' dir='ltr'><em>ποταμίαν.</em></span> 
     </span>
    </p>

    <p class='ocr_par' dir='ltr' id='par_1_4' title="bbox 198 693 1742 966">
     <span class='ocr_line' id='line_1_8' title="bbox 341 693 1691 757; baseline -0.004 -16"><span class='ocrx_word' id='word_1_50' title='bbox 341 703 415 757; x_wconf 76' lang='grc' dir='ltr'><em>Τῷ</em></span> <span class='ocrx_word' id='word_1_51' title='bbox 437 697 482 740; x_wconf 75' lang='grc' dir='ltr'><em>δὲ</em></span> <span class='ocrx_word' id='word_1_52' title='bbox 506 694 542 738; x_wconf 85' lang='grc' dir='ltr'><em>λ’</em></span> <span class='ocrx_word' id='word_1_53' title='bbox 566 694 642 739; x_wconf 65' lang='grc' dir='ltr'><em>ἔτει</em></span> <span class='ocrx_word' id='word_1_54' title='bbox 665 693 990 754; x_wconf 74' lang='grc' dir='ltr'><em>ἐπεστράτευσαν</em></span> <span class='ocrx_word' id='word_1_55' title='bbox 1018 696 1057 740; x_wconf 80' lang='grc' dir='ltr'><em>οἳ</em></span> <span class='ocrx_word' id='word_1_56' title='bbox 1084 697 1320 754; x_wconf 75' lang='grc' dir='ltr'><em>Σαρακηνοὶ</em></span> <span class='ocrx_word' id='word_1_57' title='bbox 1347 695 1454 740; x_wconf 78' lang='grc' dir='ltr'><em>κατὰ</em></span> <span class='ocrx_word' id='word_1_58' title='bbox 1469 694 1691 753; x_wconf 77' lang='grc' dir='ltr'><em>Περσίδος,</em></span> 
     </span>
     <span class='ocr_line' id='line_1_9' title="bbox 200 762 1690 824; baseline -0.003 -13"><span class='ocrx_word' id='word_1_59' title='bbox 200 769 268 812; x_wconf 85' lang='grc' dir='ltr'><em>καὶ</em></span> <span class='ocrx_word' id='word_1_60' title='bbox 297 767 531 824; x_wconf 75' lang='grc' dir='ltr'><em>νικήσαντες</em></span> <span class='ocrx_word' id='word_1_61' title='bbox 561 764 718 817; x_wconf 78' lang='grc' dir='ltr'><em>πάντας</em></span> <span class='ocrx_word' id='word_1_62' title='bbox 747 765 845 818; x_wconf 78' lang='grc' dir='ltr'><em>τοὺς</em></span> <span class='ocrx_word' id='word_1_63' title='bbox 866 766 1039 824; x_wconf 75' lang='grc' dir='ltr'><em>Πέρσας</em></span> <span class='ocrx_word' id='word_1_64' title='bbox 1059 764 1277 818; x_wconf 76' lang='grc' dir='ltr'><em>ῧπέταξαν.</em></span> <span class='ocrx_word' id='word_1_65' title='bbox 1340 764 1571 824; x_wconf 77' lang='grc' dir='ltr'><em>Ὄρμίσδας</em></span> <span class='ocrx_word' id='word_1_66' title='bbox 1595 765 1640 807; x_wconf 74' lang='grc' dir='ltr'><em>δὲ</em></span> <span class='ocrx_word' id='word_1_67' title='bbox 1668 762 1690 807; x_wconf 81' lang='grc' dir='ltr'><strong>ὅ</strong></span> 
     </span>
     <span class='ocr_line' id='line_1_10' title="bbox 198 834 1693 894; baseline -0.003 -13"><span class='ocrx_word' id='word_1_68' title='bbox 198 838 393 894; x_wconf 73' lang='grc' dir='ltr'><em>βασιλεὺς</em></span> <span class='ocrx_word' id='word_1_69' title='bbox 409 841 491 880; x_wconf 80' lang='grc' dir='ltr'><em>τῶν</em></span> <span class='ocrx_word' id='word_1_70' title='bbox 503 838 683 894; x_wconf 77' lang='grc' dir='ltr'><em>Περσῶν</em></span> <span class='ocrx_word' id='word_1_71' title='bbox 702 840 816 894; x_wconf 83' lang='grc' dir='ltr'><em>φυγῇ</em></span> <span class='ocrx_word' id='word_1_72' title='bbox 829 834 1092 894; x_wconf 83' lang='grc' dir='ltr'><em>χρησάμενος</em></span> <span class='ocrx_word' id='word_1_73' title='bbox 1111 837 1174 879; x_wconf 75' lang='grc' dir='ltr'><em>ἐπὶ</em></span> <span class='ocrx_word' id='word_1_74' title='bbox 1195 836 1292 888; x_wconf 77' lang='grc' dir='ltr'><em>τοὺς</em></span> <span class='ocrx_word' id='word_1_75' title='bbox 1309 836 1504 894; x_wconf 74' lang='grc' dir='ltr'><em>ἐνδοτέρω</em></span> <span class='ocrx_word' id='word_1_76' title='bbox 1522 835 1693 891; x_wconf 74' lang='grc' dir='ltr'><em>Πέρσας</em></span> 
     </span>
     <span class='ocr_line' id='line_1_11' title="bbox 199 903 1742 966; baseline -0.003 -15"><span class='ocrx_word' id='word_1_77' title='bbox 199 906 461 966; x_wconf 75' lang='grc' dir='ltr'><em>καταφεύγει.</em></span> <span class='ocrx_word' id='word_1_78' title='bbox 531 905 570 949; x_wconf 77' lang='grc' dir='ltr'><em>οἱ</em></span> <span class='ocrx_word' id='word_1_79' title='bbox 610 906 654 949; x_wconf 79' lang='grc' dir='ltr'><em>δὲ</em></span> <span class='ocrx_word' id='word_1_80' title='bbox 691 907 926 965; x_wconf 84' lang='grc' dir='ltr'><em>Σαρακηνοὶ</em></span> <span class='ocrx_word' id='word_1_81' title='bbox 965 904 1252 963; x_wconf 72' lang='grc' dir='ltr'><em>αἰχμαλώτους</em></span> <span class='ocrx_word' id='word_1_82' title='bbox 1286 905 1361 957; x_wconf 84' lang='grc' dir='ltr'><em>τὰς</em></span> <span class='ocrx_word' id='word_1_83' title='bbox 1387 910 1463 949; x_wconf 83' lang='grc' dir='ltr'><em>τοῦ</em></span> <span class='ocrx_word' id='word_1_84' title='bbox 1492 903 1690 963; x_wconf 84' lang='grc' dir='ltr'><em>Χοσρόου</em></span> <span class='ocrx_word' id='word_1_85' title='bbox 1703 910 1742 946; x_wconf 83' lang='grc'><em>10</em></span> 
     </span>
    </p>

    <p class='ocr_par' dir='ltr' id='par_1_5' title="bbox 55 974 1691 1175">
     <span class='ocr_line' id='line_1_12' title="bbox 55 974 1690 1035; baseline -0.002 -14"><span class='ocrx_word' id='word_1_86' title='bbox 55 986 85 1021; x_wconf 88' lang='grc' dir='ltr'>Ρ</span> <span class='ocrx_word' id='word_1_87' title='bbox 106 986 176 1023; x_wconf 87' lang='grc'><em>430</em></span> <span class='ocrx_word' id='word_1_88' title='bbox 199 978 435 1035; x_wconf 72' lang='grc' dir='ltr'><em>θυγατέρας</em></span> <span class='ocrx_word' id='word_1_89' title='bbox 458 974 547 1030; x_wconf 82' lang='grc' dir='ltr'><em>ἅμα</em></span> <span class='ocrx_word' id='word_1_90' title='bbox 565 980 616 1034; x_wconf 79' lang='grc' dir='ltr'><em>τῇ</em></span> <span class='ocrx_word' id='word_1_91' title='bbox 637 980 834 1034; x_wconf 82' lang='grc' dir='ltr'><em>βασιλικῇ</em></span> <span class='ocrx_word' id='word_1_92' title='bbox 855 976 1063 1034; x_wconf 82' lang='grc' dir='ltr'><em>ἀποσκευῇ</em></span> <span class='ocrx_word' id='word_1_93' title='bbox 1081 975 1226 1033; x_wconf 75' lang='grc' dir='ltr'><em>ἄγουσι</em></span> <span class='ocrx_word' id='word_1_94' title='bbox 1247 975 1352 1034; x_wconf 81' lang='grc' dir='ltr'><em>πρὸς</em></span> <span class='ocrx_word' id='word_1_95' title='bbox 1375 975 1585 1031; x_wconf 72' lang='grc' dir='ltr'><em>Οὕμαρον.</em></span> <span class='ocrx_word' id='word_1_96' title='bbox 1633 978 1690 1032; x_wconf 76' lang='grc' dir='ltr'><em>τῷ</em></span> 
     </span>
     <span class='ocr_line' id='line_1_13' title="bbox 200 1043 1691 1106; baseline -0.003 -15"><span class='ocrx_word' id='word_1_97' title='bbox 200 1048 244 1091; x_wconf 75' lang='grc' dir='ltr'><em>δ’</em></span> <span class='ocrx_word' id='word_1_98' title='bbox 267 1047 380 1106; x_wconf 77' lang='grc' dir='ltr'><em>αὐτῷ</em></span> <span class='ocrx_word' id='word_1_99' title='bbox 407 1044 548 1104; x_wconf 77' lang='grc' dir='ltr'><em>χρόνῳ</em></span> <span class='ocrx_word' id='word_1_100' title='bbox 572 1053 684 1089; x_wconf 85' lang='grc' dir='ltr'><em>ποιεῖ’</em></span> <span class='ocrx_word' id='word_1_101' title='bbox 706 1045 953 1105; x_wconf 81' lang='grc' dir='ltr'><em>ἀναγραφὴν</em></span> <span class='ocrx_word' id='word_1_102' title='bbox 977 1045 1176 1104; x_wconf 68' lang='grc' dir='ltr'><em>Οὕμαρος</em></span> <span class='ocrx_word' id='word_1_103' title='bbox 1206 1044 1342 1102; x_wconf 85' lang='grc' dir='ltr'><em>πάσης</em></span> <span class='ocrx_word' id='word_1_104' title='bbox 1363 1050 1438 1102; x_wconf 83' lang='grc' dir='ltr'><em>τῆς</em></span> <span class='ocrx_word' id='word_1_105' title='bbox 1459 1043 1532 1088; x_wconf 75' lang='grc' dir='ltr'><em>ὕπ’</em></span> <span class='ocrx_word' id='word_1_106' title='bbox 1565 1043 1691 1089; x_wconf 79' lang='grc' dir='ltr'><em>αὐτὸν</em></span> 
     </span>
     <span class='ocr_line' id='line_1_14' title="bbox 202 1113 1426 1175; baseline -0.002 -14"><span class='ocrx_word' id='word_1_107' title='bbox 202 1118 463 1173; x_wconf 75' lang='grc' dir='ltr'><em>οἷκουμένης,</em></span> <span class='ocrx_word' id='word_1_108' title='bbox 497 1119 580 1159; x_wconf 79' lang='grc' dir='ltr'><em>τῶν</em></span> <span class='ocrx_word' id='word_1_109' title='bbox 596 1133 638 1158; x_wconf 87' lang='grc' dir='ltr'><em>τε</em></span> <span class='ocrx_word' id='word_1_110' title='bbox 659 1113 894 1174; x_wconf 73' lang='grc' dir='ltr'><em>ἀνθρώπων</em></span> <span class='ocrx_word' id='word_1_111' title='bbox 915 1118 985 1159; x_wconf 85' lang='grc' dir='ltr'><em>καὶ</em></span> <span class='ocrx_word' id='word_1_112' title='bbox 1007 1120 1164 1172; x_wconf 81' lang='grc' dir='ltr'><em>κτηνῶν</em></span> <span class='ocrx_word' id='word_1_113' title='bbox 1181 1118 1248 1159; x_wconf 85' lang='grc' dir='ltr'><em>καὶ</em></span> <span class='ocrx_word' id='word_1_114' title='bbox 1271 1120 1426 1175; x_wconf 81' lang='grc' dir='ltr'><em>φυτῶν.</em></span> 
     </span>
    </p>

    <p class='ocr_par' dir='ltr' id='par_1_6' title="bbox 200 1182 1742 1316">
     <span class='ocr_line' id='line_1_15' title="bbox 341 1182 1692 1247; baseline -0.004 -17"><span class='ocrx_word' id='word_1_115' title='bbox 341 1191 416 1246; x_wconf 77' lang='grc' dir='ltr'><em>Τῷ</em></span> <span class='ocrx_word' id='word_1_116' title='bbox 439 1184 504 1229; x_wconf 81' lang='grc' dir='ltr'><em>λα’</em></span> <span class='ocrx_word' id='word_1_117' title='bbox 528 1184 606 1229; x_wconf 67' lang='grc' dir='ltr'><em>ἔτει</em></span> <span class='ocrx_word' id='word_1_118' title='bbox 627 1190 795 1247; x_wconf 75' lang='grc' dir='ltr'><em>τελευτᾷ</em></span> <span class='ocrx_word' id='word_1_119' title='bbox 821 1184 1070 1243; x_wconf 70' lang='grc' dir='ltr'><em>ἾΙράκλειος</em></span> <span class='ocrx_word' id='word_1_120' title='bbox 1097 1185 1294 1241; x_wconf 72' lang='grc' dir='ltr'><em>βασιλεὺς</em></span> <span class='ocrx_word' id='word_1_121' title='bbox 1319 1182 1562 1242; x_wconf 76' lang='grc' dir='ltr'><em>ὗδεριάσας,</em></span> <span class='ocrx_word' id='word_1_122' title='bbox 1594 1183 1692 1239; x_wconf 87' lang='grc' dir='ltr'><em>μηνὶ</em></span> 
     </span>
     <span class='ocr_line' id='line_1_16' title="bbox 200 1250 1742 1316; baseline -0.005 -14"><span class='ocrx_word' id='word_1_123' title='bbox 200 1258 386 1316; x_wconf 79' lang='grc' dir='ltr'><em>Μαρτίῳ</em></span> <span class='ocrx_word' id='word_1_124' title='bbox 414 1254 483 1309; x_wconf 85' lang='grc' dir='ltr'><em>ια’,</em></span> <span class='ocrx_word' id='word_1_125' title='bbox 516 1255 769 1310; x_wconf 78' lang='grc' dir='ltr'><em>βασιλεύσας</em></span> <span class='ocrx_word' id='word_1_126' title='bbox 790 1255 859 1313; x_wconf 68' lang='grc' dir='ltr'><em>ἔτη</em></span> <span class='ocrx_word' id='word_1_127' title='bbox 881 1254 918 1298; x_wconf 85' lang='grc' dir='ltr'><em>λ’</em></span> <span class='ocrx_word' id='word_1_128' title='bbox 939 1260 1075 1312; x_wconf 82' lang='grc' dir='ltr'><em>μῆνας</em></span> <span class='ocrx_word' id='word_1_129' title='bbox 1096 1255 1136 1300; x_wconf 89' lang='grc' dir='ltr'><em>ι’.</em></span> <span class='ocrx_word' id='word_1_130' title='bbox 1208 1250 1328 1307; x_wconf 71' lang='grc' dir='ltr'><em>οὗτος</em></span> <span class='ocrx_word' id='word_1_131' title='bbox 1344 1253 1423 1300; x_wconf 71' lang='grc' dir='ltr'><em>ὑπὸ</em></span> <span class='ocrx_word' id='word_1_132' title='bbox 1441 1254 1691 1299; x_wconf 71' lang='grc' dir='ltr'><em>Ἀθανασίου</em></span> <span class='ocrx_word' id='word_1_133' title='bbox 1705 1259 1742 1295; x_wconf 82' lang='grc'><em>15</em></span> 
     </span>
    </p>

    <p class='ocr_par' dir='ltr' id='par_1_7' title="bbox 171 1324 1694 1594">
     <span class='ocr_line' id='line_1_17' title="bbox 171 1324 1693 1385; baseline -0.003 -15"><span class='ocrx_word' id='word_1_134' title='bbox 171 1347 174 1354; x_wconf 53' lang='lat'><em>¹</em></span> <span class='ocrx_word' id='word_1_135' title='bbox 200 1325 457 1385; x_wconf 77' lang='grc' dir='ltr'><em>πατριάρχου</em></span> <span class='ocrx_word' id='word_1_136' title='bbox 485 1330 567 1369; x_wconf 82' lang='grc' dir='ltr'><em>τῶν</em></span> <span class='ocrx_word' id='word_1_137' title='bbox 589 1325 836 1381; x_wconf 79' lang='grc' dir='ltr'><em>Ἰακωβιτῶν</em></span> <span class='ocrx_word' id='word_1_138' title='bbox 863 1327 932 1369; x_wconf 81' lang='grc' dir='ltr'><em>καὶ</em></span> <span class='ocrx_word' id='word_1_139' title='bbox 963 1327 1135 1385; x_wconf 84' lang='grc' dir='ltr'><em>Σεργίου</em></span> <span class='ocrx_word' id='word_1_140' title='bbox 1165 1330 1241 1369; x_wconf 81' lang='grc' dir='ltr'><em>τοῦ</em></span> <span class='ocrx_word' id='word_1_141' title='bbox 1263 1324 1400 1384; x_wconf 77' lang='grc' dir='ltr'><em>Σύρου</em></span> <span class='ocrx_word' id='word_1_142' title='bbox 1427 1327 1693 1369; x_wconf 85' lang='grc' dir='ltr'><em>Κωνσταντι-</em></span> 
     </span>
     <span class='ocr_line' id='line_1_18' title="bbox 199 1395 1693 1454; baseline -0.003 -13"><span class='ocrx_word' id='word_1_143' title='bbox 199 1395 430 1448; x_wconf 83' lang='grc' dir='ltr'><em>νουπόλεως</em></span> <span class='ocrx_word' id='word_1_144' title='bbox 447 1396 677 1452; x_wconf 76' lang='grc' dir='ltr'><em>ἀπατηθεὶς</em></span> <span class='ocrx_word' id='word_1_145' title='bbox 698 1399 754 1448; x_wconf 83' lang='grc' dir='ltr'><em>εἶς</em></span> <span class='ocrx_word' id='word_1_146' title='bbox 771 1395 846 1452; x_wconf 87' lang='grc' dir='ltr'><em>τὴν</em></span> <span class='ocrx_word' id='word_1_147' title='bbox 864 1397 1019 1454; x_wconf 74' lang='grc' dir='ltr'><em>αἵρεσιν</em></span> <span class='ocrx_word' id='word_1_148' title='bbox 1036 1400 1117 1440; x_wconf 84' lang='grc' dir='ltr'><em>τῶν</em></span> <span class='ocrx_word' id='word_1_149' title='bbox 1129 1399 1420 1452; x_wconf 76' lang='grc' dir='ltr'><em>μονοθ·ελητῶν</em></span> <span class='ocrx_word' id='word_1_150' title='bbox 1438 1395 1693 1450; x_wconf 75' lang='grc' dir='ltr'><em>ἐξεκυλίσθη,</em></span> 
     </span>
     <span class='ocr_line' id='line_1_19' title="bbox 199 1459 1692 1525; baseline -0.002 -16"><span class='ocrx_word' id='word_1_151' title='bbox 199 1469 268 1510; x_wconf 82' lang='grc' dir='ltr'><em>καὶ</em></span> <span class='ocrx_word' id='word_1_152' title='bbox 291 1466 343 1523; x_wconf 78' lang='grc' dir='ltr'><em>δὴ</em></span> <span class='ocrx_word' id='word_1_153' title='bbox 366 1466 472 1523; x_wconf 79' lang='grc' dir='ltr'><em>μετὰ</em></span> <span class='ocrx_word' id='word_1_154' title='bbox 489 1470 621 1510; x_wconf 78' lang='grc' dir='ltr'><em>ταῦτα</em></span> <span class='ocrx_word' id='word_1_155' title='bbox 645 1464 753 1525; x_wconf 76' lang='grc' dir='ltr'><em>νόσῳ</em></span> <span class='ocrx_word' id='word_1_156' title='bbox 775 1466 1007 1524; x_wconf 73' lang='grc' dir='ltr'><em>περιπεσὼν</em></span> <span class='ocrx_word' id='word_1_157' title='bbox 1027 1464 1221 1525; x_wconf 76' lang='grc' dir='ltr'><em>ὗὸερικῇ,</em></span> <span class='ocrx_word' id='word_1_158' title='bbox 1256 1467 1315 1509; x_wconf 74' lang='grc' dir='ltr'><em>δι’</em></span> <span class='ocrx_word' id='word_1_159' title='bbox 1343 1459 1394 1522; x_wconf 70' lang='grc' dir='ltr'><em>ἧς</em></span> <span class='ocrx_word' id='word_1_160' title='bbox 1415 1468 1484 1509; x_wconf 82' lang='grc' dir='ltr'><em>καὶ</em></span> <span class='ocrx_word' id='word_1_161' title='bbox 1505 1466 1692 1519; x_wconf 72' lang='grc' dir='ltr'><em>τέθνηκε,</em></span> 
     </span>
     <span class='ocr_line' id='line_1_20' title="bbox 200 1531 1694 1594; baseline -0.003 -14"><span class='ocrx_word' id='word_1_162' title='bbox 200 1539 341 1588; x_wconf 73' lang='grc' dir='ltr'><em>δεινῶς</em></span> <span class='ocrx_word' id='word_1_163' title='bbox 371 1538 630 1592; x_wconf 72' lang='grc' dir='ltr'><em>ἐτιμωρεῖτο·</em></span> <span class='ocrx_word' id='word_1_164' title='bbox 678 1536 744 1578; x_wconf 72' lang='grc' dir='ltr'><em>ἐπὶ</em></span> <span class='ocrx_word' id='word_1_165' title='bbox 775 1541 972 1580; x_wconf 79' lang='grc' dir='ltr'><em>τοσοῦτον</em></span> <span class='ocrx_word' id='word_1_166' title='bbox 1004 1535 1084 1594; x_wconf 77' lang='grc' dir='ltr'><em>γὰρ</em></span> <span class='ocrx_word' id='word_1_167' title='bbox 1116 1535 1162 1580; x_wconf 83' lang='grc' dir='ltr'><em>τὸ</em></span> <span class='ocrx_word' id='word_1_168' title='bbox 1194 1532 1336 1587; x_wconf 71' lang='grc' dir='ltr'><em>πάθος</em></span> <span class='ocrx_word' id='word_1_169' title='bbox 1366 1533 1600 1590; x_wconf 55' lang='lat' dir='ltr'><strong>guard-971,</strong></span> <span class='ocrx_word' id='word_1_170' title='bbox 1637 1531 1694 1585; x_wconf 82' lang='grc' dir='ltr'><em>ὥς</em></span> 
     </span>
    </p>

    <p class='ocr_par' dir='ltr' id='par_1_8' title="bbox 147 1602 1742 1942">
     <span class='ocr_line' id='line_1_21' title="bbox 147 1602 1742 1665; baseline -0.002 -15"><span class='ocrx_word' id='word_1_171' title='bbox 147 1619 177 1655; x_wconf 91' lang='grc' dir='ltr'>Β</span> <span class='ocrx_word' id='word_1_172' title='bbox 201 1606 320 1663; x_wconf 76' lang='grc' dir='ltr'><em>ἡνίκα</em></span> <span class='ocrx_word' id='word_1_173' title='bbox 349 1607 543 1665; x_wconf 81' lang='grc' dir='ltr'><em>ἀπουρεΐν</em></span> <span class='ocrx_word' id='word_1_174' title='bbox 570 1605 732 1660; x_wconf 64' lang='grc' dir='ltr'><em>ἔμελλε,</em></span> <span class='ocrx_word' id='word_1_175' title='bbox 768 1607 915 1649; x_wconf 76' lang='grc' dir='ltr'><em>σανίδα</em></span> <span class='ocrx_word' id='word_1_176' title='bbox 938 1607 1139 1649; x_wconf 75' lang='grc' dir='ltr'><em>τίθεσθαι</em></span> <span class='ocrx_word' id='word_1_177' title='bbox 1169 1605 1275 1649; x_wconf 82' lang='grc' dir='ltr'><em>κατὰ</em></span> <span class='ocrx_word' id='word_1_178' title='bbox 1295 1610 1368 1649; x_wconf 79' lang='grc' dir='ltr'><em>τοῦ</em></span> <span class='ocrx_word' id='word_1_179' title='bbox 1397 1605 1525 1663; x_wconf 76' lang='grc' dir='ltr'><em>ἤτρου</em></span> <span class='ocrx_word' id='word_1_180' title='bbox 1556 1602 1626 1646; x_wconf 80' lang='grc' dir='ltr'><em>διὰ</em></span> <span class='ocrx_word' id='word_1_181' title='bbox 1645 1603 1691 1646; x_wconf 87' lang='grc' dir='ltr'><em>τὸ</em></span> <span class='ocrx_word' id='word_1_182' title='bbox 1702 1611 1742 1647; x_wconf 76' lang='lat'><em>20</em></span> 
     </span>
     <span class='ocr_line' id='line_1_22' title="bbox 200 1668 1694 1735; baseline -0.002 -15"><span class='ocrx_word' id='word_1_183' title='bbox 200 1677 457 1735; x_wconf 73' lang='grc' dir='ltr'><em>στρέφεσθαι</em></span> <span class='ocrx_word' id='word_1_184' title='bbox 479 1675 526 1719; x_wconf 77' lang='grc' dir='ltr'><em>τὸ</em></span> <span class='ocrx_word' id='word_1_185' title='bbox 557 1677 714 1718; x_wconf 79' lang='grc' dir='ltr'><em>αἲὸοῖον</em></span> <span class='ocrx_word' id='word_1_186' title='bbox 745 1675 874 1718; x_wconf 79' lang='grc' dir='ltr'><em>αὐτοῦ</em></span> <span class='ocrx_word' id='word_1_187' title='bbox 904 1677 973 1719; x_wconf 82' lang='grc' dir='ltr'><em>καὶ</em></span> <span class='ocrx_word' id='word_1_188' title='bbox 1006 1675 1112 1719; x_wconf 78' lang='grc' dir='ltr'><em>κατὰ</em></span> <span class='ocrx_word' id='word_1_189' title='bbox 1143 1679 1218 1719; x_wconf 80' lang='grc' dir='ltr'><em>τοῦ</em></span> <span class='ocrx_word' id='word_1_190' title='bbox 1246 1672 1469 1734; x_wconf 82' lang='grc' dir='ltr'><em>προσώπου</em></span> <span class='ocrx_word' id='word_1_191' title='bbox 1499 1673 1545 1717; x_wconf 80' lang='grc' dir='ltr'><em>τὸ</em></span> <span class='ocrx_word' id='word_1_192' title='bbox 1570 1668 1694 1731; x_wconf 71' lang='grc' dir='ltr'><em>οὖρον</em></span> 
     </span>
     <span class='ocr_line' id='line_1_23' title="bbox 198 1739 1694 1803; baseline -0.003 -14"><span class='ocrx_word' id='word_1_193' title='bbox 198 1747 463 1801; x_wconf 77' lang='grc' dir='ltr'><em>ἀναπέμπειν.</em></span> <span class='ocrx_word' id='word_1_194' title='bbox 533 1744 698 1801; x_wconf 64' lang='grc' dir='ltr'><em>ἔλεγχος</em></span> <span class='ocrx_word' id='word_1_195' title='bbox 720 1746 764 1787; x_wconf 79' lang='grc' dir='ltr'><em>δὲ</em></span> <span class='ocrx_word' id='word_1_196' title='bbox 784 1739 835 1800; x_wconf 74' lang='grc' dir='ltr'><em>ἦν</em></span> <span class='ocrx_word' id='word_1_197' title='bbox 855 1750 976 1789; x_wconf 84' lang='grc' dir='ltr'><em>τοῦτο</em></span> <span class='ocrx_word' id='word_1_198' title='bbox 1008 1750 1081 1800; x_wconf 82' lang='grc' dir='ltr'><em>τῆς</em></span> <span class='ocrx_word' id='word_1_199' title='bbox 1112 1743 1263 1788; x_wconf 69' lang='grc' dir='ltr'><em>ἑαυτοῦ</em></span> <span class='ocrx_word' id='word_1_200' title='bbox 1284 1746 1543 1803; x_wconf 90' lang='grc' dir='ltr'><em>παρανομίας</em></span> <span class='ocrx_word' id='word_1_201' title='bbox 1565 1744 1694 1786; x_wconf 67' lang='grc' dir='ltr'><em>ἕνεκεν</em></span> 
     </span>
     <span class='ocr_line' id='line_1_24' title="bbox 197 1811 1693 1872; baseline -0.001 -14"><span class='ocrx_word' id='word_1_202' title='bbox 197 1821 273 1859; x_wconf 82' lang='grc' dir='ltr'><em>τοῦ</em></span> <span class='ocrx_word' id='word_1_203' title='bbox 309 1818 366 1866; x_wconf 81' lang='grc' dir='ltr'><em>εἷς</em></span> <span class='ocrx_word' id='word_1_204' title='bbox 400 1815 475 1871; x_wconf 81' lang='grc' dir='ltr'><em>τὴν</em></span> <span class='ocrx_word' id='word_1_205' title='bbox 511 1816 620 1858; x_wconf 80' lang='grc' dir='ltr'><em>ῗὸίαν</em></span> <span class='ocrx_word' id='word_1_206' title='bbox 660 1814 837 1869; x_wconf 78' lang='grc' dir='ltr'><em>ἀνεψιὰν</em></span> <span class='ocrx_word' id='word_1_207' title='bbox 877 1817 1103 1871; x_wconf 83' lang='grc' dir='ltr'><em>Μαρτῖναν</em></span> <span class='ocrx_word' id='word_1_208' title='bbox 1146 1813 1501 1872; x_wconf 86' lang='grc' dir='ltr'><em>παρανομωτάτου</em></span> <span class='ocrx_word' id='word_1_209' title='bbox 1542 1811 1693 1870; x_wconf 81' lang='grc' dir='ltr'><em>γάμου.</em></span> 
     </span>
     <span class='ocr_line' id='line_1_25' title="bbox 199 1881 1693 1942; baseline -0.001 -15"><span class='ocrx_word' id='word_1_210' title='bbox 199 1884 323 1941; x_wconf 67' lang='grc' dir='ltr'><em>ἐτέθη</em></span> <span class='ocrx_word' id='word_1_211' title='bbox 355 1885 400 1928; x_wconf 74' lang='grc' dir='ltr'><em>δὲ</em></span> <span class='ocrx_word' id='word_1_212' title='bbox 420 1884 467 1928; x_wconf 83' lang='grc' dir='ltr'><em>τὸ</em></span> <span class='ocrx_word' id='word_1_213' title='bbox 494 1888 616 1938; x_wconf 81' lang='grc' dir='ltr'><em>σῶμα</em></span> <span class='ocrx_word' id='word_1_214' title='bbox 647 1883 776 1926; x_wconf 77' lang='grc' dir='ltr'><em>αὐτοῦ</em></span> <span class='ocrx_word' id='word_1_215' title='bbox 808 1884 850 1927; x_wconf 75' lang='grc' dir='ltr'><em>ἓν</em></span> <span class='ocrx_word' id='word_1_216' title='bbox 883 1882 1081 1942; x_wconf 82' lang='grc' dir='ltr'><em>λάρνακι,</em></span> <span class='ocrx_word' id='word_1_217' title='bbox 1116 1886 1186 1927; x_wconf 84' lang='grc' dir='ltr'><em>καὶ</em></span> <span class='ocrx_word' id='word_1_218' title='bbox 1215 1883 1367 1939; x_wconf 58' lang='grc' dir='ltr'><em>εζιιεινεν</em></span> <span class='ocrx_word' id='word_1_219' title='bbox 1395 1883 1567 1935; x_wconf 74' lang='grc' dir='ltr'><em>ἇσκεπὲς</em></span> <span class='ocrx_word' id='word_1_220' title='bbox 1590 1881 1693 1939; x_wconf 72' lang='grc' dir='ltr'><em>ἡμέ-</em></span> 
     </span>
    </p>
   </div>
   <div class='ocr_carea' id='block_1_3' title="bbox 173 2038 1696 2929">
    <p class='ocr_par' dir='ltr' id='par_1_9' title="bbox 173 2038 1696 2929">
     <span class='ocr_line' id='line_1_26' title="bbox 200 2038 1692 2088; baseline -0.001 -12"><span class='ocrx_word' id='word_1_221' title='bbox 200 2042 257 2076; x_wconf 82' lang='lat' dir='ltr'><em>est</em></span> <span class='ocrx_word' id='word_1_222' title='bbox 278 2038 420 2076; x_wconf 87' lang='lat' dir='ltr'><strong>Mavias</strong></span> <span class='ocrx_word' id='word_1_223' title='bbox 445 2039 574 2075; x_wconf 83' lang='lat' dir='ltr'><strong>ductor</strong></span> <span class='ocrx_word' id='word_1_224' title='bbox 596 2044 633 2075; x_wconf 85' lang='lat' dir='ltr'><em>et</em></span> <span class='ocrx_word' id='word_1_225' title='bbox 656 2051 792 2076; x_wconf 79' lang='lat' dir='ltr'><strong>amerus</strong></span> <span class='ocrx_word' id='word_1_226' title='bbox 817 2040 929 2077; x_wconf 88' lang='lat' dir='ltr'><strong>omnis</strong></span> <span class='ocrx_word' id='word_1_227' title='bbox 952 2051 1045 2088; x_wconf 83' lang='lat' dir='ltr'><strong>quae</strong></span> <span class='ocrx_word' id='word_1_228' title='bbox 1067 2041 1277 2077; x_wconf 85' lang='lat' dir='ltr'><strong>Sarracenis</strong></span> <span class='ocrx_word' id='word_1_229' title='bbox 1299 2041 1446 2078; x_wconf 76' lang='lat' dir='ltr'><strong>suberat</strong></span> <span class='ocrx_word' id='word_1_230' title='bbox 1466 2039 1624 2086; x_wconf 82' lang='lat' dir='ltr'>regionis</span> <span class='ocrx_word' id='word_1_231' title='bbox 1648 2039 1692 2075; x_wconf 87' lang='lat' dir='ltr'><strong>ab</strong></span> 
     </span>
     <span class='ocr_line' id='line_1_27' title="bbox 199 2087 1291 2133; baseline 0.003 -12"><span class='ocrx_word' id='word_1_232' title='bbox 199 2088 366 2133; x_wconf 82' lang='lat' dir='ltr'><strong>Aegypto</strong></span> <span class='ocrx_word' id='word_1_233' title='bbox 392 2098 505 2133; x_wconf 83' lang='lat' dir='ltr'><strong>usque</strong></span> <span class='ocrx_word' id='word_1_234' title='bbox 530 2088 575 2123; x_wconf 88' lang='lat' dir='ltr'><strong>ad</strong></span> <span class='ocrx_word' id='word_1_235' title='bbox 597 2087 824 2133; x_wconf 80' lang='lat' dir='ltr'><strong>Euphraten.</strong></span> <span class='ocrx_word' id='word_1_236' title='bbox 1288 2108 1291 2111; x_wconf 77' lang='grc'><strong>-</strong></span> 
     </span>
     <span class='ocr_line' id='line_1_28' title="bbox 291 2133 1694 2181; baseline -0.001 -13"><span class='ocrx_word' id='word_1_237' title='bbox 291 2135 393 2168; x_wconf 88' lang='lat' dir='ltr'><strong>Anno</strong></span> <span class='ocrx_word' id='word_1_238' title='bbox 419 2135 464 2169; x_wconf 71' lang='lat'><em>29</em></span> <span class='ocrx_word' id='word_1_239' title='bbox 489 2134 595 2169; x_wconf 87' lang='lat' dir='ltr'><strong>Iadus</strong></span> <span class='ocrx_word' id='word_1_240' title='bbox 619 2134 792 2169; x_wconf 84' lang='lat' dir='ltr'>Edessam</span> <span class='ocrx_word' id='word_1_241' title='bbox 818 2133 1017 2181; x_wconf 87' lang='lat' dir='ltr'><strong>colloquio,</strong></span> <span class='ocrx_word' id='word_1_242' title='bbox 1051 2134 1296 2170; x_wconf 77' lang='lat' dir='ltr'><strong>Constantiam</strong></span> <span class='ocrx_word' id='word_1_243' title='bbox 1321 2134 1359 2169; x_wconf 89' lang='lat' dir='ltr'><strong>vi</strong></span> <span class='ocrx_word' id='word_1_244' title='bbox 1383 2133 1501 2180; x_wconf 83' lang='lat' dir='ltr'><strong>capit,</strong></span> <span class='ocrx_word' id='word_1_245' title='bbox 1536 2133 1694 2178; x_wconf 81' lang='lat' dir='ltr'>itemque</span> 
     </span>
     <span class='ocr_line' id='line_1_29' title="bbox 199 2179 1693 2234; baseline 0 -20"><span class='ocrx_word' id='word_1_246' title='bbox 199 2179 315 2215; x_wconf 86' lang='lat' dir='ltr'><strong>Daras</strong></span> <span class='ocrx_word' id='word_1_247' title='bbox 322 2206 338 2234; x_wconf 67' lang='lat'><em>2</em></span> <span class='ocrx_word' id='word_1_248' title='bbox 372 2180 411 2215; x_wconf 91' lang='lat' dir='ltr'><strong>in</strong></span> <span class='ocrx_word' id='word_1_249' title='bbox 444 2191 513 2226; x_wconf 88' lang='lat' dir='ltr'><em>quo</em></span> <span class='ocrx_word' id='word_1_250' title='bbox 541 2180 669 2216; x_wconf 84' lang='lat' dir='ltr'><strong>multos</strong></span> <span class='ocrx_word' id='word_1_251' title='bbox 693 2181 891 2217; x_wconf 81' lang='lat' dir='ltr'><strong>interfecit.</strong></span> <span class='ocrx_word' id='word_1_252' title='bbox 938 2186 1046 2227; x_wconf 88' lang='lat' dir='ltr'><strong>atque</strong></span> <span class='ocrx_word' id='word_1_253' title='bbox 1069 2181 1122 2217; x_wconf 88' lang='lat' dir='ltr'><em>sic</em></span> <span class='ocrx_word' id='word_1_254' title='bbox 1143 2182 1250 2217; x_wconf 89' lang='lat' dir='ltr'><strong>Iadus</strong></span> <span class='ocrx_word' id='word_1_255' title='bbox 1274 2185 1384 2217; x_wconf 83' lang='lat' dir='ltr'><strong>totam</strong></span> <span class='ocrx_word' id='word_1_256' title='bbox 1407 2180 1550 2226; x_wconf 84' lang='lat' dir='ltr'>subegit</span> <span class='ocrx_word' id='word_1_257' title='bbox 1571 2180 1693 2215; x_wconf 88' lang='lat' dir='ltr'><strong>Meso—</strong></span> 
     </span>
     <span class='ocr_line' id='line_1_30' title="bbox 227 2232 404 2263; baseline 0 -1"><span class='ocrx_word' id='word_1_258' title='bbox 227 2232 404 2263; x_wconf 79' lang='lat' dir='ltr'><strong>otamlam.</strong></span> 
     </span>
     <span class='ocr_line' id='line_1_31' title="bbox 199 2238 1694 2321; baseline -0.001 -13"><span class='ocrx_word' id='word_1_259' title='bbox 199 2238 223 2273; x_wconf 78' lang='lat' dir='ltr'>P</span> <span class='ocrx_word' id='word_1_260' title='bbox 292 2273 394 2308; x_wconf 87' lang='lat' dir='ltr'><strong>Anno</strong></span> <span class='ocrx_word' id='word_1_261' title='bbox 429 2274 477 2310; x_wconf 82' lang='lat'><em>30</em></span> <span class='ocrx_word' id='word_1_262' title='bbox 512 2274 701 2310; x_wconf 82' lang='lat' dir='ltr'><strong>Sarraceni</strong></span> <span class='ocrx_word' id='word_1_263' title='bbox 732 2273 875 2309; x_wconf 81' lang='lat' dir='ltr'>Persidi</span> <span class='ocrx_word' id='word_1_264' title='bbox 913 2274 1041 2310; x_wconf 88' lang='lat' dir='ltr'><strong>bellum</strong></span> <span class='ocrx_word' id='word_1_265' title='bbox 1083 2274 1299 2321; x_wconf 81' lang='lat' dir='ltr'><strong>intulerunt,</strong></span> <span class='ocrx_word' id='word_1_266' title='bbox 1337 2273 1527 2320; x_wconf 82' lang='lat' dir='ltr'><strong>victosque</strong></span> <span class='ocrx_word' id='word_1_267' title='bbox 1563 2273 1694 2308; x_wconf 83' lang='lat' dir='ltr'><strong>Persas</strong></span> 
     </span>
     <span class='ocr_line' id='line_1_32' title="bbox 202 2319 1694 2367; baseline -0.001 -11"><span class='ocrx_word' id='word_1_268' title='bbox 202 2332 322 2356; x_wconf 91' lang='lat' dir='ltr'><strong>omnes</strong></span> <span class='ocrx_word' id='word_1_269' title='bbox 350 2319 422 2356; x_wconf 88' lang='lat' dir='ltr'>sibi</span> <span class='ocrx_word' id='word_1_270' title='bbox 454 2320 703 2366; x_wconf 80' lang='lat' dir='ltr'><strong>subiugarunt.</strong></span> <span class='ocrx_word' id='word_1_271' title='bbox 751 2321 961 2356; x_wconf 86' lang='lat' dir='ltr'><strong>Hormisdas</strong></span> <span class='ocrx_word' id='word_1_272' title='bbox 991 2320 1180 2356; x_wconf 79' lang='lat' dir='ltr'><strong>Persarum</strong></span> <span class='ocrx_word' id='word_1_273' title='bbox 1212 2334 1277 2357; x_wconf 87' lang='lat' dir='ltr'><em>rex</em></span> <span class='ocrx_word' id='word_1_274' title='bbox 1308 2322 1394 2367; x_wconf 83' lang='lat' dir='ltr'><strong>fuga</strong></span> <span class='ocrx_word' id='word_1_275' title='bbox 1428 2322 1474 2356; x_wconf 78' lang='lat' dir='ltr'><strong>ad</strong></span> <span class='ocrx_word' id='word_1_276' title='bbox 1505 2320 1694 2355; x_wconf 86' lang='lat' dir='ltr'><strong>interiores</strong></span> 
     </span>
     <span class='ocr_line' id='line_1_33' title="bbox 197 2367 1694 2415; baseline -0.001 -14"><span class='ocrx_word' id='word_1_277' title='bbox 197 2367 332 2402; x_wconf 85' lang='lat' dir='ltr'><strong>Persas</strong></span> <span class='ocrx_word' id='word_1_278' title='bbox 362 2367 489 2402; x_wconf 79' lang='lat' dir='ltr'><strong>evasit.</strong></span> <span class='ocrx_word' id='word_1_279' title='bbox 538 2368 731 2403; x_wconf 85' lang='lat' dir='ltr'><strong>Sarraceni</strong></span> <span class='ocrx_word' id='word_1_280' title='bbox 755 2368 938 2403; x_wconf 89' lang='lat' dir='ltr'><strong>Chosroae</strong></span> <span class='ocrx_word' id='word_1_281' title='bbox 971 2368 1062 2403; x_wconf 81' lang='lat' dir='ltr'><strong>filias</strong></span> <span class='ocrx_word' id='word_1_282' title='bbox 1096 2368 1257 2415; x_wconf 85' lang='lat' dir='ltr'><strong>captivas</strong></span> <span class='ocrx_word' id='word_1_283' title='bbox 1290 2379 1367 2402; x_wconf 91' lang='lat' dir='ltr'><strong>cum</strong></span> <span class='ocrx_word' id='word_1_284' title='bbox 1392 2367 1487 2403; x_wconf 89' lang='lat' dir='ltr'><strong>omni</strong></span> <span class='ocrx_word' id='word_1_285' title='bbox 1509 2367 1610 2413; x_wconf 80' lang='lat' dir='ltr'><strong>regia</strong></span> <span class='ocrx_word' id='word_1_286' title='bbox 1632 2377 1694 2401; x_wconf 90' lang='lat' dir='ltr'><strong>su·—</strong></span> 
     </span>
     <span class='ocr_line' id='line_1_34' title="bbox 199 2413 1696 2461; baseline 0.001 -14"><span class='ocrx_word' id='word_1_287' title='bbox 199 2413 377 2460; x_wconf 88' lang='lat' dir='ltr'><strong>pellectile</strong></span> <span class='ocrx_word' id='word_1_288' title='bbox 402 2414 446 2448; x_wconf 90' lang='lat' dir='ltr'><strong>ad</strong></span> <span class='ocrx_word' id='word_1_289' title='bbox 471 2415 638 2449; x_wconf 85' lang='lat' dir='ltr'><strong>Umarum</strong></span> <span class='ocrx_word' id='word_1_290' title='bbox 663 2416 898 2450; x_wconf 83' lang='lat' dir='ltr'><strong>abduxerunt.</strong></span> <span class='ocrx_word' id='word_1_291' title='bbox 925 2427 968 2449; x_wconf 89' lang='lat' dir='ltr'><em>eo</em></span> <span class='ocrx_word' id='word_1_292' title='bbox 993 2414 1072 2460; x_wconf 89' lang='lat' dir='ltr'><strong>ipso</strong></span> <span class='ocrx_word' id='word_1_293' title='bbox 1097 2420 1258 2461; x_wconf 88' lang='lat' dir='ltr'><strong>tempore</strong></span> <span class='ocrx_word' id='word_1_294' title='bbox 1276 2416 1429 2450; x_wconf 82' lang='lat' dir='ltr'><strong>Umarus</strong></span> <span class='ocrx_word' id='word_1_295' title='bbox 1454 2426 1597 2450; x_wconf 86' lang='lat' dir='ltr'><strong>censum</strong></span> <span class='ocrx_word' id='word_1_296' title='bbox 1621 2413 1696 2459; x_wconf 83' lang='lat' dir='ltr'><strong>egit</strong></span> 
     </span>
     <span class='ocr_line' id='line_1_35' title="bbox 173 2461 1625 2508; baseline 0.001 -13"><span class='ocrx_word' id='word_1_297' title='bbox 173 2465 181 2474; x_wconf 84' lang='lat'>&#39;</span> <span class='ocrx_word' id='word_1_298' title='bbox 198 2471 266 2507; x_wconf 87' lang='lat' dir='ltr'><em>per</em></span> <span class='ocrx_word' id='word_1_299' title='bbox 290 2472 409 2496; x_wconf 90' lang='lat' dir='ltr'><strong>omnes</strong></span> <span class='ocrx_word' id='word_1_300' title='bbox 434 2472 514 2495; x_wconf 86' lang='lat' dir='ltr'><strong>suas</strong></span> <span class='ocrx_word' id='word_1_301' title='bbox 540 2461 712 2508; x_wconf 86' lang='lat' dir='ltr'><strong>diciones,</strong></span> <span class='ocrx_word' id='word_1_302' title='bbox 737 2461 912 2496; x_wconf 89' lang='lat' dir='ltr'><strong>hominum</strong></span> <span class='ocrx_word' id='word_1_303' title='bbox 935 2461 1077 2508; x_wconf 88' lang='lat' dir='ltr'><strong>pecoris</strong></span> <span class='ocrx_word' id='word_1_304' title='bbox 1104 2467 1141 2496; x_wconf 84' lang='lat' dir='ltr'><em>et</em></span> <span class='ocrx_word' id='word_1_305' title='bbox 1161 2461 1337 2508; x_wconf 84' lang='lat' dir='ltr'><em>stirpium.</em></span> <span class='ocrx_word' id='word_1_306' title='bbox 1622 2479 1625 2483; x_wconf 59' lang='lat'><em>›</em></span> 
     </span>
     <span class='ocr_line' id='line_1_36' title="bbox 292 2507 1693 2555; baseline -0.001 -13"><span class='ocrx_word' id='word_1_307' title='bbox 292 2507 394 2542; x_wconf 92' lang='lat' dir='ltr'><strong>Anno</strong></span> <span class='ocrx_word' id='word_1_308' title='bbox 420 2508 463 2543; x_wconf 88' lang='grc'><em>31</em></span> <span class='ocrx_word' id='word_1_309' title='bbox 490 2508 690 2553; x_wconf 85' lang='lat' dir='ltr'><strong>Heraclius,</strong></span> <span class='ocrx_word' id='word_1_310' title='bbox 723 2508 782 2544; x_wconf 90' lang='lat' dir='ltr'><em>die</em></span> <span class='ocrx_word' id='word_1_311' title='bbox 807 2510 847 2544; x_wconf 90' lang='lat'><em>11</em></span> <span class='ocrx_word' id='word_1_312' title='bbox 872 2508 997 2543; x_wconf 86' lang='lat' dir='ltr'><strong>Martii</strong></span> <span class='ocrx_word' id='word_1_313' title='bbox 1022 2520 1067 2543; x_wconf 87' lang='lat' dir='ltr'><em>ex</em></span> <span class='ocrx_word' id='word_1_314' title='bbox 1090 2508 1253 2555; x_wconf 86' lang='lat' dir='ltr'><strong>hydrope</strong></span> <span class='ocrx_word' id='word_1_315' title='bbox 1276 2507 1444 2552; x_wconf 86' lang='lat' dir='ltr'><strong>moritur,</strong></span> <span class='ocrx_word' id='word_1_316' title='bbox 1480 2518 1557 2543; x_wconf 88' lang='lat' dir='ltr'><strong>cum</strong></span> <span class='ocrx_word' id='word_1_317' title='bbox 1580 2507 1693 2553; x_wconf 80' lang='lat' dir='ltr'><strong>impe-</strong></span> 
     </span>
     <span class='ocr_line' id='line_1_37' title="bbox 199 2554 1691 2599; baseline -0.001 -11"><span class='ocrx_word' id='word_1_318' title='bbox 199 2558 318 2588; x_wconf 86' lang='lat' dir='ltr'><strong>rasset</strong></span> <span class='ocrx_word' id='word_1_319' title='bbox 355 2566 465 2589; x_wconf 88' lang='lat' dir='ltr'><strong>annos</strong></span> <span class='ocrx_word' id='word_1_320' title='bbox 502 2555 549 2590; x_wconf 84' lang='lat'><em>30</em></span> <span class='ocrx_word' id='word_1_321' title='bbox 579 2567 717 2590; x_wconf 89' lang='lat' dir='ltr'><strong>menses</strong></span> <span class='ocrx_word' id='word_1_322' title='bbox 754 2557 811 2590; x_wconf 88' lang='lat'><em>10.</em></span> <span class='ocrx_word' id='word_1_323' title='bbox 860 2555 919 2590; x_wconf 85' lang='lat' dir='ltr'><em>hic</em></span> <span class='ocrx_word' id='word_1_324' title='bbox 943 2555 988 2590; x_wconf 88' lang='lat' dir='ltr'><strong>ab</strong></span> <span class='ocrx_word' id='word_1_325' title='bbox 1013 2554 1206 2590; x_wconf 79' lang='lat' dir='ltr'><strong>Athanasio</strong></span> <span class='ocrx_word' id='word_1_326' title='bbox 1235 2555 1540 2590; x_wconf 35' lang='lat' dir='ltr'><strong>Iacobitarumvet</strong></span> <span class='ocrx_word' id='word_1_327' title='bbox 1563 2554 1691 2599; x_wconf 79' lang='lat' dir='ltr'><strong>Sergio</strong></span> 
     </span>
     <span class='ocr_line' id='line_1_38' title="bbox 201 2600 1693 2647; baseline 0.001 -13"><span class='ocrx_word' id='word_1_328' title='bbox 201 2600 296 2644; x_wconf 88' lang='lat' dir='ltr'><strong>Syro</strong></span> <span class='ocrx_word' id='word_1_329' title='bbox 323 2601 446 2646; x_wconf 85' lang='lat' dir='ltr'><strong>Cpolis</strong></span> <span class='ocrx_word' id='word_1_330' title='bbox 472 2601 684 2647; x_wconf 86' lang='lat' dir='ltr'><strong>patriarchis</strong></span> <span class='ocrx_word' id='word_1_331' title='bbox 709 2603 894 2646; x_wconf 87' lang='lat' dir='ltr'><strong>seductus,</strong></span> <span class='ocrx_word' id='word_1_332' title='bbox 932 2602 977 2637; x_wconf 83' lang='lat' dir='ltr'><strong>ad</strong></span> <span class='ocrx_word' id='word_1_333' title='bbox 1009 2601 1174 2637; x_wconf 90' lang='lat' dir='ltr'><strong>haeresin</strong></span> <span class='ocrx_word' id='word_1_334' title='bbox 1200 2601 1521 2638; x_wconf 84' lang='lat' dir='ltr'><strong>Monotheletarum</strong></span> <span class='ocrx_word' id='word_1_335' title='bbox 1546 2600 1693 2636; x_wconf 86' lang='lat' dir='ltr'><strong>devolu-</strong></span> 
     </span>
     <span class='ocr_line' id='line_1_39' title="bbox 200 2646 1694 2695; baseline 0.001 -15"><span class='ocrx_word' id='word_1_336' title='bbox 200 2650 259 2680; x_wconf 83' lang='lat' dir='ltr'><em>tus</em></span> <span class='ocrx_word' id='word_1_337' title='bbox 282 2646 365 2682; x_wconf 83' lang='lat' dir='ltr'><strong>fuit.</strong></span> <span class='ocrx_word' id='word_1_338' title='bbox 413 2654 537 2693; x_wconf 86' lang='lat' dir='ltr'><strong>postea</strong></span> <span class='ocrx_word' id='word_1_339' title='bbox 561 2649 598 2682; x_wconf 91' lang='lat' dir='ltr'><strong>in</strong></span> <span class='ocrx_word' id='word_1_340' title='bbox 623 2661 737 2694; x_wconf 86' lang='lat' dir='ltr'><strong>aquae</strong></span> <span class='ocrx_word' id='word_1_341' title='bbox 760 2648 946 2683; x_wconf 78' lang='lat' dir='ltr'><strong>intercutis</strong></span> <span class='ocrx_word' id='word_1_342' title='bbox 970 2649 1127 2683; x_wconf 88' lang='lat' dir='ltr'><strong>morbum</strong></span> <span class='ocrx_word' id='word_1_343' title='bbox 1158 2649 1322 2695; x_wconf 87' lang='lat' dir='ltr'><strong>delapsus</strong></span> <span class='ocrx_word' id='word_1_344' title='bbox 1338 2675 1348 2693; x_wconf 91' lang='lat'>,</span> <span class='ocrx_word' id='word_1_345' title='bbox 1380 2648 1443 2694; x_wconf 85' lang='lat' dir='ltr'><em>qui</em></span> <span class='ocrx_word' id='word_1_346' title='bbox 1479 2653 1514 2683; x_wconf 88' lang='lat' dir='ltr'><em>et</em></span> <span class='ocrx_word' id='word_1_347' title='bbox 1551 2647 1694 2682; x_wconf 85' lang='lat' dir='ltr'><strong>necavit</strong></span> 
     </span>
     <span class='ocr_line' id='line_1_40' title="bbox 201 2694 1694 2740; baseline 0.002 -15"><span class='ocrx_word' id='word_1_348' title='bbox 201 2702 292 2736; x_wconf 84' lang='lat' dir='ltr'><strong>eum,</strong></span> <span class='ocrx_word' id='word_1_349' title='bbox 316 2698 455 2728; x_wconf 85' lang='lat' dir='ltr'><strong>atroces</strong></span> <span class='ocrx_word' id='word_1_350' title='bbox 479 2706 612 2740; x_wconf 88' lang='lat' dir='ltr'><strong>poenas</strong></span> <span class='ocrx_word' id='word_1_351' title='bbox 637 2695 747 2730; x_wconf 80' lang='lat' dir='ltr'><strong>dedit.</strong></span> <span class='ocrx_word' id='word_1_352' title='bbox 798 2695 886 2730; x_wconf 86' lang='lat' dir='ltr'><strong>adeo</strong></span> <span class='ocrx_word' id='word_1_353' title='bbox 913 2695 1005 2730; x_wconf 86' lang='lat' dir='ltr'><strong>enim</strong></span> <span class='ocrx_word' id='word_1_354' title='bbox 1028 2695 1153 2730; x_wconf 90' lang='lat' dir='ltr'><strong>malum</strong></span> <span class='ocrx_word' id='word_1_355' title='bbox 1176 2695 1342 2740; x_wconf 87' lang='lat' dir='ltr'><strong>increvit,</strong></span> <span class='ocrx_word' id='word_1_356' title='bbox 1366 2701 1406 2730; x_wconf 85' lang='lat' dir='ltr'><em>ut</em></span> <span class='ocrx_word' id='word_1_357' title='bbox 1426 2694 1549 2729; x_wconf 88' lang='lat' dir='ltr'><strong>lotium</strong></span> <span class='ocrx_word' id='word_1_358' title='bbox 1571 2694 1694 2730; x_wconf 89' lang='lat' dir='ltr'><strong>reddi-</strong></span> 
     </span>
     <span class='ocr_line' id='line_1_41' title="bbox 201 2738 1693 2788; baseline 0.003 -17"><span class='ocrx_word' id='word_1_359' title='bbox 201 2743 303 2772; x_wconf 89' lang='lat' dir='ltr'><strong>turus</strong></span> <span class='ocrx_word' id='word_1_360' title='bbox 338 2738 500 2775; x_wconf 87' lang='lat' dir='ltr'><strong>inferiori</strong></span> <span class='ocrx_word' id='word_1_361' title='bbox 533 2741 652 2776; x_wconf 87' lang='lat' dir='ltr'><strong>ventri</strong></span> <span class='ocrx_word' id='word_1_362' title='bbox 687 2741 840 2777; x_wconf 84' lang='lat' dir='ltr'><strong>tabulam</strong></span> <span class='ocrx_word' id='word_1_363' title='bbox 865 2741 1047 2788; x_wconf 89' lang='lat' dir='ltr'><strong>imponere</strong></span> <span class='ocrx_word' id='word_1_364' title='bbox 1071 2753 1160 2788; x_wconf 88' lang='lat' dir='ltr'><strong>opus</strong></span> <span class='ocrx_word' id='word_1_365' title='bbox 1184 2742 1369 2788; x_wconf 85' lang='lat' dir='ltr'><strong>habuerit,</strong></span> <span class='ocrx_word' id='word_1_366' title='bbox 1403 2753 1445 2776; x_wconf 89' lang='lat' dir='ltr'><em>eo</em></span> <span class='ocrx_word' id='word_1_367' title='bbox 1470 2741 1564 2788; x_wconf 89' lang='lat' dir='ltr'><strong>quod</strong></span> <span class='ocrx_word' id='word_1_368' title='bbox 1587 2752 1693 2776; x_wconf 82' lang='lat' dir='ltr'><strong>vere-</strong></span> 
     </span>
     <span class='ocr_line' id='line_1_42' title="bbox 201 2784 1694 2829; baseline 0.003 -12"><span class='ocrx_word' id='word_1_369' title='bbox 201 2788 295 2818; x_wconf 84' lang='lat' dir='ltr'><strong>trum</strong></span> <span class='ocrx_word' id='word_1_370' title='bbox 318 2784 430 2829; x_wconf 91' lang='lat' dir='ltr'><strong>ipsius</strong></span> <span class='ocrx_word' id='word_1_371' title='bbox 462 2787 640 2823; x_wconf 85' lang='lat' dir='ltr'><strong>inversum</strong></span> <span class='ocrx_word' id='word_1_372' title='bbox 671 2789 806 2823; x_wconf 89' lang='lat' dir='ltr'><strong>urinam</strong></span> <span class='ocrx_word' id='word_1_373' title='bbox 827 2800 963 2823; x_wconf 87' lang='lat' dir='ltr'><strong>sursum</strong></span> <span class='ocrx_word' id='word_1_374' title='bbox 987 2800 1112 2823; x_wconf 88' lang='lat' dir='ltr'><strong>versus</strong></span> <span class='ocrx_word' id='word_1_375' title='bbox 1137 2789 1264 2823; x_wconf 86' lang='lat' dir='ltr'><strong>faciem</strong></span> <span class='ocrx_word' id='word_1_376' title='bbox 1284 2788 1474 2824; x_wconf 85' lang='lat' dir='ltr'><strong>emitteret.</strong></span> <span class='ocrx_word' id='word_1_377' title='bbox 1524 2788 1591 2823; x_wconf 92' lang='lat' dir='ltr'><em>hoc</em></span> <span class='ocrx_word' id='word_1_378' title='bbox 1616 2791 1694 2822; x_wconf 83' lang='lat' dir='ltr'><strong>erat</strong></span> 
     </span>
     <span class='ocr_line' id='line_1_43' title="bbox 203 2833 1692 2881; baseline 0.003 -18"><span class='ocrx_word' id='word_1_379' title='bbox 203 2838 444 2875; x_wconf 82' lang='lat' dir='ltr'><strong>argumentum</strong></span> <span class='ocrx_word' id='word_1_380' title='bbox 469 2834 622 2878; x_wconf 78' lang='lat' dir='ltr'><strong>flagitii,</strong></span> <span class='ocrx_word' id='word_1_381' title='bbox 661 2835 756 2880; x_wconf 89' lang='lat' dir='ltr'><strong>quod</strong></span> <span class='ocrx_word' id='word_1_382' title='bbox 789 2834 1012 2881; x_wconf 85' lang='lat' dir='ltr'><strong>perpetravit</strong></span> <span class='ocrx_word' id='word_1_383' title='bbox 1042 2835 1164 2870; x_wconf 83' lang='lat' dir='ltr'><strong>iuncta</strong></span> <span class='ocrx_word' id='word_1_384' title='bbox 1195 2835 1266 2871; x_wconf 90' lang='lat' dir='ltr'><strong>sibi</strong></span> <span class='ocrx_word' id='word_1_385' title='bbox 1288 2834 1535 2870; x_wconf 84' lang='lat' dir='ltr'><strong>incestissimis</strong></span> <span class='ocrx_word' id='word_1_386' title='bbox 1559 2833 1692 2880; x_wconf 83' lang='lat' dir='ltr'><strong>nuptiis</strong></span> 
     </span>
     <span class='ocr_line' id='line_1_44' title="bbox 204 2876 1690 2929; baseline 0.002 -17"><span class='ocrx_word' id='word_1_387' title='bbox 204 2876 417 2920; x_wconf 69' lang='lat' dir='ltr'><strong>consobrina</strong></span> <span class='ocrx_word' id='word_1_388' title='bbox 442 2890 505 2915; x_wconf 86' lang='lat' dir='ltr'><em>sua</em></span> <span class='ocrx_word' id='word_1_389' title='bbox 528 2880 697 2917; x_wconf 83' lang='lat' dir='ltr'><strong>Martina.</strong></span> <span class='ocrx_word' id='word_1_390' title='bbox 748 2892 875 2928; x_wconf 86' lang='lat' dir='ltr'><strong>corpus</strong></span> <span class='ocrx_word' id='word_1_391' title='bbox 912 2881 990 2918; x_wconf 88' lang='lat' dir='ltr'><strong>eius</strong></span> <span class='ocrx_word' id='word_1_392' title='bbox 1016 2881 1055 2918; x_wconf 85' lang='lat' dir='ltr'><strong>in</strong></span> <span class='ocrx_word' id='word_1_393' title='bbox 1087 2893 1206 2919; x_wconf 80' lang='lat' dir='ltr'><strong>arcam</strong></span> <span class='ocrx_word' id='word_1_394' title='bbox 1239 2881 1435 2929; x_wconf 85' lang='lat' dir='ltr'><strong>repositum</strong></span> <span class='ocrx_word' id='word_1_395' title='bbox 1465 2893 1532 2928; x_wconf 84' lang='lat' dir='ltr'><em>per</em></span> <span class='ocrx_word' id='word_1_396' title='bbox 1560 2882 1584 2917; x_wconf 87' lang='lat'>4</span> <span class='ocrx_word' id='word_1_397' title='bbox 1613 2881 1690 2916; x_wconf 88' lang='lat' dir='ltr'><strong>dies</strong></span> 
     </span>
    </p>
   </div>
  </div>
 </body>
</html>
