1742 3184
217 258 318 307 294
700 257 945 304 GEORGn
975 242 1223 303 CEDREM
1264 286 1266 289 -

215 376 261 420 δὲ
283 372 476 434 χρύσειον
500 375 567 419 καὶ
592 372 781 432 κειμήλια
805 373 940 418 πολλὰ
958 362 1151 417 ἀνείλετο.
1219 372 1487 432 πειραθέντος
1506 374 1551 418 δὲ
1573 374 1702 419 αῧτοῧ

213 446 411 503 ἐνδοτέρω
434 451 604 502 χωρεῖν,
641 439 690 489 οὗ
717 445 771 488 τὰ
801 441 976 498 σώματα
999 443 1144 498 Δαβὶδ
1167 445 1235 486 καὶ
1258 446 1527 500 Σολομῶντος
1551 445 1700 502 ἐτέθη-

213 533 314 570 σαν,
349 519 431 573 πῦρ
454 514 623 567 ἐξελθὸν
646 511 721 557 δύο
740 517 823 558 τῶν
846 511 1092 571 δορυφόρων
1112 513 1372 573 κατέφθειρε.

157 595 190 631 D
348 582 574 639 Γενόμενος
604 584 649 627 δὲ
680 585 736 634 εἷς
765 583 841 639 τὴν
868 583 1083 639 Αἴγυπτον
1109 581 1288 634 Ἰούλιος
1319 587 1394 639 τῆς
1426 580 1696 642 Κλεοπάτρας

207 650 397 712 κρατύνει
418 655 491 710 τὴν
510 651 664 711 ἀρχήν,
697 657 780 697 τῶν
797 653 1086 708 ἐπιτιθεμένων
1107 651 1348 704 ἀναστείλας
1367 651 1441 704 τὰς
1460 651 1692 708 ἐπιβουλάς.
1705 659 1727 696 5

205 725 274 766 καὶ
295 722 346 767 τοὶ
365 723 428 765 ἐπὶ
448 728 521 778 τῆς
545 723 746 778 ἀνατολῆς
766 721 928 766 ἅπαντα
950 720 1258 779 διοικησάμενος
1279 722 1508 778 ἐπανῆλθεν
1535 725 1593 774 εἰς
1618 723 1694 779 τὴν

200 790 362 849 Ῥώμην
379 789 660 850 μοναρχήσας.
1466 795 1468 797 ’

333 859 426 905 Ὅτι
456 859 478 904 ὅ
504 860 684 910 Ἰούλιος
710 860 795 917 μὴν
823 860 1042 912 Κυντίλιος
1079 859 1259 918 ἐλέγετο,
1302 858 1608 917 μετωνομάσθη
1647 861 1692 905 δὲ

202 930 318 988 παρὰ
341 929 576 975 Ἀντωνίου
599 930 669 974 διὰ
689 930 736 973 τὸ
756 934 1005 987 γεννηθῆναι
1033 929 1146 989 αὐτῷ
1175 928 1303 973 Γάϊον
1330 928 1524 974 Ἰούλιον.
1590 929 1613 975 ὅ
1645 931 1691 975 δὲ

202 1001 408 1052 Σεξτίλιος
426 1000 507 1044 ἀπὸ
528 998 777 1057 Αὐγούστου
797 999 1043 1057 Αὔγουστος
1050 1032 1064 1053 ,
1100 1000 1124 1043 ὅ
1146 1001 1231 1044 ἔστι
1254 997 1468 1054 σεβαστός.
1701 1006 1742 1042 10

328 1069 421 1113 Ὅτι
448 1068 628 1129 κάρμινα
655 1069 770 1129 παρὰ
780 1067 1006 1126 ’Ῥωμαίοις
1022 1070 1181 1127 λέγεται
1203 1070 1256 1113 τὰ
1279 1069 1354 1126 ἔπη
1376 1071 1446 1113 καὶ
1466 1069 1692 1128 καρμεντιά

198 1135 226 1193 ἦ
256 1139 443 1194 μαντεία.

50 1213 82 1247 Ρ
110 1214 175 1251 168
327 1208 420 1252 ’Ότι
455 1208 532 1264 τὴν
563 1204 731 1266 πρώτην
762 1210 837 1251 τοῦ
868 1206 998 1263 μηνὸς
1026 1204 1222 1262 Ῥωμαῖοι
1256 1203 1463 1258 καλάνδας
1493 1210 1689 1251 καλοῦσι·

195 1275 341 1330 νόννας
359 1279 404 1322 δὲ
421 1280 489 1322 καὶ
510 1279 643 1329 εἷδοῦς
661 1279 724 1321 ἐπὶ
739 1278 815 1332 μὲν
830 1277 1093 1334 Ἰανουαριόυ
1110 1278 1179 1319 καὶ
1200 1269 1488 1335 Φεβρουαρίου
1501 1276 1689 1336 Ἀπριλ-

196 1348 287 1390 λίου
310 1365 353 1391 τε
376 1350 442 1391 καὶ
468 1348 646 1391 Ἰουνίου
672 1349 741 1390 καὶ
761 1345 1010 1403 Αὐγούστου
1034 1347 1103 1389 καὶ
1125 1347 1408 1405 Σεπτεμβρίου
1439 1347 1508 1389 καὶ
1527 1346 1685 1390 Ὄκτω-
1698 1354 1742 1390 15

191 1418 313 1474 βρίου
342 1419 411 1460 καὶ
439 1418 648 1475 Νοεβρίου
671 1417 747 1468 τὰς
768 1417 844 1473 μὲν
865 1415 1012 1468 νόννας
1032 1417 1194 1473 λέγουσι
1217 1415 1246 1460 ε’
1266 1420 1341 1460 τοῢ
1359 1415 1511 1472 μηνός,
1546 1416 1623 1468 τὰς
1641 1418 1686 1460 δὲ

193 1488 327 1538 εἷδοῦς
349 1485 399 1544 ιγ’
417 1491 493 1531 τοῦ
507 1484 638 1543 μηνός
644 1518 659 1540 ,
695 1488 760 1530 ἐπὶ
781 1487 827 1530 δὲ
848 1487 1048 1544 Μαρτίου
1071 1487 1139 1529 καὶ
1161 1487 1314 1530 Μαΐου
1332 1488 1400 1528 καὶ
1415 1486 1596 1530 Ἰουλίου
1615 1488 1684 1529 καὶ

190 1556 451 1614 Δεκεμβρίου
471 1558 547 1608 τὰς
564 1557 639 1611 μὲν
659 1555 804 1607 νόννας
821 1556 896 1611 τὴν
919 1554 953 1609 ζ’
972 1560 1046 1599 τοῦ
1062 1552 1205 1611 μηνός,
1228 1555 1305 1607 τὰς
1323 1556 1369 1598 δὲ
1389 1557 1524 1606 εἷδοῦς
1540 1556 1615 1611 τὴν
1635 1555 1683 1599 ιε’
1705 1563 1707 1565 ’

188 1630 262 1669 τοῦ
280 1624 423 1681 μηνός.
459 1625 668 1676 καλάνδας
685 1627 822 1669 τοίνυν
835 1625 1097 1683 Ἰανουαρίου
1116 1622 1313 1683 εὗρίσκων
1332 1625 1407 1679 τὴν
1427 1622 1467 1668 α’
1485 1626 1682 1669 Ἰανουα-

187 1695 279 1752 ρίου
309 1695 503 1750 νομίσεις.
572 1694 630 1738 ἔτι
653 1695 700 1738 δὲ
719 1693 800 1752 πρὸ
821 1698 946 1752 τριῶν
963 1695 1039 1750 τὴν
1060 1695 1200 1753 τρίτην
1218 1696 1288 1737 καὶ
1307 1695 1388 1752 πρὸ
1407 1698 1507 1749 μιᾶς
1529 1699 1680 1739 νοννῶν
1690 1703 1739 1740 20

181 1762 453 1823 Ἰανουαρίων
475 1763 550 1821 τὴν
571 1762 624 1817 δ’,
661 1764 731 1807 διὰ
750 1763 797 1807 τὸ
814 1765 889 1820 τὴν
909 1761 955 1818 ε’,
990 1762 1047 1815 ὥς
1070 1763 1247 1822 ἔφημεν,
1281 1762 1426 1808 νόνναν
1445 1768 1680 1810 καλεῖσθαι.

183 1833 290 1887 μετὰ
319 1834 365 1877 δὲ
394 1834 470 1890 τὴν
500 1831 531 1877 ε’
561 1833 689 1885 εἴποις
709 1832 760 1877 ἂν
785 1833 865 1893 πρὸ
886 1831 926 1890 η’
948 1835 1068 1877 εἲδῶν
1082 1833 1375 1893 Ἰανουαρίων,
1410 1833 1538 1891 ἤγουν
1564 1839 1618 1894 τῇ
1642 1833 1678 1887 ς’

279 1942 325 1979 19
349 1904 542 1988 καλάνδῆν
563 1942 595 1977 P
650 1922 656 1926 N

181 2033 277 2071 ruit:
308 2035 373 2072 sed
405 2034 494 2071 nihil
528 2035 720 2082 pecuniae,
750 2046 874 2071 verum
906 2038 1111 2071 ornamenta
1141 2045 1252 2071 aurea
1283 2037 1322 2070 et
1350 2034 1509 2091 reposita
1529 2034 1678 2075 donaria

181 2081 292 2117 multa
322 2082 486 2128 repperit
519 2083 627 2129 atque
655 2082 867 2128 asportavit.
916 2093 1066 2127 cumque
1098 2087 1247 2117 conatus
1272 2086 1368 2117 esset
1393 2083 1545 2118 interius
1563 2096 1677 2130 pene-

181 2132 299 2173 trare,
338 2129 402 2165 ubi
433 2129 568 2165 Davidi
597 2133 634 2164 et
662 2128 863 2164 Solomon1s
893 2140 1044 2176 corpora
1074 2135 1177 2165 erant
1204 2128 1386 2176 reposita,
1425 2129 1521 2175 ignis
1555 2131 1676 2178 erupit

178 2174 340 2221 duosque
362 2176 555 2212 satellitum·
575 2175 773 2212 interfecit.
826 2179 828 2183 '

273 2244 386 2289 Iulius
412 2257 490 2281 cum
512 2244 552 2281 in
572 2240 776 2292 Aegyptum
797 2242 978 2290 venisset,
999 2242 1141 2279 insidiis
1164 2242 1311 2280 evitatis
1334 2255 1423 2291 quas
1445 2244 1518 2292 ipsi
1541 2236 1673 2282 advet-

177 2290 266 2325 sarii
298 2293 545 2338 tetenderant,
580 2292 795 2338 Cleopatrae
827 2303 975 2337 regnum
998 2290 1036 2326 in
1059 2303 1158 2326 suam
1186 2290 1328 2337 redegit
1347 2297 1578 2337 potestatem,
1611 2304 1674 2328 re-

176 2337 315 2390 ·busque
337 2351 403 2385 per
427 2339 613 2375 Orientem
635 2338 839 2375 constitutis
864 2339 1013 2374 Romam
1034 2337 1166 2384 rediit,
1197 2338 1295 2375 solus
1310 2338 1391 2385 ¹toti
1422 2338 1477 2384 rei
1507 2339 1673 2387 publicae

173 2390 425 2431 lmperaturus.

266 2453 377 2490 Iulius
396 2454 541 2496 ‚mensis
573 2458 657 2491 ante
680 2452 854 2496 Quintilis
877 2452 1077 2492 dicebatur.
1127 2452 1210 2489 Iulii
1236 2465 1365 2489 nomen
1389 2453 1425 2490 ei
1447 2455 1493 2490 ab
1513 2453 1670 2490 Antonio

173 2496 376 2545 impositum
399 2508 456 2538 est
477 2502 560 2537 ideo
588 2502 681 2548 quod
704 2501 775 2536 isto
794 2512 915 2536 mense
943 2501 988 2536 C.
1012 2501 1124 2537 Iulius
1147 2506 1252 2537 natus
1274 2502 1406 2537 fuerat.
1455 2501 1604 2538 Sextilis
1623 2503 1669 2538 ab

172 2545 332 2590 Augusto
354 2548 534 2595 Augustus
557 2555 614 2585 est
635 2548 895 2583 denominatus.

209 2659 218 2667 ι
266 2615 480 2654 Carmentae
511 2618 682 2654 fatidicae
713 2616 853 2654 mulieri
880 2627 1008 2653 nomen
1031 2615 1161 2664 obtigit
1183 2627 1207 2653 a
1228 2615 1410 2653 vaticiniis
1423 2643 1435 2664 ,
1468 2628 1562 2665 quae
1585 2629 1667 2655 car-

172 2669 267 2696 mina
287 2663 457 2701 Romanis
480 2665 660 2701 dicuntur.
1625 2687 1630 2693 =

265 2730 418 2768 Primam
450 2733 582 2769 mensis
613 2733 707 2769 diem
734 2730 887 2768 Romani
915 2730 1094 2768 Kalendas
1124 2731 1323 2780 appellant,
1357 2733 1482 2768 Nonas
1506 2732 1665 2779 quintam

173 2776 303 2812 mensis
336 2779 450 2823 diem,
485 2786 521 2816 et
544 2781 628 2816 Idus
652 2779 823 2816 decimam
844 2778 1000 2813 tertiam.
1046 2778 1117 2814 nisi
1141 2780 1236 2825 quod
1260 2779 1384 2814 Martii
1408 2780 1498 2815 Maii
1520 2780 1603 2814 Iulii
1627 2784 1665 2815 et

171 2822 378 2859 Decembris
407 2827 529 2861 Nonas
558 2827 732 2873 septima,
763 2826 848 2861 Idus
869 2825 1006 2860 decima
1030 2826 1154 2871 quinta
1176 2825 1236 2861 die
1259 2827 1492 2862 constituunt.
1540 2826 1664 2871 itaque

171 2869 233 2904 ubi
257 2869 438 2906 Kalendas
462 2873 644 2909 Ianuarias
679 2874 796 2919 leges,
833 2872 980 2919 primam
1013 2872 1172 2907 Ianuarii
1204 2872 1297 2907 diem
1330 2872 1505 2919 intellige.
1551 2873 1663 2907 tertia

173 2921 319 2952 vocatur
342 2929 376 2952 a.
399 2918 436 2952 d.
459 2919 623 2964 tertium,
657 2925 694 2955 et
718 2923 846 2966 quarta
868 2918 986 2964 pridie
1011 2919 1136 2954 Nonas
1159 2915 1336 2963 Ianuarii,
1369 2920 1471 2965 quia,
1510 2922 1550 2954 ut
1572 2918 1662 2964 dixi,

169 2962 295 3008 quinta
324 2968 379 3000 est
414 2964 529 3000 Nonis
563 2966 737 3003 Ianuarii.
783 2970 920 3002 sextam
952 2965 1153 3012 appellabis
1169 2977 1217 3002 a.
1244 2966 1282 3002 d:
1315 2968 1339 3003 8
1372 2967 1457 3003 Idus
1488 2965 1663 3002 Ianuarii.
