1742 3184
195 157 295 207 638
679 158 922 204 chRGn
949 156 1198 230 canaam

191 272 391 331 μετακαὶ
422 271 558 318 ἄλλων
587 277 707 317 τινῶν
735 274 958 331 τυραννίδα
972 271 1276 330 μελετήσαντας
1294 272 1463 319 ἀνεῖλεν.
1531 273 1678 319 ἀνεκα-

193 345 339 388 λέσατο
364 344 409 386 δὲ
431 346 498 386 καὶ
522 343 678 394 πάντας
700 343 795 394 τοὺς
819 344 970 394 ἀδίκως
988 341 1070 386 ὕπὸ
1088 345 1354 388 Ἀναστασίου
1378 346 1679 404 ἐξορισθέντας.

45 423 75 459 Ρ
99 424 171 461 364
299 450 303 453 .
334 418 410 472 Τῷ
432 415 474 456 ‹5'
501 414 614 471 αὐτῷ
644 413 720 455 ἔτει
750 411 882 471 ἐφάνη
912 412 1043 470 ἀστὴρ
1063 413 1105 456 ἓν
1123 418 1176 471 τῇ
1195 414 1375 471 ἀνατολῇ
1392 413 1597 470 κομήτης,
1633 414 1679 466 ὃς

191 481 294 539 εἶχεν
325 483 490 534 ἀκτῖνας
521 481 804 536 ἔκπεμπούσας
826 484 890 525 ἐπὶ
912 482 964 525 τὰ
984 481 1096 526 κάτω
1116 482 1264 540 αὐγάς,
1306 483 1352 527 ὃν
1370 483 1507 541 ἔλεγον
1528 502 1678 540 πωγω-

188 556 280 598 νιάν
304 551 428 595 εἶναι·
465 551 542 607 εἶχε
574 553 618 594 δὲ
650 553 793 595 ἇκτῖνα
819 550 983 609 ὁρῶσαν
1015 554 1079 595 ἐπὶ
1112 552 1243 597 δύσιν.
1310 558 1369 612 τῷ
1394 554 1436 596 δ’
1462 553 1576 612 αὐτῷ
1600 553 1711 597 ἕτειό

189 621 458 680 ἔδημοκράτει
488 623 535 664 τὸ
570 622 742 664 Βένετον
771 622 919 678 μέρος,
959 622 1002 664 ἓν
1029 620 1181 674 πάσαις
1207 628 1298 673 ταῖς
1323 622 1466 667 πόλεσι
1494 623 1680 680 ταραχὰς

190 695 450 748 ἐμποιοῦντες
482 693 549 734 καὶ
573 691 727 750 φόνους
750 691 940 743 πολλούς.
1010 687 1114 747 ἦλθε
1136 693 1180 735 δὲ
1201 692 1247 736 τὸ
1270 692 1397 735 κακὸν
1415 698 1490 748 τῆς
1510 693 1680 744 ἀταξίας

189 762 272 806 ἀπὸ
289 762 545 816 Ἀντιοχείας.
603 763 671 804 καὶ
693 760 740 803 οὗ
757 760 885 816 μόνον
902 761 999 812 τοὺς
1020 762 1285 813 ἀπαντῶντας
1303 764 1526 819 πρασίνους
1545 762 1679 819 ἔσφα-

190 835 280 886 ζον,
317 831 422 873 ἀλλὰ
446 833 515 873 καὶ
537 831 633 882 τοὺς
651 832 744 874 κατ’
773 829 882 874 οἶκον
902 832 1226 888 κρυπτομένους,
1260 831 1319 886 μὴ
1341 832 1575 887 δυναμένων
1596 836 1679 874 τῶν

190 900 398 958 ἀρχόντων
416 905 585 957 ποιῆσαι
606 901 823 956 ἐκδίκησιν.
889 906 1022 944 ταῦτα
1049 901 1267 959 ἐπράττετο
1300 901 1376 953 ἕως
1406 900 1452 954 ’ἐξ
1482 903 1677 945 ἐνιαυτῶν
1689 907 1735 943 10

185 971 430 1015 Ἰουστίνου.

331 1045 405 1098 Τῷ
436 1035 471 1096 γ’
495 1037 571 1083 ἴτει
594 1039 821 1091 Ἰουστῖνος
841 1039 944 1094 μετὰ
964 1037 1146 1097 Καβάὸη
1170 1044 1246 1083 τοῦ
1262 1043 1344 1083 τῶν
1358 1041 1537 1097 Περσῶν
1553 1042 1679 1092 βασι-

136 1113 167 1148 Β
192 1110 293 1162 λε’ως
311 1109 472 1167 εῗρήνην
495 1108 669 1164 ποιήσας
686 1109 738 1151 τὰ
757 1111 848 1167 περὶ
867 1114 941 1165 τῆς
958 1111 1130 1161 πίστεως
1152 1112 1352 1168 διορθοῦν
1373 1108 1610 1161 ἐσπούδαζε.

335 1184 410 1238 Τῷ
434 1178 469 1221 (Y
493 1179 570 1222 ἔτει
589 1179 635 1222 τὸ
660 1178 901 1237 Δυρράχιον
920 1177 1000 1222 ὑπὸ
1021 1181 1247 1235 θεομηνιάς
1267 1179 1398 1222 ἔπαθε
1408 1211 1422 1230 ,
1470 1180 1537 1221 καὶ
1556 1176 1582 1233 ἦ
1605 1182 1679 1232 τῆς

189 1248 387 1301 Ἑλλάδος
405 1247 639 1307 Κόρινθος·
682 1249 733 1300 ἃς
760 1248 948 1306 μεγάλως
970 1248 1218 1292 ἀνενεώσατο
1239 1247 1261 1292 ὃ
1283 1248 1478 1304 βασιλεὺς
1497 1249 1565 1291 καὶ
1584 1249 1676 1306 3902-
1690 1255 1734 1293 15

188 1319 455 1375 λοτιμήσατο.

333 1394 406 1448 Τῷ
426 1388 455 1432 ε’
475 1387 553 1431 ἔτει
576 1387 747 1441 Τζάθος
765 1385 786 1431 ὅ
806 1392 887 1433 τῶν
906 1388 1066 1441 Λαζῶν
1084 1387 1279 1443 βασιλεὺς
1302 1384 1592 1441 ἀποστατήσας
1604 1389 1679 1441 τῆς

189 1462 272 1502 τῶν
298 1461 477 1517 Περσῶν
504 1460 718 1512 βασιλείας
749 1453 855 1513 ἦλθε
885 1458 989 1515 πρὸς
1011 1459 1238 1501 Ἰουστῖνον
1272 1458 1329 1508 εἷς
1358 1456 1405 1501 τὸ
1437 1455 1677 1509 Βυζάντιον,

189 1531 257 1572 καὶ
279 1528 527 1586 παρεκάλεσε
546 1529 740 1584 γενέσθαι
760 1527 1014 1585 Χριστιανὸν
1034 1530 1102 1570 καὶ
1129 1526 1204 1569 ὑπ’
1239 1527 1367 1570 αὐτοῦ
1391 1526 1679 1583 ἀναγορευθῆ-

186 1616 256 1641 ναι
283 1599 458 1653 βασιλέα
488 1602 570 1641 τῶν
590 1599 763 1651 Λαζῶν.
833 1597 857 1640 ὃ
884 1599 950 1640 καὶ
977 1598 1082 1652 μετὰ
1107 1601 1246 1654 χαρᾶς
1271 1597 1458 1652 ἐποίησε,
1494 1597 1561 1638 καὶ
1586 1595 1736 1637 υἱὸν20

189 1667 437 1726 ἀνηγόρευσε
447 1700 460 1720 ,
496 1669 563 1710 καὶ
583 1675 755 1724 γυναῖκα
774 1666 911 1723 εὐγενῆ
926 1665 1132 1722 Ῥωμαιάν
1152 1667 1337 1718 δέδωκεν,
1371 1665 1423 1722 ἢν
1442 1667 1510 1708 καὶ
1529 1668 1585 1715 εἷς
1602 1664 1678 1720 τὴν

186 1740 296 1780 ι’ὸιάν
309 1737 453 1795 χώραν
471 1736 690 1791 ἀπεκόμισε
712 1737 816 1791 μετὰ
831 1742 980 1793 χαρᾶς,
1003 1738 1071 1779 καὶ
1096 1738 1210 1792 δῶρα
1232 1734 1352 1789 ἔλαβε
1375 1734 1522 1777 πολλά.
1556 1734 1679 1791 γνούς

190 1808 234 1850 δὲ
256 1812 376 1850 τοῦτο
398 1805 602 1861 Καβάὸης
624 1809 748 1861 δηλοῖ
766 1806 979 1864 ’Ῑουστίνῳ
1003 1805 1067 1848 ὅτι
1090 1806 1232 1863 φιλίας
1251 1806 1318 1847 καὶ
1341 1803 1502 1861 εἲρήνης
1521 1804 1676 1858 μεταξὺ

136 1886 168 1922 C
192 1875 310 1933 ἡμῶν
341 1875 465 1932 οὔσης
494 1875 547 1919 τὰ
575 1876 739 1933 ἐχθρῶν
769 1874 961 1933 πράττεις
987 1877 1055 1918 καὶ
1076 1874 1172 1926 τοὺς
1193 1872 1273 1918 ὕπὸ
1294 1874 1368 1930 τὴν
1388 1875 1575 1925 ἐξουσίαν
1595 1877 1677 1917 τῶν

190 1985 414 2030 tyrannidem
438 1984 593 2023 necavit.
638 1984 826 2021 revocavit
847 1984 952 2020 etiam
976 1996 1095 2020 omnes
1117 1995 1207 2030 quos
1227 1982 1443 2019 Anastasius
1457 1982 1590 2019 iniuste
1611 1994 1676 2019 ex-

192 2038 309 2068 torres
333 2045 352 2067 e
379 2037 468 2067 erat.
1056 2063 1060 2067 .

288 2045 424 2114 Eodgem
449 2091 541 2114 anno
565 2082 701 2114 cometa
723 2077 762 2113 in
786 2077 936 2113 Oriente
958 2077 1058 2113 visus
1082 2081 1150 2123 est,
1172 2076 1292 2112 radios
1315 2077 1477 2113 deorsum
1501 2076 1679 2123 emittens,

194 2138 298 2173 quem
322 2126 455 2161 Graeci
479 2126 666 2173 pogoniam
690 2137 711 2160 a
732 2127 868 2161 barbae
889 2124 1119 2159 similitudine
1143 2124 1337 2171 appellant.
1384 2124 1538 2158 habebat
1561 2129 1678 2159 autem

193 2174 332 2210 radium
355 2185 479 2208 versus
505 2184 678 2207 occasum.
708 2173 830 2207 eodem
857 2183 948 2207 anno
971 2183 1053 2218 pars
1077 2171 1217 2206 Veneta
1238 2170 1591 2216 potestatempopuli
1611 2182 1680 2217 per

194 2232 316 2256 omnes
348 2221 457 2255 urbes
489 2219 673 2254 obtinebat
701 2219 1047 2264 tumultuabaturque
1077 2223 1115 2253 et
1138 2218 1263 2253 multas
1291 2218 1418 2253 caedes
1441 2218 1582 2252 edebat.
1631 2219 1677 2252 ab

191 2267 388 2303 Antiochea
415 2267 492 2301 eius
515 2266 598 2301 mali
621 2266 721 2312 origo
745 2266 828 2301 fuit.
875 2277 990 2311 neque
1019 2269 1156 2301 tantum
1187 2264 1325 2300 obviam
1351 2266 1463 2299 factos
1491 2265 1561 2299 sibi
1583 2264 1676 2299 Pra-

191 2315 288 2350 sinos
311 2313 535 2359 iugulabant,
571 2313 635 2348 sed
658 2320 695 2348 et
718 2324 779 2347 eos
803 2312 866 2358 qui
888 2313 925 2346 in
949 2312 1107 2347 domibus
1129 2312 1414 2355 occultabantur,
1451 2322 1527 2346 cum
1560 2311 1676 2356 magi-

190 2367 324 2396 stratus
358 2372 428 2395 non
462 2365 584 2395 essent
619 2360 816 2395 coercendo
849 2370 968 2406 pareS.
1015 2360 1104 2394 haec
1128 2365 1207 2395 acta
1230 2364 1313 2394 sunt
1335 2369 1447 2404 usque
1470 2359 1516 2394 ad
1539 2363 1676 2393 sextum

189 2408 519 2489 Iusmglndtlintlgtio
551 2453 607 2488 sui
638 2452 780 2499 imperii
802 2452 960 2488 Iustinus
983 2454 1192 2498 factapace
1217 2462 1293 2486 cum
1318 2450 1464 2487 Cabade
1486 2450 1675 2486 Persarum

186 2511 285 2547 rege,
309 2503 417 2536 rebus
442 2500 691 2535 ecclesiasticis
716 2500 972 2541 constituendis
995 2500 1145 2535 animum
1164 2497 1326 2534 intendit.

280 2548 381 2582 Anno
405 2548 428 2582 4
450 2546 684 2592 Dyrrachium
705 2552 742 2581 et
762 2547 956 2582 Corinthus
982 2547 1153 2582 divinitus
1175 2544 1373 2581 calamitate
1396 2547 1480 2581 sunt
1504 2545 1676 2587 affectae3

187 2604 276 2640 quas
301 2594 456 2629 Iustinus
483 2594 625 2640 egregia
648 2593 862 2629 liberalitate
886 2594 1026 2629 refecit.

282 2642 382 2676 Anno
407 2641 430 2676 5
454 2641 615 2676 Tzathus
638 2640 811 2675 Lazorum
835 2652 900 2675 rex
923 2652 1000 2675 cum
1025 2652 1047 2675 a
1067 2639 1211 2675 Persico
1234 2650 1344 2684 regno
1370 2637 1573 2681 defecisset,
1597 2637 1678 2681 By-

190 2687 344 2723 zantium
367 2689 486 2732 venit,
514 2687 690 2734 petiitque
713 2687 937 2722 Christianus
961 2687 1042 2722 fieri
1066 2693 1104 2722 et
1125 2699 1147 2722 a
1167 2685 1302 2721 Iustino
1326 2686 1500 2721 Lazarum
1525 2696 1589 2719 rex
1614 2694 1675 2718 sa-

189 2732 308 2767 lutari.
358 2735 513 2769 Iustinus
547 2734 585 2769 id
618 2734 714 2769 laeto
747 2734 862 2768 animo
897 2734 1005 2779 fecit,
1044 2745 1192 2778 eumque
1213 2732 1320 2767 filium
1344 2744 1443 2767 suum
1467 2729 1675 2778 appellavit,

190 2779 412 2826 nobilemque
433 2782 622 2816 Romanam
647 2792 790 2816 uxorem
815 2780 927 2816 dedit.
975 2792 1077 2827 quam
1109 2780 1169 2815 ille
1202 2779 1313 2814 laetus
1344 2779 1382 2813 in
1405 2790 1502 2814 suam
1526 2775 1676 2811 abduxit

190 2825 383 2871 regionem,
408 2827 524 2862 multis
544 2828 644 2862 donis
668 2829 832 2863 affectus.
858 2828 1022 2863 Cabades
1045 2832 1159 2862 autem
1180 2838 1220 2861 re
1241 2830 1421 2872 comperta
1440 2835 1516 2859 cum
1537 2823 1674 2858 Iustino

192 2874 438 2921 expostulare,
474 2885 620 2922 eumque
652 2875 802 2912 durante
835 2880 957 2912 mutua
987 2874 1149 2911 amicitia
1174 2877 1211 2910 et
1239 2884 1330 2922 pace
1351 2872 1529 2909 hostiliter
1552 2880 1674 2916 agere,
