1742 3184
186 166 285 215 610
541 205 545 209 ,
667 162 911 210 GEORGII
940 159 1186 205 GEDRENI

187 289 307 338 μενος
337 278 417 324 ἀπὸ
446 282 519 324 τοῦ
548 277 719 335 νεωρίου
751 278 820 320 καὶ
855 272 1029 335 φθάσας
1059 273 1135 325 ἕως
1167 277 1242 317 τοῦ
1277 271 1393 329 ἁγίου
1428 272 1564 327 Θωμᾶ
1590 275 1672 315 τῶν

182 349 427 406 Ἀμάντων.
497 346 747 404 Μαρκιανὸς
776 347 822 390 δὲ
850 344 872 388 ὃ
907 342 1120 400 οἰκονόμος
1141 348 1214 399 τῆς
1236 342 1416 399 μεγάλης
1445 343 1673 397 ἐκκλησίας,

188 422 259 466 τὸν
279 419 378 463 ναὸν
399 420 540 469 κτίσας
560 422 632 472 τῆς
653 415 770 473 ἁγίας
793 414 1076 467 ἀναστάσεως,
1112 413 1169 456 ἔτι
1200 413 1288 456 νέον
1315 411 1414 455 ὄντα
1437 416 1581 454 τοῦτον
1601 414 1675 453 τοῦ

175 493 434 550 ,ἐμπρησμοῦ
453 485 700 538 διεσώσατο,
737 485 924 530 ἀνελθὼν
953 488 1009 535 εἷς
1039 484 1085 528 τὸ
1106 481 1301 540 κεράμιον
1318 482 1422 536 μετὰ
1443 481 1673 537 εὐαγγελίου

183 563 260 604 ’καὶ
282 561 513 614 θυμιατοῦ,
549 557 617 616 καὶ
649 556 720 600 τὸν
752 553 1083 611 θεὸνιδάκρυσιν
1114 550 1439 606 ἐξιλεωσάμενος.
1509 549 1709 607 σφόδραό

138 642 168 678 Β
192 631 271 687 γὰρ
296 626 453 686 ἐκράτει
471 625 492 668 ὃ
513 625 752 683 ἐμπρησμὸς
772 619 913 676 οὗτος*
951 623 1056 667 κατὰ
1074 623 1148 678 μὲν
1167 622 1246 680 γὰρ
1270 619 1474 671 ἀνατολὰς
1493 620 1573 662 ἀπὸ
1602 623 1685 670 τοῦ,

191 700 359 755 νεωρίου
382 693 699 749 ἐπεκτεινόμενος
719 695 840 752 μέχρι
859 698 932 738 τοῦ
954 692 1070 750 ἁγίου
1090 691 1281 737 Ἰωάννου
1304 695 1376 734 τοῦ
1395 693 1560 746 πτωχοῦ
1576 688 1678 746 πρὸς

195 767 325 820 δύσιν,
361 767 424 808 ἐπὶ
448 766 492 808 δὲ
512 766 773 822 μεσημβρίας
797 767 838 807 ἐν
857 769 907 822 τῇ
928 763 1033 820 μέσῃ
1063 767 1137 818 τῆς
1165 761 1320 812 πόλεως
1342 760 1422 803 ἀπὸ
1444 764 1525 802 τῶν
1548 756 1679 801 Λαύ-

197 856 271 882 σου
304 837 423 894 μέχρι
453 839 528 878 τοῦ
551 833 722 893 Ταύρου
748 833 882 877 πάντα
912 831 1231 888 κατελυμήνατο.
1301 834 1507 888 περιφανῆ
1539 829 1584 871 δὲ
1612 829 1680 870 καὶ

194 912 277 950 τῶν
304 906 441 950 ἄλλων
468 904 718 962 διαφέροντα
740 903 787 947 τὸ
807 908 890 961 πῦρ
911 900 1198 946 κατανάλωσεν
1221 902 1264 943 ἐν
1284 900 1358 955 μὲν
1377 903 1439 958 τῷ·
1457 900 1680 942 Κωνσταν-
1695 902 1739 938 10

196 979 307 1019 τίνου
337 974 454 1034 φόρῳ
483 973 592 1017 οἶκον
622 974 812 1030 μέγιστον
832 972 1002 1016 σενάτου
1025 970 1292 1025 καλοίμενον,
1327 970 1370 1012 ἐκ
1387 972 1553 1024 χαλκῶν
1577 965 1685 1010 εἰκό-

198 1063 279 1089 νων
301 1048 369 1088 καὶ
390 1049 617 1101 πορφυρῶν
640 1045 771 1086 λίθων
797 1042 1180 1097 διακεκοσμημένον,
1217 1041 1259 1082 ἐν
1279 1033 1388 1098 ᾧπερ
1413 1039 1480 1082 καὶ
1504 1037 1541 1080 οἳ
1562 1034 1686 1093 λογά-

201 1118 268 1166 δες
290 1112 553 1170 ἐβουλεύοντο
578 1114 645 1155 καὶ
666 1111 687 1155 ὅ
705 1113 900 1169 βασιλεὺς
922 1111 1058 1169 εἰσῄει,
1088 1109 1206 1165 ἡνίκα
1225 1107 1426 1163 ὑπατικὴν
1447 1107 1568 1161 ἔλαβε
1591 1122 1688 1150 στο-

203 1184 294 1240 λήν,
331 1186 398 1226 καὶ
430 1183 477 1226 τὸ
507 1189 714 1240 νυμφαΐον
743 1182 789 1225 τὸ
818 1183 939 1225 τοῦδε
970 1185 1044 1224 τοῦ
1067 1180 1179 1223 οἴκου
1207 1180 1387 1234 κείμενον
1417 1174 1610 1234 ἀντικρύ,
1646 1176 1688 1217 ἐν

202 1248 311 1312 ᾧπερ
331 1254 372 1296 οἳ
392 1251 516 1309 γάμοι
539 1253 712 1309 ἐγίνοντο
733 1256 814 1294 τῶν
833 1252 906 1294 οὐκ
924 1249 1098 1306 ἐχόντων
1118 1249 1275 1300 οἴκους·
1319 1249 1361 1290 ἐν
1389 1247 1434 1290 δὲ
1462 1251 1521 1306 τῷ
1547 1244 1686 1302 ταύρῳ
1702 1247 1742 1284 1⁵

204 1322 316 1366 οἷκον
350 1324 418 1365 καὶ
454 1321 578 1365 αὐτὸν
608 1328 694 1372 τοῖς
717 1320 860 1378 λογάσι
887 1322 954 1364 καὶ
976 1325 1034 1378 τῷ
1052 1323 1221 1374 βασιλεῖ
1236 1316 1475 1373 ἐπιτήδειον,
1509 1322 1594 1366 τοῖς
1616 1315 1690 1370 μὲν

153 1394 185 1430 C
209 1395 266 1444 εἷς
296 1391 342 1436 τὸ
373 1393 552 1436 συνιέναι
581 1393 649 1434 καὶ
677 1392 767 1448 περὶ
796 1395 877 1433 τῶν
902 1390 1114 1447 πρακτέων
1136 1391 1384 1438 διασκοπεῖν,
1418 1390 1477 1444 τῷ
1507 1386 1551 1429 δὲ
1580 1386 1620 1427 ἐν
1641 1387 1692 1441 τῇ

205 1461 350 1520 ὑπάτῳ
384 1461 690 1518 προκαθημένῳ
723 1464 879 1517 βουλῇ,
923 1460 964 1501 ἐν
995 1459 1239 1503 δυοκαίδεκα
1270 1458 1469 1506 ποικίλοις
1493 1456 1621 1498 κίοσιν
1648 1456 1692 1496 ἐκ

209 1535 401 1588 Τρωϊκῆς
422 1531 560 1582 λίθου,
602 1531 716 1573 πέντε
737 1533 805 1572 καὶ
834 1529 958 1572 εἴκοσι
991 1530 1129 1571 ποδῶν
1162 1527 1322 1582 ἔχουσιν
1351 1525 1485 1581 ὕψος,
1523 1525 1694 1582 φέρουσι

208 1602 254 1644 δὲ
271 1602 345 1656 τὴν
363 1601 506 1657 στέγην
527 1599 570 1641 ἐκ
589 1616 630 1642 τε
652 1601 785 1642 νοτίου
810 1601 875 1641 καὶ
889 1600 1054 1656 βορείου
1077 1602 1254 1654 πλευροῦ
1275 1596 1350 1639 σὺν
1371 1601 1456 1646 τοῖς
1477 1594 1570 1651 παρ’
1596 1591 1689 1636 ἑκά·
1703 1597 1742 1632 2c

208 1689 309 1727 τερα
330 1670 436 1713 κατὰ
457 1669 503 1712 τὸ
528 1668 769 1712 ἀνατολικὸν
793 1670 861 1711 καὶ
892 1668 1055 1712 δυτικὸν
1083 1669 1270 1722 ψαλίσιν,
1308 1660 1356 1708 οὗ
1386 1664 1433 1708 τὸ
1462 1665 1536 1718 μέν
1564 1667 1695 1718 μῆκος

210 1739 279 1796 σμ’
303 1741 441 1783 ποδῶν
465 1738 511 1781 τὸ
533 1739 578 1781 δὲ
600 1736 754 1789 πλάτος
776 1737 844 1780 ηδ’
868 1733 940 1794 ἦν·
984 1739 1053 1780 καὶ
1077 1742 1159 1779 τῶν
1183 1737 1300 1789 ἱερῶν
1325 1735 1369 1777 δὲ
1391 1732 1493 1777 οἶκοι
1514 1732 1697 1789 μέγιστοι

213 1808 303 1863 δύο,
336 1808 699 1864 διακεκοσμημένοι
720 1808 928 1858 παντοίοις
948 1808 1105 1859 λίθοις,
1136 1800 1192 1849 ὧν
1214 1803 1236 1847 ὅ
1257 1805 1332 1860 μὲν
1352 1807 1424 1848 τοῦ
1444 1800 1696 1861 τετραπύλου

309 1951 354 1987 18
379 1949 523 1996 ‹xz-0223?
665 1950 709 1985 19
736 1946 892 1996 φέροντι
916 1949 947 1984 Ρ

216 2089 328 2123 usque
364 2077 408 2112 ad
440 2075 562 2112 aedem
583 2076 632 2123 J’·
667 2075 828 2111 'rhomae
859 2076 1059 2110 Amantum.
1113 2072 1318 2109 Marcianus
1347 2075 1462 2108 autem
1494 2073 1704 2118 procurator

216 2123 337 2169 magni
359 2122 504 2170 templi,
538 2135 614 2158 cum
648 2122 766 2158 fanum
798 2127 942 2158 sanctae
966 2121 1181 2156 Anastaseos
1215 2132 1328 2166 nuper
1352 2119 1601 2163 exstruxisset,
1636 2118 1704 2153 hoc

218 2173 263 2206 ab
287 2171 452 2206 incendio
476 2170 659 2214 servavit,
694 2182 771 2205 cum
802 2168 988 2214 evangelio
1014 2175 1050 2203 et
1073 2168 1197 2202 suffitu
1220 2166 1388 2202 adhibitis
1411 2166 1456 2201 ad
1477 2165 1614 2210 tegulas
1639 2165 1703 2199 ad-

217 2217 415 2254 scendisset
443 2217 615 2262 deumque
636 2216 789 2252 lacrimis
813 2217 1000 2263 placasset.
1050 2227 1129 2249 nam
1152 2215 1190 2249 id
1216 2213 1416 2248 incendium
1438 2212 1620 2248 admodum
1647 2212 1705 2245 in-

217 2263 350 2309 valuit,
384 2263 430 2299 ad
464 2268 578 2299 ort-um
610 2276 631 2298 a
663 2264 782 2298 navali
804 2264 1002 2309 profectum
1026 2273 1139 2307 usque
1163 2261 1207 2296 ad
1229 2261 1348 2295 fanum
1369 2259 1514 2295 Ioannis
1539 2258 1704 2302 mendici,

218 2312 315 2357 quod
340 2315 396 2346 est
419 2311 462 2345 ad
488 2322 661 2355 occasum,
686 2312 730 2345 ab
755 2315 875 2345 austro
900 2309 1016 2344 media
1040 2311 1141 2353 urbe,
1165 2320 1187 2342 a
1209 2306 1320 2342 Lausi
1342 2318 1454 2352 usque
1478 2306 1523 2340 ad
1547 2306 1706 2340 Taurum

219 2358 336 2393 omnia
361 2358 571 2403 depascens.
619 2357 813 2403 praecipua
846 2361 883 2391 et
908 2355 1054 2401 reliquis
1081 2354 1340 2402 praestantiora
1360 2364 1451 2398 quae
1474 2364 1516 2387 eo
1541 2351 1706 2386 incendio

219 2404 423 2451 perierunt,
458 2409 541 2439 sunt
561 2404 661 2438 curia
678 2404 828 2438 maxima
850 2404 887 2438 in
912 2403 991 2437 soro
1016 2400 1261 2445 Constantini,
1297 2400 1412 2434 aereis
1434 2398 1646 2444 imaginibus
1671 2402 1708 2432 et

219 2450 476 2505 porphyretico
501 2450 618 2496 lapide
643 2455 786 2494 ornata,
827 2449 865 2484 in
900 2460 970 2495 qua
1001 2455 1038 2484 et
1063 2448 1193 2484 delecti
1224 2446 1422 2481 consultare
1452 2445 1634 2490 solebant,
1670 2449 1730 2479 et-

219 2503 413 2543 imperator
435 2497 592 2532 intrabat
615 2497 677 2531 ubi
698 2496 917 2532 consularem
943 2502 1080 2530 vestem
1105 2494 1328 2540 sumpsisset3
1362 2493 1446 2528 item
1469 2491 1707 2538 Nympheum,

222 2556 243 2578 e
268 2544 414 2588 regione
438 2543 542 2579 huius
566 2543 686 2578 curiae
710 2544 836 2587 situm,
869 2543 908 2578 in
940 2554 1010 2587 quo
1041 2542 1176 2577 fiebant
1198 2541 1342 2587 nuptiae
1366 2551 1485 2574 eorum
1509 2539 1570 2584 qui
1593 2537 1705 2573 domi-

221 2591 290 2625 bus
314 2592 500 2633 carebant3
525 2590 608 2625 item
634 2589 702 2625 alia
724 2590 761 2624 in
788 2589 911 2625 Tauro
936 2589 1047 2632 curia,
1075 2588 1221 2623 delectis
1243 2586 1468 2621 senatoribus
1492 2592 1529 2620 et
1551 2587 1706 2631 impera-

222 2636 294 2670 tori
316 2638 589 2681 accommodata,
616 2648 691 2672 cum
711 2636 737 2671 ii
755 2648 798 2671 eo
822 2635 1054 2671 convenirent
1075 2636 1119 2670 de
1142 2637 1248 2670 rebus
1272 2633 1437 2678 gerendis
1461 2632 1708 2675 consultatum,

222 2682 415 2728 imperator
447 2684 486 2718 in
515 2689 618 2718 veste
653 2683 830 2718 consulari
860 2682 1095 2730 praesideret.
1142 2679 1308 2728 imposita
1338 2680 1408 2714 fuit
1444 2681 1489 2716 12
1511 2679 1622 2714 variis
1646 2689 1708 2712 co-

224 2727 351 2764 lumnis
374 2731 418 2764 de
438 2730 596 2765 Troiano
620 2729 751 2776 lapide,
775 2730 857 2765 altis
883 2731 989 2777 pedes
1014 2730 1076 2764 25:
1105 2741 1168 2764 eae
1192 2729 1235 2762 ab
1259 2726 1370 2762 austri
1394 2732 1430 2761 et
1453 2724 1707 2773 septentrionis

202 2818 209 2822 X
226 2780 330 2819 parte
353 2776 575 2812 sustinebant
597 2777 808 2822 aedificium,
842 2776 887 2812 ad
912 2782 1025 2811 ortum
1050 2780 1086 2810 et
1110 2785 1269 2810 occasum
1292 2774 1487 2808 fornicibus
1511 2771 1707 2807 suffultum.

226 2820 295 2855 suit
329 2820 548 2867 longitudine
580 2824 707 2871 pedum
741 2824 831 2869 240,
865 2823 1053 2858 latitudine
1080 2823 1139 2858 84.
1185 2820 1315 2866 templa
1349 2831 1490 2865 quoque
1525 2820 1710 2863 absumpta

227 2872 311 2903 sunt
332 2868 401 2904 duo
423 2870 591 2917 maxima,
625 2870 737 2906 omnis
761 2871 903 2917 generis
923 2869 1102 2917 lapidibus
1126 2873 1314 2912 exornata,
1340 2867 1487 2903 alterum
1509 2863 1709 2912 Tetrapylo
