1742 3184
209 199 306 248 196
685 200 925 245 GEORGn
959 198 1204 259 cEDREM

209 317 436 374 ἀναγνῶναι
454 310 567 361 αῧτό.
636 313 786 372 ἀνέγνω
813 314 947 358 τοίνυν
969 313 1068 357 αὐτὸ
1090 311 1112 356 ὅ
1134 310 1282 371 ἱερεύς,
1317 314 1384 355 καὶ
1404 308 1572 355 ξ’κλαυσε
1596 314 1678 361 πᾶς

158 389 188 425 C
213 384 234 429 ὅ
255 385 364 437 λαός.
435 383 456 428 ὃ
478 386 522 427 δὲ
542 384 670 442 ἱερεὺς
693 383 780 440 ἅμα
804 388 864 444 τῷ
883 387 1003 426 τοῦτο
1022 383 1247 439 ἀναγνῶναι
1268 378 1584 439 ὁιαπεφώνηκεν.
1654 377 1676 422 ὃ

211 456 258 499 δὲ
270 454 463 510 βασιλεὺς
479 456 568 497 λίαν
587 452 810 510 ἀθυμήσας
821 485 834 505 ,
870 452 988 503 εῗδὼς
1006 453 1048 495 ἔν
1070 451 1278 503 τοσούτοις
1299 450 1401 494 ἔτεσι
1419 447 1679 492 καταπατού-

210 541 330 580 μενον
353 523 423 567 τὸν
442 521 569 577 νόμον
588 524 729 580 κυρίου
741 554 754 574 ,
799 522 851 565 τὰ
870 520 1011 577 ἱμάτια
1030 519 1254 579 διαρρήξας
1273 522 1340 563 καὶ
1363 519 1545 578 Ξζιιφοβος
1564 515 1680 574 γενό-

210 610 331 650 μενος
347 592 550 635 ἀπέστειλε
572 592 675 649 πρὸς
690 590 851 634 ’Officia‘
870 591 943 647 τὴν
961 596 1178 649 προφῆτιν,
1201 588 1507 644 πυνθανόμενος
1523 589 1566 630 τί
1575 585 1677 641 βού-
1691 593 1714 629 5

212 666 324 706 λεται
351 659 490 719 κύριος
508 662 598 718 περὶ
627 661 752 704 αὐτοῦ
776 662 842 702 καὶ
862 660 1012 711 παντὸς
1032 664 1105 703 τοῦ
1126 663 1242 702 λαοῦ.
1310 656 1336 715 ἡ
1361 659 1404 701 δὲ
1425 658 1530 716 φησί
1553 654 1680 699 “tows

214 732 317 788 λέγει
337 729 474 786 κύριος
487 743 498 754 ·
527 729 628 772 ἀνθ’
654 723 710 772 ὧν
727 727 946 785 ἧπαλῦνθη
966 747 1040 773 σου
1062 727 1089 784 ἦ
1111 730 1258 786 καρδία
1277 729 1346 771 καὶ
1366 724 1583 784 ἐνετράπης
1600 725 1681 767 ἀπὸ

213 798 434 858 προσώπου
453 816 550 854 μου,
585 796 640 849 ὥς
659 797 840 854 ἤκουσας
857 796 919 841 ὅτι
937 797 1117 853 ἐλάλησα
1138 800 1201 840 ἐπὶ
1217 797 1290 841 τὸν
1308 795 1432 840 τόπον
1449 801 1593 839 τοῦτον
1614 795 1682 836 καὶ

214 869 309 919 τοὺς
331 868 582 918 ἐνοικοῦντας
598 866 734 919 αὐτόν,
769 872 842 910 τοῦ
864 866 964 910 εἶναι
991 869 1046 917 εἰς
1073 866 1304 924 ἀφανισμὸν
1324 868 1391 908 καὶ
1413 867 1469 915 εἰς
1486 861 1682 921 κατάραν,

216 940 282 980 καὶ
300 938 512 995 ὃιέρρηξας
527 936 579 979 τὰ
600 936 741 991 ἱμάτιά
761 954 835 979 σου
857 938 922 980 καὶ
942 936 1142 987 ἔκλαυσας
1153 934 1321 979 ἐνώπιόν
1337 951 1434 990 μου,
1449 934 1540 976 ἶδοὺ
1553 948 1683 989 προσ-
1697 937 1742 972 10

215 1007 364 1062 τίθημί
389 1022 436 1049 σε
463 1006 567 1063 πρὸς
593 1007 690 1056 τοὺς
710 1006 889 1062 πατέρας
916 1023 990 1049 σου
1022 1007 1064 1048 ἐν
1094 1004 1252 1063 εἰρήνῃ,
1287 1006 1355 1048 καὶ
1374 1004 1449 1047 οὔκ
1468 1002 1564 1058 ὄψει
1584 1006 1685 1044 πᾶσι

163 1081 196 1117 D
220 1082 304 1126 τοῖς
333 1080 470 1125 κακοῖς
493 1071 558 1125 οἷς
585 1074 719 1125 ἐπάξω
740 1075 803 1116 ἐπὶ
833 1075 903 1117 τὸν
930 1073 1053 1117 τόπον
1069 1079 1212 1118 τοῦτον
1234 1076 1299 1117 καὶ
1319 1074 1415 1124 τοὺς
1435 1074 1687 1121 ἐνοικοῦντας

216 1143 352 1195 αὐτόν,
386 1148 461 1186 τοῦ
488 1141 587 1186 εἶναι
618 1145 674 1194 εἷς
702 1142 980 1201 ἆφανισμόν.”
1054 1143 1154 1187 ὅθεν
1179 1141 1285 1202 ζήλῳ
1316 1144 1419 1202 θείῳ
1456 1139 1688 1195 κινούμενος

217 1215 264 1257 οὗ
287 1212 412 1268 μόνον
434 1212 486 1256 τὰ
505 1217 715 1267 πανταχοῦ
734 1212 880 1256 εἴδωλά
904 1231 947 1256 τε
978 1215 1046 1255 καὶ
1075 1211 1318 1268 σεβάσματα
1347 1211 1618 1268 κατέστρεψεν
1644 1209 1687 1251 ἐκ

215 1282 406 1340 βάθρων,
441 1281 547 1324 ἀλλὰ
567 1284 635 1325 καὶ
660 1281 756 1332 τοὺς
773 1281 1070 1339 εἴδωλολάτρας
1090 1282 1185 1333 τοὺς
1216 1283 1290 1337 μὲν
1320 1280 1378 1325 ἔτι
1406 1283 1557 1334 ζῶντας
1581 1277 1686 1323 ὥλό-
1700 1283 1742 1319 15

216 1356 366 1409 θρευσε
376 1384 389 1403 ,
433 1351 529 1402 τοὺς
550 1352 594 1393 δὲ
614 1350 694 1406 ἤδη
716 1351 965 1406 τεθνηκότας
982 1352 1024 1393 ἓν
1041 1358 1126 1402 τοῖς
1146 1350 1295 1410 τάφοις
1315 1350 1550 1394 κατέκαυσε.
1622 1349 1690 1390 καὶ

217 1419 372 1478 ἐπάρας
398 1420 495 1470 τοὺς
515 1420 771 1476 ὀφθαλμοὺς
800 1421 863 1461 ἐπὶ
891 1419 961 1461 τὸν
987 1418 1119 1475 τάφον
1139 1422 1214 1461 τοῦ
1235 1415 1460 1475 ἀνθρώπου
1488 1422 1561 1460 τοῦ
1587 1420 1692 1459 θεοῦ

219 1488 300 1533 εἷπε
333 1488 393 1532 ςτί
406 1488 451 1531 τὸ
474 1487 668 1531 σκόπελον
687 1489 832 1540 ἐκεῖνο,
864 1486 893 1530 ὃ
913 1487 986 1543 ε’γιί
1008 1488 1207 1543 βλέπως»
1249 1489 1317 1531 καὶ
1339 1488 1466 1544 φασὶν
1486 1487 1525 1529 οἳ
1547 1484 1692 1543 ἄνδρες

493 1555 544 1571 <tt
579 1556 600 1572 ’l

218 1563 291 1613 τῆς
318 1556 472 1608 πόλεως
517 1575 546 1599 ³0
572 1561 793 1615 ανθρωπος
817 1561 890 1600 τοῦ
916 1560 1019 1599 θεοῦ
1050 1557 1177 1609 ἐστίν,
1224 1554 1249 1599 ὃ
1280 1553 1569 1614 προφητεύσας
1596 1554 1693 1605 τοὺς

219 1625 364 1683 λόγους
390 1625 559 1677 τούτους
587 1627 649 1668 ἐπὶ
670 1626 715 1668 τὸ
731 1623 1033 1682 θυσιαστήριον
1051 1624 1240 1682 Βεθήλ.”
1312 1626 1381 1668 καὶ
1404 1622 1510 1668 εἶπεν
1535 1623 1692 1682 “ἇ’φετε
1702 1629 1742 1664 20

221 1694 366 1739 αὐτόν·
411 1697 554 1750 μηδεὶς
574 1693 722 1752 κινήσῃ
739 1695 791 1737 τὰ
810 1695 910 1738 ὀστᾶ
933 1694 1104 1738 αὖτοῦ.”
1173 1696 1245 1738 καὶ
1265 1695 1402 1749 μέντοι
1423 1695 1492 1736 καὶ
1510 1694 1606 1744 τοὺς
1625 1694 1694 1750 ἔγ-

220 1763 532 1822 γαστριμύθους
561 1766 629 1807 καὶ
659 1765 755 1814 τοὺς
785 1763 1137 1822 ψευδοπροφήτας
1172 1766 1239 1807 καὶ
1269 1769 1349 1806 πᾶν
1382 1764 1595 1819 βδέλυγμα
1626 1765 1694 1805 καὶ

82 1843 111 1878 P
136 1842 204 1879 112
227 1834 519 1892 προσόχθισμα
544 1834 586 1875 εἶν
602 1831 880 1890 Ἰερουσαλὴμ
908 1835 1041 1890 ἐξῆρε·
1075 1835 1143 1876 καὶ
1170 1834 1390 1891 ἐπέστρεψε
1422 1832 1524 1890 πρὸς
1555 1830 1695 1890 κύριον

224 1904 266 1946 ἐν
288 1902 364 1961 ὅλῃ
387 1904 536 1963 καρδία
560 1904 627 1946 καὶ
650 1901 764 1957 ἰσχύϊ
787 1905 854 1945 καὶ
878 1904 925 1945 ἐν
954 1901 1029 1960 ὅλῃ
1058 1908 1174 1961 ψυχῇ
1205 1902 1332 1947 αὐτοῦ
1349 1902 1455 1946 κατὰ
1478 1902 1548 1946 τὸν
1571 1900 1695 1957 νόμον

226 2012 340 2048 noluit
358 2010 436 2058 ipse
457 2010 592 2057 legere.
638 2010 804 2046 sacerdos
828 2010 949 2057 itaque
970 2010 1157 2056 recitavit,
1179 1999 1353 2059 flevitque
1373 2012 1559 2047 universus
1582 2023 1697 2059 popu-

225 2059 293 2094 lus.
341 2058 527 2103 sacerdos,
558 2062 598 2092 ut
626 2057 775 2104 primum
804 2056 946 2103 legendi
974 2058 1054 2092 finis
1084 2058 1198 2093 iactus
1221 2065 1296 2104 est,
1330 2059 1515 2095 clamorem
1543 2059 1696 2094 sustulit.

225 2118 291 2140 rex
309 2110 424 2140 autem
445 2105 580 2150 ingenti
598 2104 718 2139 dolore
737 2105 929 2150 perculsus,
954 2105 1048 2149 quod
1073 2104 1357 2150 deprehenderet
1376 2111 1432 2142 tot
1453 2117 1562 2140 annos
1585 2105 1698 2151 legem

225 2152 285 2187 dei
307 2150 542 2186 conculcatam
564 2150 687 2195 fuisse,
713 2156 832 2185 vestes
854 2162 936 2185 suas
959 2150 1147 2194 laceravit3
1169 2152 1399 2199 graviterque
1421 2158 1579 2187 metuens
1604 2151 1700 2186 misit

226 2198 288 2244 qui
311 2197 436 2233 Oldam
459 2197 638 2232 mulierem
659 2197 840 2232 fatidicam
862 2197 1098 2242 consulerent,
1123 2199 1287 2244 quidnam
1310 2211 1331 2233 a
1355 2211 1441 2244 rege
1464 2211 1506 2234 ac
1531 2203 1606 2233 toto
1632 2210 1698 2245 po-

226 2245 309 2291 pulo
333 2245 418 2280 deus
438 2244 651 2290 requireret.
699 2256 742 2279 ea
770 2244 953 2290 respondit
984 2244 1036 2279 sic
1066 2244 1134 2279 fari
1159 2245 1279 2280 deum:
1311 2243 1621 2292 “quandoquidem
1637 2257 1699 2280 cor

226 2297 323 2325 tuum
346 2290 533 2334 emollitum
560 2295 632 2334 est,
662 2301 770 2335 esque
794 2302 847 2325 me
877 2291 1074 2335 reveritus,
1107 2303 1183 2327 cum
1215 2292 1356 2327 audires
1385 2305 1440 2327 me
1470 2292 1702 2338 pronuntiare

226 2336 319 2372 hunc
337 2337 449 2373 locu-m
469 2343 507 2372 et
527 2337 601 2372 eius
617 2336 748 2372 incolas
771 2337 1020 2383 pessundatum
1042 2342 1149 2382 atque
1171 2338 1408 2374 exsecrationi
1431 2338 1617 2374 obnoxium
1641 2339 1701 2383 iri,

228 2394 270 2418 ac
293 2385 432 2429 quando
454 2389 645 2430 propterea
662 2383 784 2418 scissis
807 2383 965 2418 vestibus
983 2395 1100 2418 coram
1122 2397 1177 2420 me
1200 2385 1362 2420 lacrimas
1385 2385 1520 2430 fudisti,
1557 2385 1637 2420 ideo
1657 2397 1703 2419 en

230 2441 296 2474 ego
320 2436 357 2465 te
378 2432 416 2466 in
439 2442 526 2476 pace
550 2430 639 2465 mori
659 2430 781 2474 sinam,
807 2442 853 2464 ne
869 2430 1067 2475 conspicias
1091 2431 1309 2467 calamitates
1331 2443 1419 2478 quas
1439 2443 1504 2478 ego
1524 2431 1605 2467 huic
1622 2432 1700 2466 loco

231 2482 269 2510 et
286 2475 362 2512 eius
384 2476 642 2512 habitatoribus
666 2475 834 2522 infligam,
860 2475 912 2511 uti
936 2488 996 2511 eos
1020 2475 1216 2513 aboleam.'’
1246 2478 1330 2513 inde
1347 2478 1462 2514 Iosias
1484 2477 1604 2512 divino
1629 2479 1704 2513 fer-

229 2533 316 2556 vore
348 2523 453 2558 animi
484 2523 672 2558 instinctus
703 2535 773 2557 non
804 2523 906 2558 modo
931 2534 1021 2569 quae
1045 2523 1245 2571 ubicunque
1265 2524 1422 2560 locorum
1444 2525 1631 2560 exstabant
1653 2524 1705 2560 si-

230 2568 383 2604 mulacra
405 2575 443 2604 et
464 2569 704 2615 superstitiosi
727 2568 840 2604 cultus
863 2569 1096 2605 instrumenta
1115 2571 1274 2606 funditus
1296 2571 1449 2616 excidit,
1482 2571 1548 2606 sed
1572 2575 1608 2606 et
1631 2570 1706 2606 cul-

230 2617 327 2648 tores
353 2627 472 2650 eorum
494 2616 583 2651 alios
609 2616 712 2651 vivos
738 2616 906 2662 perdidit,
934 2615 1021 2650 alios
1041 2622 1197 2653 mortuos
1214 2617 1255 2664 iu
1270 2617 1383 2653 bustis
1402 2617 1583 2653 cremavit.
1610 2629 1706 2652 cum,-

229 2669 299 2704 que
327 2661 491 2697 tumulum
522 2663 765 2709 conspexisset
796 2662 861 2697 sub
897 2673 966 2707 quo
990 2662 1046 2697 vir
1070 2664 1129 2698 dei
1150 2664 1309 2708 iacebat,
1346 2664 1526 2710 quaesivit
1545 2663 1705 2709 quisnam

233 2710 329 2740 esset
360 2706 418 2741 ille
449 2709 625 2754 scopulus.
673 2708 860 2755 oppidanis
881 2710 1178 2754 respondentibus
1201 2710 1343 2757 cippum
1365 2721 1446 2746 esse
1468 2710 1580 2746 divini
1601 2711 1705 2745 istius

231 2750 381 2786 hominis
406 2753 467 2798 qui
490 2756 533 2789 de
556 2755 739 2790 Bethelico
764 2755 867 2790 altari
891 2760 985 2790 esset
1008 2756 1242 2801 vaticinatus,
1276 2756 1429 2803 relinqui
1454 2769 1532 2793 eum
1564 2761 1599 2792 et
1624 2756 1713 2791 ossa

231 2796 307 2832 eius
331 2810 401 2833 non
420 2801 554 2834 moveri
576 2802 692 2837 iussit.
737 2801 829 2837 idem
854 2801 995 2846 ariolos,
1018 2802 1126 2838 falsos
1145 2807 1256 2848 vates,
1283 2807 1390 2849 atque
1408 2803 1579 2850 quicquid
1597 2804 1702 2848 flagi-

228 2843 357 2879 tiosum
382 2850 418 2879 et
442 2847 706 2883 abominandum
730 2854 806 2883 erat
827 2847 1104 2894 Hierosolymis,
1132 2849 1365 2896 exstirpavit:
1389 2861 1499 2896 seque
1520 2850 1566 2885 ad
1589 2849 1702 2884 domi-

230 2900 312 2926 num
330 2894 406 2926 toto
431 2893 537 2928 corde
560 2905 602 2930 ac
625 2899 770 2941 pectore
793 2894 990 2942 convertit,
1025 2895 1185 2933 omnibus
1218 2896 1357 2933 viribus
1379 2897 1529 2933 annixus
1553 2897 1599 2933 ad
1621 2896 1702 2931 Mo-
