1742 3184
139 167 142 170 .
186 211 284 258 502
664 207 907 254 GEORGII
939 171 1187 250 cizDRENI

184 346 275 379 ται,
301 325 371 369 ἵνα
394 323 505 381 ἡμᾶς
532 325 592 368 δι’
626 325 754 368 αὐτοῦ.
782 321 838 373 ὥς
872 319 929 364 δι’
959 317 1137 379 ὀργάνου
1161 321 1277 378 κτίσῃ
1299 318 1320 363 ὃ
1339 315 1476 372 θεός*
1500 318 1665 381 καὶούκ

185 397 235 443 ἂν,
255 395 407 450 ὑπέστη
418 427 431 447 ,
468 398 503 438 εἲ
521 395 579 451 μὴ
601 393 710 450 ἡμᾶς
728 392 930 448 ἠθέλησεν
950 389 971 434 ὅ
992 391 1093 442 θεὸς
1112 396 1311 445 ποιῆσαιε
1363 387 1574 447 ἠρώτησεν
1592 384 1665 433 οῦν

184 485 245 518 τις
265 464 415 516 αὖτοὺς
438 467 473 507 εἴ
495 462 665 507 δύναται
692 461 713 504 ὃ
744 465 820 522 τοῦ
849 464 957 511 θεοῦ
984 459 1104 525 λόγος
1130 465 1357 518 τραπῆναι,
1388 458 1443 510 ὡς
1464 458 1618 515 ἐτράπη
1642 457 1663 502 ὅ

124 535 156 571 D
184 535 400 589 διάβολος·
437 536 505 576 καὶ
535 533 607 576 οὐκ
639 529 916 590 ἐφοβήθησαν
941 532 1062 574 εἶπεΐν
1085 530 1147 573 ὅτι
1170 531 1257 582 ναί,
1297 527 1468 573 δύναται
1502 533 1663 586 τραπῆ-

180 619 271 649 ναι·
307 608 481 662 τρεπτῆς
501 602 580 660 γάρ
603 603 687 645 ἔστι
710 599 895 660 φύσεως,
926 600 1091 657 γενητὸς
1114 602 1182 642 καὶ
1201 598 1363 650 κτιστός
1384 596 1594 657 ὗπάρχων.
1674 605 1697 641 5

314 673 456 716 ’Λλλὰ
474 672 520 715 τὸ
541 671 647 716 κατὰ
672 671 746 726 τὴν
771 669 943 719 σύνοδον
962 669 1124 727 γεγονὸς
1146 674 1294 724 θαῦμα
1317 669 1364 712 οὗ
1387 670 1664 711 ὃίκαιονσιω-

179 748 238 800 πῇ
258 743 548 800 παραπέμψαι.
618 740 723 798 πρὸς
749 740 828 797 γὰρ
853 739 899 782 τὸ
925 739 1163 797 παράδοξον
1185 743 1259 782 τοῦ
1281 742 1497 791 βασιλικοῦ
1518 735 1663 780 διατά-

177 830 333 869 γματος
359 814 427 854 καὶ
458 809 681 868 φιλόσοφοι
708 811 776 853 καὶ
807 808 976 867 ῥήτορες
1003 811 1046 852 ἓν
1072 813 1124 866 τῇ
1150 807 1308 866 συνόδῳ
1329 812 1537 865 παρῆσαν,
1570 809 1664 849 δια-

176 886 359 937 λεκτικῆς
378 879 685 938 ἐμπειρότατοι·
735 880 778 922 ἓν
809 877 871 930 οἷς
903 877 1063 936 ὑπῆρχέ
1091 896 1152 929 τις
1175 877 1324 932 ’Έλλην
1356 876 1471 934 παρὰ
1499 875 1663 919 πάντων

177 951 301 1001 αὐτὸς
322 949 660 1004 θαυμαζόμενος,
699 947 803 993 ὥστε
832 947 1014 1005 μεγάλην
1036 946 1245 1004 ,ἀκρόασιν
1276 947 1319 989 ἐκ
1345 951 1420 1002 τῆς
1450 950 1662 1001 συμβολῆς
1677 953 1719 989 10

173 1021 364 1076 γενέσθαι
393 1019 584 1075 πλήθους
614 1017 981 1076 ἐπισυντρέχοντος.
1061 1018 1156 1060 οὐδὲ
1182 1018 1261 1074 γὰρ
1296 1013 1378 1059 οἷοί
1407 1033 1449 1059 τε
1480 1011 1586 1070 ἦσαν
1622 1015 1661 1058 οἱ

174 1091 385 1132 ἐπίσκοποι
403 1090 475 1132 τὸν
498 1086 728 1148 φιλόσοφόν
749 1105 793 1131 τε
814 1090 881 1130 καὶ
904 1087 1061 1146 ῥήτορα
1081 1087 1328 1145 περιτρέψαι
1349 1085 1450 1135 τέως
1475 1083 1661 1140 διαλεγό-

27 1164 57 1198 Ρ
82 1165 152 1201 287
174 1177 316 1214 μενον,
358 1157 419 1201 ὅτι
439 1163 548 1205 πᾶσι
575 1165 660 1208 τοΐς
687 1157 949 1213 ἐπαγομένοις
981 1157 1114 1216 ῥᾷστα
1144 1156 1443 1214 προσεφέρετο,
1486 1153 1661 1197 ἐπιλύων

172 1230 336 1287 εὐφυῶς
358 1228 410 1271 τὰ
433 1226 724 1284 προτεινόμενα
744 1228 811 1269 καὶ
835 1227 950 1281 δίκην
971 1227 1158 1282 ἐγχέλυος
1175 1223 1453 1279 ἀκατάσχετος
1474 1221 1660 1280 εῦρισκό-

170 1316 304 1353 μενος.
375 1299 417 1340 ἓν
435 1296 497 1348 οἷς
518 1297 598 1354 γὰρ
618 1295 748 1339 ἐδόκει
768 1296 1029 1351 συνέχεσθαι,
1066 1296 1357 1338 ὃιολισθαίνων
1378 1293 1659 1351 ἒπικρατεστέ-
1673 1299 1717 1334 15

172 1385 254 1425 ρως
275 1367 514 1424 ἀντεφέρετο
540 1371 591 1423 τῇ
615 1371 696 1410 τῶν
718 1364 937 1421 νοημάτων
960 1363 1159 1420 δεινότητι
1180 1366 1247 1407 καὶ
1269 1361 1463 1422 ῥημάτων
1485 1364 1661 1419 εὖγλωτκ

169 1438 237 1496 τίᾳ
259 1454 300 1480 τε
323 1437 391 1478 καὶ
414 1437 639 1495 στωμυλία.
711 1435 807 1483 ἀλλ’
829 1436 899 1478 ἵνα
923 1436 1032 1492 δείξῃ
1057 1432 1078 1477 ὅ
1106 1434 1207 1485 θεὸς
1236 1432 1298 1476 ὅτι
1327 1434 1402 1476 οῦκ
1430 1435 1471 1476 ἓν
1502 1432 1610 1491 λόγῳ
1634 1431 1661 1488 ἦ

167 1507 356 1561 βασιλεία
387 1510 461 1555 τοῦ
482 1509 587 1548 θεοῦ
613 1504 709 1547 ἀλλ’
736 1506 777 1547 ἐν
808 1502 1003 1560 δυνάμει,
1041 1501 1264 1562 ἄνθρωπός
1285 1521 1347 1554 τις
1370 1505 1412 1549 ἐκ
1434 1508 1515 1546 τῶν
1539 1501 1663 1562 ἁγίων

170 1575 338 1630 ὀνόματι
374 1577 614 1632 Σπυρίὸων,
664 1575 883 1625 ἐπίσκοπος
916 1572 1258 1631 Τριμιθούντων,
1304 1571 1586 1623 ἁπλούστατος
1618 1573 1663 1615 δὲ

167 1645 244 1699 τὴν
274 1642 398 1701 φύσιν
424 1647 491 1686 καὶ
522 1642 689 1699 ἰδιώτης
715 1644 786 1687 τὸν
819 1643 953 1700 λόγον,
991 1646 1160 1686 αἰτεῖται
1178 1641 1323 1701 χώραν
1346 1643 1457 1700 αὐτῷ’
1481 1645 1659 1697 δοθῆναι
1670 1647 1718 1682 20

169 1714 385 1764 ὸιαλέξεως
414 1713 518 1770 πρὸς
544 1714 616 1756 τὸν
643 1711 887 1771 φιλόσοφον.
958 1713 996 1756 οἱ
1026 1714 1070 1755 δὲ
1086 1713 1256 1770 πατέρες
1278 1711 1323 1755 τὸ
1345 1710 1501 1755 ἁπλοῦν
1527 1730 1570 1755 τε
1591 1714 1660 1754 καὶ

170 1782 373 1825 ἰδιωτικὸν
402 1788 477 1824 τοῦ
509 1781 660 1839 ἀνδρὸς
689 1781 841 1832 εἰδότες
869 1779 1046 1823 ἐκώλυον
1070 1780 1207 1823 αὐτόν.
1277 1786 1352 1824 τοῦ
1373 1781 1418 1824 δὲ
1436 1781 1495 1836 μὴ
1516 1783 1659 1836 ἀνεχο-

112 1861 145 1896 Β
168 1853 308 1906 μένου,
343 1849 528 1909 πρόσεισι
549 1856 607 1909 τῷ
627 1851 747 1907 ἀνδρὶ
768 1852 836 1893 καὶ
861 1852 985 1908 φησίν
1010 1849 1083 1893 “322
1101 1849 1270 1904 ὀνόματι
1293 1855 1367 1893 τοῦ
1383 1850 1529 1912 Ἰησοῦ
1548 1855 1660 1907 Χρι-

165 1925 267 1964 στοῦ
292 1920 492 1972 ἄκουσον,
537 1915 570 1963 ὦ
599 1918 827 1979 φιλόσοφε,
875 1920 926 1962 τὰ
957 1923 1030 1975 τῆς
1060 1921 1262 1975 ἀληθείας
1285 1918 1487 1976 δόγματα.
1558 1922 1660 1971 θεὸς

165 2041 230 2065 nos
253 2029 369 2075 ipsius
389 2033 556 2076 tanquam
578 2028 806 2064 instrumenti
828 2041 939 2075 opera
961 2034 1121 2074 crearet,
1157 2041 1274 2075 neque
1298 2029 1437 2065 omnino
1463 2030 1662 2066 exstitisset

165 2076 236 2111 nisi
259 2078 346 2112 deus
372 2088 436 2111 nos
460 2078 582 2111 facere
604 2076 1057 2121 voluisset.·interrogatus
1081 2077 1188 2111 etiam
1211 2077 1318 2112 Arius
1342 2089 1364 2111 a
1385 2077 1549 2121 quodam,
1574 2089 1659 2123 pos—

165 2129 266 2158 setne
300 2125 447 2158 verbum
471 2123 619 2167 mutari,
653 2124 827 2169 quomodo
863 2123 1023 2158 diabolus
1059 2129 1114 2157 est
1142 2128 1316 2168 mutatus,
1349 2135 1419 2158 non
1443 2124 1579 2158 veritus
1604 2129 1660 2160 est

164 2170 343 2212 affirmare
369 2181 474 2216 posse
498 2170 536 2205 id
558 2170 707 2205 mutari:
743 2181 823 2205 esse
846 2170 939 2204 enim
961 2170 1137 2205 mutabilis
1159 2176 1307 2205 naturae
1341 2174 1467 2216 utpote
1501 2170 1659 2216 genitum

163 2221 200 2250 et
223 2221 393 2252 creatum.

256 2264 426 2298 Ceterum
452 2261 658 2297 miraculum
692 2274 734 2297 eo
759 2262 796 2297 in
821 2262 971 2298 concilio
997 2264 1127 2298 factum
1153 2263 1231 2298 iure
1255 2261 1492 2308 praetermitti
1516 2263 1659 2308 silentio

162 2322 232 2344 non
255 2314 388 2355 potest.
438 2309 600 2344 novitate
618 2309 755 2350 decreti
778 2309 1004 2356 imperatoris
1029 2310 1115 2344 moti
1139 2316 1380 2344 convenerant
1404 2310 1449 2344 ad
1473 2309 1659 2354 concilium

162 2355 365 2402 philosophi
397 2360 631 2401 oratoresque
666 2356 754 2391 artis
784 2355 984 2396 disserendi
1018 2356 1238 2403 peritissimi.
1295 2357 1390 2390 inter
1422 2368 1483 2390 eos
1515 2357 1657 2401 quidam

162 2408 240 2438 erat
262 2403 422 2438 Graecus
446 2403 485 2437 in
508 2403 661 2442 omnium
685 2402 939 2447 admiratione,
975 2407 1012 2438 et
1044 2403 1090 2438 ad
1125 2404 1224 2438 cuius
1249 2402 1507 2448 disputationes
1534 2415 1659 2447 magna

162 2449 338 2484 hominum
358 2454 563 2484 accurreret
583 2449 784 2489 multitudoq
821 2461 936 2495 neque
962 2450 1059 2484 enim
1081 2461 1158 2484 eum
1183 2450 1367 2485 confutare
1387 2448 1554 2484 valebant
1578 2450 1656 2495 epi-

163 2495 282 2540 scopi,
317 2504 394 2531 cum
426 2501 463 2531 et
496 2495 662 2531 facillime
695 2496 881 2541 quibusvis
914 2496 1174 2532 obiectionibus
1206 2501 1430 2539 occurreret,
1465 2500 1502 2530 et
1531 2503 1657 2541 argute

161 2541 374 2576 dissolveret
394 2544 590 2589 proposita,
618 2543 803 2588 instarque
823 2543 999 2587 anguillae
1023 2543 1272 2589 comprehendi
1297 2542 1472 2587 nequiret,
1498 2544 1562 2577 sed
1578 2554 1654 2577 cum

161 2589 311 2627 maxime
332 2589 514 2624 videretur
536 2589 762 2634 constrictus,
787 2588 987 2624 elaberetur
1013 2602 1055 2624 ac
1077 2590 1231 2624 validius
1254 2588 1407 2623 instaret
1428 2589 1653 2634 adversario:

163 2637 262 2669 tanta
285 2635 323 2668 in
352 2647 394 2670 eo
426 2641 504 2670 erat
528 2636 664 2681 ingenii
688 2635 764 2680 vis,
798 2637 1061 2681 verborumque
1084 2636 1188 2682 copia
1211 2639 1248 2670 et
1270 2634 1472 2670 volubilitas
1496 2635 1650 2680 linguae«

164 2681 251 2717 deus
286 2687 404 2716 tamen
438 2687 523 2717 tunc
559 2682 715 2717 ostendit
746 2693 891 2727 regnum
921 2694 1021 2719 suum
1045 2694 1116 2717 non
1135 2682 1256 2717 verbis
1281 2681 1345 2716 sed
1369 2687 1547 2726 potestate
1572 2682 1652 2717 niti.

164 2726 304 2769 quidam
337 2728 428 2762 enim
464 2729 508 2763 de
541 2729 692 2772 sanctis,
728 2729 869 2764 nomine
902 2729 1108 2774 Spyridons‚
1141 2729 1328 2774 episcopus
1363 2727 1652 2774 Trimithuntius‚

164 2772 422 2817 simplicissimo
442 2775 584 2820 ingenio
610 2788 652 2810 ac
676 2775 875 2811 disserendi
898 2776 1008 2819 rudis,
1034 2776 1140 2821 petiit
1164 2775 1234 2810 sibi
1254 2785 1331 2809 cum
1354 2775 1653 2820 philosophojsto

163 2818 367 2863 disputandi
399 2820 512 2855 locum
537 2822 707 2865 concedi3
745 2822 903 2867 nihilque
925 2828 1079 2857 moratus
1104 2826 1245 2867 patres,
1279 2820 1340 2865 qui
1365 2821 1440 2856 eius
1465 2821 1655 2856 ruditatem

163 2870 202 2919 gt
223 2864 484 2908 simplicitatem
509 2868 661 2903 scientes
684 2869 933 2914 prohibebant,
957 2880 1149 2913 aggressus
1168 2879 1245 2902 eum
1268 2864 1329 2901 “iu
1351 2864 1514 2902 nomine⁹³
1538 2867 1655 2912 inquit

175 2911 267 2945 'lesu
293 2911 449 2956 Christi,
488 2914 570 2951 audi
597 2914 809 2961 philosophe
834 2915 998 2955 veritatis
1025 2916 1181 2950 decreta.
1231 2913 1354 2949 unicus
1379 2919 1435 2950 est
1457 2915 1565 2958 deus,
1592 2913 1652 2959 qui
