1742 3184
203 183 303 230 580
685 181 924 229 GEORGII
952 181 1198 226 GEDRENI

202 317 282 360 νειν
293 308 305 351 ,’
322 300 407 342 ’καὶ
430 296 499 357 ἐφ’
525 293 695 343 ἑκάστου
715 301 796 342 τῶν
815 296 951 340 ἄλλων
969 294 1121 352 ὁμοίως
1139 296 1210 340 τὸν
1230 294 1410 355 ἴκκριτον
1429 297 1495 340 καὶ
1518 296 1671 340 δίκαιον

202 368 394 426 λογισμὸν
427 369 731 427 ἀποφέρεσθαι·
767 368 951 423 λογισμοὶ
973 367 1053 424 γὰρ
1075 368 1242 410 δικαίων
1265 368 1454 424 κρίματα.
1527 369 1594 409 καὶ
1620 366 1672 421 δὴ

202 440 270 481 καὶ
303 436 324 481 ὃ
356 436 565 494 θεοφόρος
590 437 795 493 Ἰσίδωρος
822 438 889 479 καὶ
917 440 989 479 τοῦ
1012 437 1216 493 μακαρίου
1238 436 1434 494 φοιτητὴς
1453 436 1549 478 ποτὲ
1569 435 1672 491 λε’γει

59 511 89 546 Ρ
114 512 180 548 331
200 505 301 551 “niv
330 506 510 564 ἄρχοντα
543 507 611 548 καὶ
641 506 804 562 ἀγαθὸν
836 504 934 548 εἶναι
967 507 1032 549 δεῖ
1055 507 1122 548 καὶ
1152 504 1349 563 φοβερόν,
1380 505 1439 548 ‘lv'
1468 505 1507 547 οἱ
1532 505 1606 558 μὲν
1630 499 1673 546 εὖ

200 580 383 632 βιοῦντες
411 579 626 631 θαρροΐεν,
669 575 708 617 οἳ
747 575 790 618 δὲ
826 573 1125 632 ἁμαρτάνοντες
1156 575 1320 618 ὃκνοῒεν.
1387 573 1565 629 θάτερον
1595 574 1706 629 γὰρό

203 646 382 702 θατέρου
402 646 531 700 χωρὶς
554 644 726 701 ἀναρχία
747 642 904 698 μᾶλλόν
925 643 1074 699 ἕστινῆ
1097 642 1215 701 ἀρχή.
1286 646 1320 686 εἲ
1337 643 1412 698 μὲν
1431 643 1509 700 γὰρ
1529 640 1675 692 πάντες

203 710 309 769 ἦσαν
329 713 528 763 εὐπειθεῖς
547 715 614 756 καὶ
639 711 870 771 φιλάρετοι,
904 712 1158 769 ἀγαθότητος
1175 713 1254 756 ἔδει
1272 712 1422 768 μόνης,
1458 715 1493 755 εἷ
1512 713 1556 754 δὲ
1578 715 1675 769 φιλ-

207 780 514 839 αμαρτήμονες,
545 781 694 839 φόβου.
763 783 898 837 ἐπειδὴ
932 784 978 826 δὲ
1010 783 1195 839 ἀγαθοὺς
1214 784 1281 825 καὶ
1301 781 1502 839 πονηροὺς
1520 780 1674 836 ἀνάγκη

206 854 247 894 ἐν
276 857 360 901 τοῖς
391 851 630 907 ἀρχομένοις
661 849 780 905 εἶναι,
824 850 1038 909 ἀμφότερα
1072 852 1392 908 μεταχειριστέον
1420 855 1479 908 τῷ
1512 850 1676 905 ἄρχοντι

205 922 274 963 καὶ
307 921 586 978 προϊσταμένῳ
598 954 610 973 ,
641 921 698 964 ἵν’
720 919 747 975 ἡ
770 921 844 976 μὲν
871 920 1083 978 ἀγαθότης
1103 923 1267 978 στηρίζῃ
1289 920 1384 971 τοὺς
1405 919 1590 976 ἀγαθοὺς
1609 920 1675 960 καὶ
1689 923 1733 959 10

506 987 519 1002 t

205 989 450 1047 σώφρονας,
501 1007 523 1032 o
565 991 610 1032 ὁὲ
647 989 779 1047 φόβος
807 991 1111 1047 προαναστέλλῃ
1140 995 1220 1033 τῶν
1250 992 1448 1032 κακίστων
1477 988 1530 1031 τὰ
1559 988 1676 1030 πταί-

205 1057 390 1113 σματα.”
463 1062 592 1101 ταῦτα
620 1059 778 1111 τοίνυν,
814 1057 869 1109 ὥς
900 1058 1046 1111 ἔοικεν,
1083 1060 1319 1114 ἀγνοοῦντες
1346 1059 1413 1100 καὶ
1442 1057 1494 1101 τὰ
1523 1055 1677 1099 τούτων

206 1127 330 1182 ὅμοια
361 1127 419 1182 μὴ
451 1131 585 1177 καλῶς
613 1125 868 1182 ἐπιστάμενοι
899 1129 1100 1185 διακρῖναι
1129 1130 1196 1170 καὶ
1225 1134 1438 1185 συγκρῖναι
1466 1126 1505 1169 οἱ
1531 1127 1679 1182 ἐχθροὶ

154 1202 184 1237 Β
208 1200 283 1239 τοῦ
312 1197 533 1239 θεσπεσίου
557 1195 754 1239 Ἰωάννου
784 1195 941 1253 ἀλόγως
967 1199 1035 1240 καὶ
1064 1197 1247 1253 ἀνοήτως
1275 1199 1440 1252 ἐμίσουν
1463 1195 1586 1239 αὐτὸν
1611 1196 1679 1237 καὶ

207 1266 421 1319 διέβαλλον
440 1263 499 1316 ’ὡς
520 1265 674 1323 τραχύν
693 1284 783 1309 τινα
802 1268 868 1309 καὶ
891 1267 1064 1324 ὀργίλον.
1098 1318 1100 1321 .
1476 1282 1482 1290 ¹
1691 1267 1734 1304 15

344 1335 426 1381 Διὰ
450 1334 500 1390 ὁὴ
524 1337 591 1377 καὶ
614 1335 719 1378 κατὰ
741 1340 942 1391 γυναικῶν
972 1334 993 1379 ὃ
1019 1333 1218 1391 Ἰωάννης
1237 1333 1301 1378 ἐπ’
1330 1333 1542 1389 ἐκκλησίας
1562 1329 1680 1388 λόγον

207 1403 461 1455 ἐπεδείξατο,
497 1400 543 1444 ὃν
574 1403 613 1444 οἳ
647 1405 855 1457 δυσμενεῖς
883 1402 977 1444 κατ’
1003 1405 1205 1452 Εὗὸοξιάς
1229 1407 1419 1457 εἲρῆσθαι
1441 1401 1682 1460 θρυλήσαν-

205 1489 272 1522 τες
300 1469 428 1528 ταύτῃ
457 1470 528 1513 τὸν
556 1469 674 1527 λόγον
699 1470 923 1527 εἲσήγαγον.
991 1468 1019 1526 ἦ
1043 1471 1087 1513 ὁὲ
1107 1470 1210 1527 πρὸς
1222 1467 1437 1526 Ἀρκάδων
1457 1474 1524 1511 καὶ
1544 1473 1682 1518 δεινῶς

205 1540 452 1584 πεπονθέναι
486 1541 660 1596 λέγουσα
697 1540 802 1583 κατὰ
828 1538 1024 1583 Ἰωάννου
1054 1544 1198 1584 τοῦτον
1226 1536 1477 1595 παρώτρυνε.
1545 1555 1682 1594 παρα-

206 1608 386 1662 σκευάζει
427 1609 471 1651 δὲ
509 1614 806 1664 μετασταλῆναι
851 1607 1053 1667 Θεόφιλον
1093 1607 1150 1660 ὡς
1190 1606 1394 1665 πρόδηλον
1426 1607 1578 1663 ἐχθρὸν
1607 1610 1738 1650 τοῦΞΟ

1437 1680 1457 1689 u
1506 1680 1526 1688 αν
1563 1674 1575 1689 (

204 1678 404 1723 Ἰωάννου
421 1676 679 1733 ὑπάρχοντα·
716 1678 761 1729 ὃς
779 1677 1101 1736 παραγενόμενος
1118 1680 1160 1721 ἓν
1178 1682 1228 1735 τῇ
1244 1677 1379 1734 Δρυΐ,
1405 1693 1455 1733 τῃ
1478 1693 1548 1718 νυν
1573 1678 1681 1718 Ρου-

211 1754 435 1806 φινιαναῖς,
480 1748 553 1802 τὴν
593 1747 697 1790 κατὰ
724 1747 921 1790 Ἰωάννου
952 1747 1174 1802 ἐπιβουλὴν
1206 1743 1513 1802 κατειργάσατο.
1582 1744 1681 1802 ὅπερ

208 1817 329 1873 γνοὺς
348 1815 370 1859 ὃ
392 1815 492 1866 λαὸς
512 1814 654 1859 στάσιν
669 1815 847 1872 μεγάλην
867 1818 1026 1872 ἐποίησε
1034 1849 1048 1869 ,
1073 1817 1132 1871 μὴ
1151 1819 1372 1873 συγχωρῶν
1390 1814 1513 1857 αὐτὸν
1532 1815 1683 1869 ἐκβλη-

211 1947 468 1985 monstrandum
490 1950 565 1989 est;
588 1946 817 1993 similiterque
838 1946 966 1983 ceteris
989 1947 1148 1983 omnibus
1171 1959 1211 1982 re
1237 1950 1400 1983 accurate
1424 1950 1461 1982 et
1482 1946 1575 1982 iuste
1599 1959 1684 1982 con-

212 1995 368 2030 siderata
399 1994 564 2028 utendum
597 1999 664 2029 est.
712 2005 789 2028 nam
811 1993 1044 2040 cogitationes
1068 1995 1238 2029 iustorum
1267 1993 1398 2029 iudicia
1421 1999 1514 2028 sunt.
1562 1995 1623 2029 sed
1648 1999 1685 2028 et

212 2041 353 2076 divinus
372 2039 548 2084 Isidorus,
573 2040 633 2086 qui
654 2040 840 2086 aliquando
860 2040 1051 2086 discipulus
1073 2041 1140 2074 fuit
1159 2039 1422 2087 Chrysostomi‚
1445 2036 1687 2085 “principem’'

211 2087 330 2132 inquit
360 2082 423 2121 “et
453 2086 642 2131 benignum
674 2099 752 2122 esse
783 2093 924 2133 oportet
949 2093 986 2122 et
1008 2087 1221 2132 terribilem,
1259 2092 1297 2122 ut
1328 2088 1389 2132 qui
1420 2092 1516 2121 recte
1548 2086 1686 2131 vivunt,

211 2135 318 2168 rebus
342 2133 472 2176 fidant,
508 2139 545 2167 et
568 2132 628 2177 qui
650 2133 731 2167 mali
755 2139 853 2178 sunt,
888 2133 1092 2179 delinquere
1116 2139 1285 2168 metuant.
1332 2145 1410 2167 nam
1432 2133 1463 2168 si
1487 2133 1608 2167 horum
1633 2133 1687 2167 al-

211 2185 383 2214 terutrum
418 2178 530 2224 absit,
564 2191 634 2214 non
665 2179 846 2226 imperium
883 2186 938 2215 est
969 2181 1031 2214 sed
1063 2180 1237 2215 confusio.
1282 2179 1314 2214 si
1342 2179 1432 2214 enim
1455 2191 1574 2214 omnes
1598 2181 1686 2214 obe-

212 2225 350 2260 dientes
374 2230 495 2260 essent
516 2237 557 2260 ac
579 2226 704 2261 virtuti
727 2226 858 2272 dediti,
887 2227 954 2262 soli
975 2226 1071 2261 locus
1096 2227 1223 2261 fuisset
1244 2225 1476 2272 benignitati:
1511 2227 1542 2260 si
1567 2237 1686 2260 omnes

210 2272 355 2315 vitiosi,
378 2271 453 2306 solo
471 2277 610 2307 terrore
633 2284 720 2320 opus
745 2278 832 2307 erat.
878 2273 961 2319 quia
982 2280 1095 2308 autem
1118 2284 1262 2308 necesse
1285 2279 1339 2307 est
1360 2272 1577 2307 subditorum
1598 2272 1686 2307 alios

213 2330 293 2354 esse
324 2319 436 2353 bonos
466 2317 554 2353 alios
583 2319 714 2362 malos,
747 2323 887 2366 oportet
912 2319 1103 2366 principem
1128 2324 1276 2364 utraque
1298 2331 1338 2353 re
1363 2319 1569 2354 instructum
1594 2330 1685 2361 esse,

211 2370 252 2400 ut
276 2369 312 2399 et
334 2364 555 2410 benignitate
580 2376 643 2400 sua
668 2367 778 2400 bonos
803 2378 844 2400 ac
867 2365 1041 2400 modestos
1067 2365 1267 2404 confirmet.
1300 2370 1335 2399 et
1357 2377 1379 2400 a
1402 2366 1580 2411 peccando
1604 2364 1684 2401 mali

212 2407 493 2446 deterreantur.”
540 2411 649 2456 haec,
686 2418 725 2446 ut
748 2417 915 2458 apparet,
952 2417 990 2446 et
1014 2412 1134 2447 horum
1157 2411 1282 2446 similia
1304 2411 1507 2456 ignorantes
1530 2417 1566 2446 et
1588 2417 1686 2446 recte

212 2457 415 2492 discernere
438 2469 480 2492 ac
503 2457 596 2492 inter
615 2470 655 2493 se
678 2469 882 2504 comparare
905 2457 1104 2493 nescientes
1126 2457 1257 2493 inimici
1280 2458 1422 2492 Ioannis
1443 2457 1691 2502 Chrysostomi

213 2504 366 2538 absurde
402 2509 439 2538 et
473 2503 594 2549 inepte
626 2516 703 2540 eum
734 2504 815 2539 odio
848 2504 1064 2551 habuerunt,
1102 2516 1144 2540 ac
1179 2504 1379 2539 calumniati
1411 2511 1492 2540 sunt
1524 2510 1687 2550 tanquam

214 2560 377 2595 asperum
401 2553 437 2584 et
458 2549 677 2586 iracundum.

308 2595 480 2631 Oratione
501 2596 539 2630 in
563 2597 724 2632 mulieres
745 2596 905 2632 invectus
928 2609 993 2642 pro
1018 2608 1120 2632 sacra
1143 2596 1310 2632 concione
1333 2597 1451 2632 fuerat
1472 2597 1687 2640 Chrysosto-

215 2651 304 2676 mus.
352 2653 427 2677 eam
450 2642 576 2677 aemuli
599 2643 782 2690 vulgantes
805 2655 883 2678 esse
906 2643 943 2678 in
966 2643 1161 2680 Eudoxiana
1184 2643 1396 2688 institutam,
1422 2655 1495 2679 rem
1515 2644 1559 2678 ad
1575 2643 1688 2689 ipsam

216 2686 434 2731 detulerunt3
469 2694 574 2735 atque
610 2702 652 2724 ea
686 2691 778 2736 apud
801 2689 959 2724 maritum
983 2688 1324 2735 Arcadium-questa
1346 2690 1513 2734 gravibus
1536 2702 1575 2724 se
1598 2690 1691 2725 affe-

216 2738 308 2767 ctam
337 2732 476 2770 iniuriis
506 2746 584 2770 eum
612 2736 650 2771 in
681 2736 969 2782 chrysostomum
1002 2736 1243 2782 exasperavit,
1278 2736 1446 2782 deditque
1474 2747 1615 2782 operam
1647 2741 1687 2771 ut

215 2776 435 2832 '1:heophilus
456 2788 715 2828 accerseretur,
752 2783 955 2817 manifestus
979 2782 1221 2828 chrysostomi
1245 2782 1370 2818 hostis.
1419 2783 1451 2817 is
1474 2793 1550 2817 cum
1573 2782 1684 2816 adve-

215 2830 345 2878 nisset,
381 2825 418 2859 in
443 2827 605 2874 Quercu,
641 2828 702 2875 qui
724 2829 821 2864 locus
845 2840 937 2864 nunc
959 2829 1168 2864 Rufinianao
1187 2829 1336 2874 dieitur,
1372 2834 1496 2864 contra.
1517 2829 1684 2863 Ioannem

215 2869 364 2906 insidias
391 2880 583 2919 comparat.
641 2875 791 2923 populus
823 2886 877 2912 re·
901 2876 1042 2923 cognita
1072 2887 1232 2922 magnum
1265 2875 1459 2912 concitavit
1490 2874 1683 2920 tumultun,
