1742 3184
213 167 315 218 418
688 165 938 213 'GEORGII
971 166 1217 211 CEDRENI

217 285 330 331 οἷ’κου
362 301 439 331 σου
469 282 678 342 μόσχους,
713 280 809 328 οῧδὲ
837 283 880 328 ἔκ
910 285 993 328 τῶν
1015 282 1211 339 ποιμνίων
1234 298 1309 327 σου
1327 276 1548 340 χιμάρους.
1616 279 1694 335 ἐμὴ

215 356 297 414 γάρ
328 357 435 400 ἐστιν
465 356 503 399 οἱ
532 355 745 411 οἷκουμένη
778 355 847 398 καὶ
877 354 924 396 τὸ
956 351 1162 412 πλήρωμα
1196 353 1337 408 αὐτῆς.
1404 351 1464 407 μὴ
1502 347 1699 409 φάγωμαι

218 427 371 484 κρέατα
395 425 579 485 ταύρων,
611 424 639 481 ἢ
667 421 771 485 αξιια
794 420 955 482 τράγων
975 426 1156 478 πίωμαις
1191 426 1325 466 θῦσον
1350 425 1408 481 τῷ
1436 423 1527 480 θεῷ’
1546 420 1700 463 θυσίαν

220 495 453 547 αἲνέσεως.”
524 495 595 537 καὶ
614 492 779 538 “avola
805 497 863 552 τῷ
888 495 978 551 θεῷ’
996 497 1156 548 πνεῦμα
1178 489 1559 549 συντετριμμένον.”
1632 489 1701 532 καὶ

220 563 361 616 ἇπλιῦς
379 566 421 607 ἓν
437 562 589 615 πάσαις
605 569 696 614 ταῖς
713 569 894 621 γραφαῖς
915 560 1066 617 ὁμοίως
1085 562 1160 613 τὰς
1178 563 1332 612 θυσίας
1349 560 1614 604 ἀπαναίνεται
1634 557 1701 600 διὰ
1714 563 1736 600 5

169 645 200 681 c
223 635 270 679 τὸ
301 632 592 692 ἐξαμαρτάνειν
623 632 773 684 αὐτοὺς
802 634 859 683 εἷς
889 632 1014 675 αὐτὸν
1043 634 1086 683 ἐξ
1117 631 1249 689 ἄκρας
1274 631 1417 681 κακίας
1436 646 1480 673 τε
1500 631 1567 672 καὶ
1587 628 1704 670 ἀπει-

220 705 343 756 θείας
368 706 436 746 καὶ
463 704 803 761 σκληροκαρδιάς.
871 702 1020 745 θυσίαι
1041 701 1121 759 γὰρ
1145 701 1304 756 ἀσεβῶν
1324 700 1538 756 βδέλυγμα
1557 698 1704 755 κυρίῳ·

223 776 292 818 καὶ
322 775 401 831 γὰρ
430 770 682 829 παρανόμως
710 771 1014 831 προσφέρουσιν
1043 769 1198 823 αὐτάς,
1233 772 1300 813 καὶ
1329 770 1474 813 θυσίαι
1498 768 1632 811 αὐτῶν
1652 764 1708 816 ὥς

223 843 349 900 ἄρτος
377 843 558 893 πένθους
585 843 748 894 αὐτοῖς,
783 843 851 884 καὶ
882 839 1029 892 πάντες
1051 841 1089 884 οἳ
1113 841 1319 891 ἐσθίοντες
1345 839 1473 890 αὐτὰς
1493 834 1708 894 μολυνθή-

225 929 382 957 σονται.
452 912 516 954 διὸ
550 910 602 967 δὴ
639 913 708 954 καὶ
735 915 795 970 τῷ
828 910 966 954 Σαοὺλ
996 909 1017 953 ὅ
1045 915 1161 961 θεῖος
1189 909 1389 965 Σαμουὴλ
1417 907 1546 966 ἔλεγεν
1571 905 1741 960 “duom

225 982 369 1039 ἀγαθὴ
393 978 495 1038 ὗπέρ
518 981 698 1034 θυσίαν,
734 983 802 1024 καὶ
825 979 1020 1039 ἀκρόαμα
1041 979 1143 1038 ὑπὲρ
1164 980 1288 1038 στέαρ
1311 981 1450 1037 κριῶν.
1518 977 1610 1021 ἴδοὺ
1630 975 1709 1032 γὰρ

226 1052 342 1095 θέλει
369 1049 508 1109 κύριος
528 1051 683 1094 θυσίαν
701 1048 757 1102 ὡς
772 1050 820 1093 τὸ
840 1048 1064 1094 εἷσακούειν
1084 1050 1257 1094 αὗτοῦ.”
1328 1051 1363 1092 εἲ
1384 1049 1517 1091 τοίνυν
1541 1048 1610 1089 καὶ
1630 1045 1710 1103 πρὸ

227 1125 304 1177 τῆς
333 1121 561 1178 παρουσίας
592 1122 720 1163 αὐτοῦ
747 1118 850 1178 ὑπὲρ
870 1121 1025 1164 θυσίαν
1047 1121 1220 1178 καρδίαν
1238 1118 1434 1175 καθαρὰν
1451 1114 1626 1171 ἐπεζήτει
1644 1116 1714 1158 καὶ

227 1194 389 1245 πνεῦμα
410 1190 750 1247 συντετριμμένον
759 1221 773 1242 ,
808 1194 947 1248 πολλῷ
968 1194 1126 1245 μᾶλλον
1146 1189 1281 1232 ἐλθὼν
1303 1187 1453 1230 ἔπαυσε
1469 1187 1546 1238 τὰς
1565 1185 1623 1228 δι’
1646 1184 1714 1228 αἳ·-

229 1254 372 1316 μάτων
390 1261 544 1310 θυσίας
555 1291 570 1312 ,
607 1260 703 1302 οὐδὲ
722 1258 849 1302 πάλαι
867 1259 1057 1315 δεόμενος
1079 1259 1213 1302 αὐτῶν
1223 1291 1236 1311 ,
1269 1255 1325 1308 ὥς
1346 1257 1523 1314 εἴρηται,
1559 1254 1653 1298 ἀλλ’
1680 1255 1715 1296 εἷ
1728 1265 1742 1301 1

232 1333 479 1385 βουληθῶσι
508 1334 757 1388 συγχωρῶν,
794 1331 862 1372 καὶ
891 1332 929 1372 εἷ
959 1329 1039 1372 ἀπὸ
1067 1327 1230 1385 γνώμης
1257 1327 1390 1385 ὀρθῆς
1418 1327 1718 1384 προσοίσουσιν.

234 1403 270 1443 εἲ
291 1397 410 1442 θύειν
429 1399 666 1453 ἐπιθυμεῖς,
698 1400 746 1442 οὗ
769 1398 946 1458 δεομένῳ
965 1416 1037 1454 μοι
1058 1397 1151 1442 θύε.
1206 1395 1325 1440 ὁπότε
1348 1397 1393 1440 δὲ
1415 1393 1563 1439 τούτου
1586 1392 1719 1450 ἀμνή-

184 1481 217 1518 Ι)
237 1485 358 1525 μονες
386 1468 590 1524 ἐγένοντο,
632 1471 700 1512 καὶ
732 1466 889 1524 μόσχον
921 1469 1010 1511 ἀντὶ
1027 1472 1143 1511 ’θεοῦ
1168 1468 1270 1510 θεὸν
1298 1466 1614 1517 ἐπεκαλέσαντο,
1650 1464 1721 1506 καὶ

234 1536 368 1596 τούτῳ
389 1538 464 1593 τὴν
487 1538 620 1581 αἰτίαν
640 1542 714 1593 τῆς
733 1539 775 1590 ἐξ
798 1535 1014 1595 Αἰγύπτου
1039 1528 1207 1595 πορείας
1234 1534 1518 1593 ἐπεγράψαντο
1529 1566 1544 1587 ,
1583 1533 1721 1590 λέγον-

235 1625 303 1659 τες
324 1601 470 1650 “οὗτοι
500 1607 540 1650 οἳ
567 1609 664 1650 θεοί
690 1624 788 1659 σου,
813 1606 1004 1664 Ἰσραήλ,
1035 1607 1073 1649 οἳ
1103 1603 1365 1662 ἐξαγαγόντες
1388 1620 1433 1648 σε
1463 1605 1507 1647 ἐκ
1533 1608 1608 1660 γῆς
1635 1605 1742 1646 Δι’-1

236 1676 450 1734 γύπτου,”
488 1677 558 1718 καὶ
589 1674 923 1733 ἃπαρνησάμενοι
946 1676 1047 1719 θεὸν
1070 1675 1141 1718 τὸν
1162 1675 1232 1717 διὰ
1256 1670 1722 1729 Μωῢσέως-ἓπισκεψά-

240 1762 363 1801 μενον
386 1744 535 1796 αὐτοὺς
555 1746 596 1787 ἓν
619 1750 669 1802 τῇ
693 1747 842 1801 θλίψει
862 1746 1019 1797 αὐτῶν,
1054 1745 1125 1787 τὸν
1147 1744 1200 1788 τὰ
1218 1751 1365 1800 σημεῖα
1385 1745 1476 1802 περὶ
1493 1743 1632 1800 χειρὸς
1655 1743 1724 1786 καὶ

240 1813 399 1874 ῥάβδου
440 1813 715 1870 ποιησάμενον
729 1847 743 1867 ,
789 1814 861 1858 τὸν
897 1816 1152 1872 Αἰγυπτίους
1190 1812 1432 1872 δεκαπλήγῳ
1470 1812 1724 1865 πατάξαντα,

241 1884 312 1929 τὸν
331 1884 405 1940 τὴν
426 1884 609 1942 ἐρυθρὰν
631 1881 853 1928 θάλασσαν
878 1887 933 1936 εἷς
954 1885 1168 1943 διαιρέσεις
1189 1882 1374 1928 διελόντα
1391 1885 1458 1926 καὶ
1479 1880 1726 1940 διαγαγόντα

243 2004 361 2040 neque
381 1992 515 2029 hoedos
542 1996 587 2028 ex
605 1992 720 2029 caulis
743 1993 830 2029 tuis.
875 2005 953 2029 mea
978 1993 1070 2029 enim
1093 1997 1149 2029 est
1168 1999 1285 2037 terra,
1310 1996 1348 2029 et
1369 1992 1538 2039 quicquid
1561 2004 1637 2027 eam
1660 1992 1728 2026 im-

243 2041 333 2090 plet.
379 2052 462 2075 num
485 2051 551 2086 ego
575 2044 755 2075 taurorum
779 2052 886 2076 carne
915 2053 1042 2076 vescar
1068 2045 1131 2075 aut
1152 2040 1358 2085 sanguinem
1381 2040 1558 2074 hircorum
1579 2039 1728 2074 bibam?

244 2089 337 2124 offer
359 2087 499 2122 domino
523 2087 736 2122 sacrificium
756 2083 905 2123 laudis-'³
954 2093 990 2123 et
1012 2088 1159 2132 (Psalm.
1179 2087 1243 2132 50)
1266 2083 1501 2122 “sacrificium
1529 2086 1596 2121 deo
1624 2097 1728 2121 acce-

244 2141 345 2182 ptum
367 2139 423 2169 est
443 2133 590 2180 spiritus
613 2131 822 2169 contritus?
868 2134 906 2168 in
924 2146 1077 2179 summa,
1101 2134 1232 2181 passim
1251 2133 1288 2168 in
1307 2133 1494 2179 Scriptura
1512 2133 1598 2168 deus
1617 2132 1730 2167 sacri-

246 2181 332 2217 ficia
354 2181 512 2227 respuit,
538 2181 633 2227 quod
648 2181 778 2216 ‘Iudaei
800 2181 970 2216 adversus
996 2182 1110 2228 ipsum
1132 2186 1322 2227 peccarent
1344 2192 1476 2216 summa
1493 2179 1627 2215 malitia
1645 2190 1731 2214 con—

247 2227 402 2264 tumacia
426 2232 533 2274 atque
554 2227 766 2275 pertinacia.
814 2228 947 2274 quippe
973 2228 1160 2275 impiorum
1183 2227 1358 2263 sacrificia
1381 2228 1468 2262 deus
1491 2226 1734 2262 abominatur:

247 2286 329 2311 nam
353 2274 463 2321 impie
485 2286 528 2309 ea
551 2275 730 2318 offerunt,
752 2281 905 2320 suntque
923 2275 1180 2321 ipsivtanquam
1198 2274 1300 2320 panis
1316 2274 1454 2315 luctus3
1477 2279 1515 2309 et
1532 2273 1734 2319 quicunque

248 2322 295 2357 de
334 2320 381 2356 iis
419 2322 547 2367 edunt,
589 2320 933 2356 contaminabuntur.
981 2322 1103 2367 itaque
1142 2321 1248 2356 etiam
1283 2320 1391 2355 Saulo
1427 2321 1612 2356 Samueius
1641 2318 1734 2354 dixit

248 2368 289 2413 (1
305 2367 404 2402 Sam.
420 2369 481 2414 15)
503 2364 763 2403 “obedientiam
789 2369 964 2404 sacrificio
983 2373 1091 2414 atque
1111 2368 1212 2414 adipi
1231 2367 1381 2403 arietino
1403 2372 1603 2414 praestare,
1626 2371 1735 2411 atque

252 2413 437 2450 a’deo⁴iis
460 2412 673 2460 praeferri.”
720 2413 781 2461 qui
804 2427 890 2460 ergo
914 2420 997 2450 ante
1021 2416 1210 2450 adventum
1231 2426 1331 2450 suum
1357 2426 1419 2449 cor
1444 2425 1570 2461 purum
1593 2412 1734 2449 et·ani-

254 2472 345 2496 mam
369 2461 556 2497 contritam
579 2461 754 2497 sacrificio
776 2463 918 2507 potiora
940 2462 1084 2506 habuit,
1120 2462 1151 2496 is
1182 2462 1307 2507 utique
1327 2465 1513 2507 postquam
1537 2460 1574 2495 in
1594 2470 1736 2495 carnem

254 2507 375 2553 venit,
398 2509 507 2543 multo
532 2509 643 2554 magis
664 2508 889 2554 sanguinaria
911 2509 982 2543 ista
1004 2508 1162 2544 abolevit
1182 2507 1378 2553 sacrificia,
1414 2520 1507 2554 quae
1529 2519 1574 2542 ne
1598 2506 1742 2554 pridem

255 2553 397 2599 quidem
419 2555 650 2601 requisierat,
682 2555 745 2590 sed
766 2555 968 2591 sacrificare
991 2555 1214 2601 cupientibus
1243 2554 1390 2590 liberam
1416 2567 1491 2590 rem
1513 2553 1736 2601 permiserat,

257 2600 360 2634 modo
394 2601 444 2637 ea'
468 2603 576 2638 corde
607 2607 705 2638 recto
738 2603 924 2638 offerrent.
969 2602 1050 2638 ideo
1075 2602 1165 2637 dicit
1193 2597 1250 2636 “si
1271 2602 1473 2637 sacrificare
1495 2602 1613 2647 cupis,
1649 2598 1736 2634 mihi

257 2657 331 2681 non
362 2644 560 2694 requirenti
590 2646 788 2685 sacrifica.”
833 2660 910 2684 cum
939 2661 1026 2684 vero
1062 2648 1122 2683 dei
1158 2648 1260 2683 obliti
1292 2648 1368 2684 eius
1399 2648 1477 2683 loco
1508 2647 1655 2684 vitulum
1678 2646 1735 2681 in-

255 2700 492 2740 vocaverunt,
533 2696 638 2742 eique
675 2697 827 2732 reditum
867 2708 912 2732 ex
949 2695 1113 2742 Aegypto
1149 2699 1331 2740 acceptum
1363 2695 1539 2740 tulerunt,
1576 2694 1735 2729 dicentes

257 2738 393 2782 (Exod.
416 2741 478 2786 32)
500 2740 609 2778 “ecce
633 2743 684 2778 dii
706 2743 778 2787 tui,
804 2742 955 2787 Israele,
981 2742 1043 2788 qui
1065 2748 1103 2777 te
1127 2754 1171 2777 ex
1192 2742 1356 2787 Aegypto
1378 2737 1610 2786 eduxerunt,”
1637 2740 1735 2775 diffi-

256 2789 374 2820 tentes
394 2787 493 2822 deum
506 2816 515 2834 ,
541 2790 601 2836 qui
621 2802 681 2825 eos
701 2791 855 2825 afflictos
872 2789 985 2824 Mosis
1005 2800 1115 2835 opera
1134 2788 1354 2834 sublevarat,
1378 2788 1439 2834 qui
1456 2799 1559 2823 manu
1579 2791 1616 2822 et
1632 2787 1737 2833 virga

257 2829 371 2886 Mosis
395 2833 563 2870 miracula
586 2837 768 2882 ediderat,
806 2836 868 2883 qui
889 2835 1079 2881 Aegyptiis
1103 2835 1349 2882 decemplicem
1373 2846 1522 2882 poenam
1542 2834 1735 2880 inflixerat,

258 2887 320 2924 qm
352 2879 497 2915 rubrum
519 2894 615 2919 mare
639 2884 677 2919 in
699 2883 884 2930 portiones
915 2882 1108 2919 disciderat
1129 2881 1299 2930 ipsosque
1321 2893 1387 2929 per
1407 2881 1540 2919 medias
1563 2893 1674 2929 aquas
1696 2885 1737 2918 ut
