1742 3184
225 157 325 205 590
699 160 940 207 GEORGII
972 161 1218 209 CEDRENI

223 275 466 332 Χριστιανοὶ
487 272 565 319 ὖπό
587 280 667 320 τῶν
682 274 824 333 μάγων
844 275 1049 335 μάρτυρες
1059 277 1266 336 γεγόνασι.
1334 283 1396 340 τῷ
1415 279 1459 325 δ’
1484 279 1594 342 αὖτῷ
1614 280 1691 328 ἔτει

223 344 345 389 πάλιν
366 345 445 387 ἀπὸ
465 349 539 388 τοῦ
557 347 798 402 ἐμπρησμοῦ
819 347 1081 404 ἅνεκαινίσθη
1101 347 1127 405 ἦ
1146 349 1301 406 μεγάλη
1318 351 1522 407 ἐκκλησία.
1573 371 1594 393 a

168 423 201 458 D
364 418 438 472 Τῷ
462 414 494 467 ζ’
518 414 593 458 ἔτει
611 415 799 458 Ἰουδαῖοι
818 418 874 467 εἷς
891 417 962 460 τὸν
973 417 1126 473 ’Ίμμον
1144 408 1281 463 πεδιόῗι
1296 421 1546 478 Χριστιανὸν
1565 422 1692 464 παῖδα

221 482 516 538 συλλαβόντες,
553 482 608 534 ὥς
639 486 844 538 παίζοντες
873 488 1001 540 δῆθεν
1031 490 1098 530 καὶ
1124 489 1195 532 τὸν
1219 489 1396 547 σταυρὸν
1418 490 1691 548 διασύροντες,

219 557 365 596 τοῦτον
392 554 619 610 ἐκρέμασαν
649 555 712 596 ἐπὶ
742 553 886 608 ξύλου,
924 555 1129 608 ἀνελόντες
1151 557 1363 612 βασάνοις.
1428 563 1548 603 τοῦτο
1573 560 1725 617 γνοὺςὸ

218 620 241 665 ὃ
266 622 461 677 βασιλεὺς
482 622 578 673 τοὺς
594 623 826 676 Ἰουδαίους
847 624 1078 682 πρεπόντως
1098 626 1278 671 ἐκόλασε.

360 695 435 749 Τῷ
456 689 507 733 ιδ’
529 691 605 735 ἔτει
626 692 744 747 λιμὸς
763 695 920 751 γέγονεν
937 696 978 738 ἐν
995 695 1168 755 Πόντῳ,
1203 697 1306 741 ὥστε
1337 696 1434 748 τοὺς
1458 695 1693 755 Παφλαγό-

218 778 295 811 νας
316 760 624 815 εὖνουχίσαντας
644 763 694 806 τὰ
716 763 800 806 ἴδια
818 764 936 807 τέκνα
958 765 1210 823 πιπράσκειν.
1279 765 1410 824 τούτῳ
1432 767 1587 825 τῷ,ἴτει
1608 768 1694 809 ε’τε-

215 829 407 884 λεύτησεν
435 832 477 872 ἓν
501 829 713 887 Ἀθήναις
738 832 940 885 Λεόντιος
969 833 990 877 ὅ
1017 835 1267 894 φιλόσοφος,
1302 835 1348 887 ὃς
1373 835 1550 893 ἔγραψεν
1578 837 1619 878 ἓν
1641 840 1693 893 τῇ

217 898 401 957 διαθήκῃ
437 900 564 943 αὐτοῦ
592 899 696 957 ατὴν
724 904 799 957 μὲν
832 903 973 947 οὗσιάν
1002 922 1084 958 μου
1115 910 1252 948 πᾶσαν
1281 904 1574 959 καταλιμπάνω
1606 912 1690 956 τοῖς
1705 911 1742 946 10

215 967 322 1019 υἱοῖς
350 986 455 1024 μου,
486 967 722 1026 Ἀθηναΐδι
742 973 787 1014 δὲ
808 977 860 1030 τῇ
882 974 959 1030 ε’μῇ
984 977 1161 1032 θυγατρὶ
1188 975 1298 1033 ἄφίω
1322 977 1500 1030 δοθῆναι
1518 976 1692 1031 χρυσίου

214 1039 451 1092 νομίσματα
474 1034 638 1082 ἑκατόν
677 1041 796 1098 ἀρκεῖ
811 1041 890 1099 γὰρ
915 1039 1017 1100 αὐτῇ
1038 1041 1064 1100 ἦ
1083 1042 1183 1100 τύχη
1206 1044 1376 1098 αὐτῆς.»
1447 1042 1599 1099 ταύτην
1619 1044 1693 1099 τὴν

210 1105 460 1163 Ἀθηναΐδα
504 1110 545 1160 ἐξ
582 1110 786 1166 Ἀθηνῶν
828 1114 1090 1166 εἰσαχθεΐσαν
1126 1114 1361 1169 θεασαμένη
1399 1110 1427 1168 ἦ
1456 1114 1693 1171 Πουλχεριά

69 1184 100 1220 Ρ
122 1185 191 1223 337
214 1175 358 1220 κάλλει
387 1176 577 1233 σώματος
607 1181 909 1238 διαπρέπουσαν
941 1184 1007 1224 καὶ
1038 1184 1194 1225 συνέσει
1225 1187 1364 1238 ψυχῆς
1396 1183 1693 1238 καλλυνομένην

215 1248 286 1289 καὶ
312 1244 419 1305 λόγῳ
449 1250 750 1305 κεκοσμημένην
757 1282 770 1302 ,
805 1250 907 1307 πρὸς
932 1251 1003 1294 τὸν
1026 1252 1337 1308 ἀρχιεπίσκοπον
1357 1253 1691 1295 Κωνσταντινου-
1704 1256 1742 1292 15

196 1315 372 1367 ,πόλεως
408 1317 605 1360 Ἀττικὸν
645 1319 919 1363 ἇποστείλασα
950 1319 1165 1374 ἐβάπτισεν
1173 1355 1187 1374 ,
1228 1323 1431 1364 Εὗδοκιάν
1461 1319 1693 1376 μετονομά-

213 1399 348 1429 σασα·
385 1384 525 1440 ἥντινα
554 1388 621 1429 καὶ
647 1391 706 1445 τῷ
735 1386 886 1442 ταύτης
917 1388 1085 1446 ἀδελφῷ
1105 1393 1172 1431 καὶ
1195 1395 1362 1443 βασιλεῖ’
1383 1392 1608 1443 συνέζευξεν
1637 1392 1693 1441 εἲς

213 1461 400 1511 γυναῖκα.
469 1454 601 1514 τούτῳ
624 1461 681 1514 τῷ
702 1456 778 1499 ἔτει
796 1457 976 1508 Ἀττικὸς
997 1456 1017 1500 ὅ
1039 1459 1254 1510 ἓπίσκοπος
1270 1457 1457 1501 Ἰωάννου
1477 1464 1551 1501 τοῦ
1571 1462 1693 1515 Χρυ-

213 1522 419 1579 σοστόμου
450 1525 495 1568 τὸ
530 1524 659 1580 ὄνομα
689 1527 731 1568 ἒν
761 1532 845 1577 τοῖς
875 1526 997 1584 ἱεροῖς
1026 1525 1232 1583 διπτύχοις
1257 1528 1458 1578 συνέταξε.
1527 1531 1694 1588 τελευτᾷ

213 1595 260 1637 δὲ
277 1593 474 1645 Ἀττικὸς
497 1593 517 1637 ὃ
540 1593 819 1652 πατριάρχης,
853 1598 920 1638 καὶ
943 1604 1228 1654 χειροτονεῖται
1254 1598 1444 1647 Σισίνιος.
1465 1596 1467 1598 ’
1500 1615 1503 1620 ’
1640 1592 1654 1627 l
1701 1601 1742 1636 ΞΕ

257 1715 261 1718 ,
343 1663 486 1707 ’Ami
526 1662 705 1721 τοσαύτῃ
739 1666 807 1707 καὶ
842 1664 1062 1723 τηλικαύτῃ
1095 1665 1196 1723 οὔσῃ
1227 1671 1278 1724 τῇ
1308 1665 1490 1725 Εὐδοκιά
1521 1664 1638 1715 λοξὸν
1669 1662 1690 1706 ὃ

215 1730 375 1790 φθόνος
406 1734 596 1787 ἐμβαλὼν
627 1733 742 1788 ὄμμα
774 1740 956 1778 τοιοῦτον
982 1735 1273 1791 κατειργάσατο
1299 1737 1438 1791 δρᾶμα
1465 1733 1692 1790 ἐσύστερον.

212 1800 423 1853 Παυλῖνός
437 1819 499 1852 τις
514 1801 738 1861 μάγιστρος
756 1803 940 1859 ἠγαπᾶτο
957 1805 1071 1863 παρὰ
1091 1809 1163 1861 τῆς
1178 1804 1381 1855 Εύδοκίας
1399 1801 1455 1855 ὥς
1471 1802 1527 1847 ὢν
1546 1801 1693 1860 λογιώ-

302 1906 485 1945 ΞὺπόΡ

211 2001 360 2036 Perside
382 2001 508 2037 multos
535 2002 759 2045 Christianos
782 2003 953 2051 martyrio
977 2005 1192 2052 affecerunt,
1217 2009 1254 2042 et
1276 2017 1436 2053 magnum
1459 2005 1626 2053 templum
1649 2004 1693 2041 ab

212 2048 377 2084 incendio
400 2049 571 2084 refectum
595 2056 662 2086 est.

308 2118 468 2164 Septimo
493 2131 583 2154 anno
602 2120 729 2155 Iudaei
753 2120 791 2156 in
814 2132 934 2168 campo
964 2121 1072 2156 Immo
1099 2121 1335 2157 Christianum
1367 2133 1514 2167 puerum
1544 2124 1694 2168 captum,

214 2164 358 2200 ludibrii
381 2178 423 2199 ac
447 2166 561 2201 crucis
588 2166 801 2202 deridendae
833 2179 939 2203 causa
967 2168 1271 2213 excarnificatum,
1308 2170 1353 2203 de
1376 2168 1471 2214 ligno
1499 2169 1695 2214 suspende-

212 2217 309 2247 runt.
358 2223 446 2258 quos
469 2211 679 2260 imperator,
705 2226 745 2249 re
768 2215 965 2260 patefacta,
991 2215 1106 2261 dignis
1132 2215 1223 2250 ultus
1248 2221 1302 2250 est
1324 2215 1522 2262 suppliciis.

306 2281 408 2317 Anno
445 2283 489 2317 14
521 2282 632 2317 fames
664 2283 733 2318 fuit
763 2283 800 2318 in
824 2284 938 2318 Ponto
961 2288 1061 2319 tanta
1084 2288 1123 2319 ut
1144 2283 1388 2330 Paphlagones
1411 2296 1493 2320 suos
1515 2283 1607 2319 filios
1630 2296 1692 2320 ca-

211 2329 406 2364 straverint
428 2328 549 2374 itaque
571 2330 807 2364 vendiderint.
856 2331 977 2365 eodem
1014 2343 1104 2366 anno
1137 2337 1292 2365 mortuus
1323 2337 1379 2366 est
1399 2332 1548 2366 Athenis
1571 2331 1692 2377 Leon3

211 2374 283 2410 tius
322 2375 565 2420 philosophus.
624 2375 656 2411 is
691 2381 901 2411 testamento
942 2389 1004 2412 suo
1045 2389 1162 2412 omnes
1200 2376 1387 2412 facultates
1426 2377 1509 2412 filiis
1546 2377 1692 2422 legavit,

210 2420 401 2456 Athenaidi
424 2422 518 2456 filiae
545 2427 681 2459 tantum
708 2435 834 2458 aureos
863 2426 947 2467 100,
984 2424 1105 2459 addita
1137 2425 1203 2459 hac
1233 2435 1340 2458 causa
1371 2416 1459 2458 “sua
1482 2424 1516 2458 ei
1538 2424 1694 2459 sufficiet

210 2465 392 2503 fortuna?
442 2469 531 2503 hanc
562 2469 792 2504 Athenaidem
817 2470 964 2505 Athenis
990 2470 1118 2516 cpolin
1141 2470 1324 2506 adductam
1347 2481 1424 2504 cum
1446 2470 1588 2506 videret
1607 2469 1695 2504 Pul-

210 2514 333 2550 cheria
356 2518 394 2549 et
416 2515 531 2550 forma
556 2516 713 2561 corporis
737 2522 919 2561 praestare
944 2522 980 2551 et
1001 2517 1144 2562 ingenio
1170 2529 1248 2552 esse
1272 2517 1416 2562 egregio
1439 2522 1546 2563 atque
1568 2517 1694 2552 facun-

209 2560 270 2595 dia
296 2566 476 2606 ornatam,
509 2562 553 2596 ad
577 2562 879 2609 archiepiscopum
903 2564 1002 2598 urbis
1026 2564 1181 2599 Atticum
1203 2563 1342 2598 missam
1365 2563 1583 2609 baptizavit,
1615 2561 1693 2597 Eu-

209 2607 405 2653 doeiaeque
422 2619 547 2643 nomen
562 2608 663 2653 fecit,
685 2609 961 2655 imperatorique
983 2611 1087 2645 fratri
1107 2622 1170 2660 suo
1194 2614 1338 2656 nuptum
1361 2608 1522 2651 tradidit.
1572 2610 1694 2645 eodem

212 2665 304 2688 anno
341 2654 479 2690 Atticus
513 2655 700 2701 episcopus
736 2656 878 2691 Ioannis
913 2657 1157 2702 ¹chrysostomi
1189 2668 1315 2691 nomen
1344 2656 1382 2691 iu
1414 2668 1533 2692 sacras
1558 2654 1694 2692 tabulas

212 2700 362 2735 rettulit.
410 2700 529 2736 Attico
559 2702 761 2748 patriarcha
784 2707 920 2738 mortuo
945 2705 1157 2750 subrogatur
1180 2703 1370 2738 sisinnius.
1534 2697 1542 2711 ¹

1489 2732 1513 2748 υ,

304 2767 497 2804 Enimvero
526 2771 731 2816 Eudocffle,
768 2771 831 2807 tali
856 2776 991 2808 aetam
1015 2773 1218 2819 praeclarae
1238 2771 1413 2817 feminae,
1437 2771 1573 2807 facinus
1596 2770 1694 2806 invi-

212 2812 301 2868 d-iae·
331 2815 528 2851 huiusmodi
562 2818 735 2853 actionem
765 2818 969 2855 intentavit.
1016 2821 1182 2854 Paulinus
1213 2820 1352 2865 quidam
1380 2819 1547 2864 magister
1571 2818 1691 2852 erudi—

213 2864 323 2896 uoms
352 2872 395 2897 ac
429 2863 626 2910 elegantiae
659 2876 766 2902 causa
796 2867 841 2903 ab
864 2866 1027 2904 Eudocia
1055 2867 1287 2914 diligebatur3
1318 2865 1524 2913 solebatque
1549 2875 1625 2900 cum
1649 2875 1692 2899 eo
