1742 3184
217 180 277 228 12
607 225 610 227 ,
693 177 934 223 GEORGII
969 175 1215 222 CEDRENI

342 295 432 341 ’Ότι
451 295 556 347 τινὲς,
575 296 619 339 ἐκ
639 293 910 354 παραδόσεως
931 292 1074 337 ἑκατὸν
1093 292 1162 349 ἔτη
1181 292 1251 336 τὸν
1266 292 1399 349 Ἀδὰμ
1419 292 1461 335 ἓν
1480 295 1538 350 τῷ
1558 310 1695 350 παρα-

215 366 335 426 δείσῳ
370 368 472 426 φασὶ
501 365 771 422 πεποιηκέναι.
841 364 958 408 ἄλλοι
982 364 1026 407 δὲ
1046 365 1185 422 τρίτην
1206 364 1280 419 μὲν
1306 362 1418 421 ὥραν
1441 360 1694 417 πεπλάσθαι,

113 441 145 476 Ρ
166 441 190 476 6
213 438 330 493 ἕκτην
352 437 395 480 δὲ
415 441 664 494 παραβῆναι,
699 432 866 491 ἔννάτην
888 434 932 477 δὲ
953 435 1246 490 ἐκβεβλῆσθαι,
1270 433 1317 477 τὸ
1339 435 1379 476 ἐν
1400 434 1493 491 ἕκτῃ
1515 433 1588 488 μὲν
1607 432 1697 494 ὥρα

213 509 502 565 ἐσταυρῶσθαι
531 506 601 550 τὸν
622 505 801 562 Ἰησοῦν,
829 502 973 562 ἓννάτῃ
991 505 1035 548 δὲ
1053 509 1197 548 τοῦτον
1213 502 1314 562 ὑπὲρ
1332 502 1450 560 ἡμῶν
1471 503 1696 547 ἀποθανεῖν

213 577 432 636 τεκμήριον
452 577 671 632 τιθέμενοι.
739 575 838 627 ἴσως
855 574 920 628 δέ,
948 573 1010 618 ὅτι
1032 577 1100 618 καὶ
1121 575 1167 619 τὸ
1187 574 1358 618 δειλινὸν
1371 569 1500 631 ἦλθεν
1518 572 1540 617 ὅ
1558 571 1731 632 κύριοςό

214 647 318 706 πρὸς
349 645 518 699 αὐτούς,
555 648 611 697 εἷς
643 641 796 702 ταύτην
824 643 1098 701 ὖπενεχθῆναι
1117 645 1193 701 τὴν
1213 642 1422 688 ὑπόνοιαν.
1491 644 1630 688 στενὸν
1653 644 1699 687 δὲ

215 719 367 775 κομιδῇ
395 717 442 760 τὸ
475 717 649 774 τρίωρον
677 721 750 771 τῆς
774 716 816 759 ἓν
838 716 1076 775 παραδείσῳ
1105 717 1319 773 διατριβῆς
1339 719 1415 758 τοῦ
1438 713 1700 772 προπάτορος

215 786 437 842 διάστημα,
459 789 527 830 καὶ
547 789 636 830 λίαν
652 785 858 830 ἀπίθανον
873 784 928 837 ὥς
946 790 1020 842 τῆς
1035 786 1471 844 μεγαλοπρεπειάςτοῢ
1491 786 1544 828 τὰ
1564 785 1700 828 πάντα

214 855 520 915 δυσθεωρήτοις
541 857 693 914 σοφίας
710 857 903 914 κρίμασιν
920 858 1229 912 οἶκονομοῦντος
1251 854 1430 907 ἀνάξιον.
1498 855 1595 899 πότε
1618 856 1698 913 γὰρ

213 927 257 969 ἓν
273 928 405 984 τρισὶν
424 925 551 984 ὥραις
563 928 772 984 χερσαίοις
788 945 830 970 τε
852 928 920 970 καὶ
939 934 1105 983 πτηνοῖς
1123 931 1248 970 πᾶσιν
1265 924 1449 981 ὀνόματα
1465 930 1602 969 καλεῖν
1621 924 1698 981 εἶχε
1713 934 1742 970 11

214 994 384 1055 καιρόν,·
419 995 517 1040 πότε
546 997 592 1039 δὲ
608 1001 704 1051 ’τῶν
726 996 861 1041 ἄλλων
881 998 923 1041 ἐν
946 1001 1008 1056 τῷ
1026 998 1264 1055 παραδείσῳ
1285 1000 1454 1054 καρπῶν
1470 994 1701 1051 μετασχών,

215 1070 284 1108 καὶ
310 1070 382 1122 τῆς
410 1066 544 1110 αὐτῶν
574 1064 846 1123 μεταλήψεως
866 1065 989 1126 κόρον
1011 1065 1172 1122 λαβών,
1208 1069 1264 1118 εἷς
1285 1068 1509 1122 ἐπιθυμίαν
1532 1071 1607 1123 τῆς
1628 1071 1702 1110 τοῦ

163 1139 195 1175 Β
220 1135 547 1194 ἄπηγορευμένου
577 1135 703 1188 ξύλου
730 1136 903 1193 γεύσεως
932 1135 1153 1193 ἓλήλυθενς
1185 1139 1255 1179 ἵνα
1282 1137 1341 1193 μὴ
1371 1138 1473 1194 λε’γω
1499 1137 1574 1193 τὴν
1601 1135 1703 1192 ἐπῆ-

214 1223 328 1262 ρειαν
347 1210 420 1261 τῆς
435 1207 663 1261 βασκανίας
682 1209 751 1249 καὶ
771 1211 847 1264 τῆς
865 1211 940 1250 τοῦ
960 1206 1094 1266 ὄφεως
1111 1207 1215 1265 πρὸς
1233 1207 1307 1262 τὴν
1327 1214 1498 1264 γυναῖκα
1517 1212 1702 1266 προσβο-

213 1278 291 1331 λῆς
311 1277 378 1318 καὶ
399 1278 678 1331 συμβουλίας·
706 1278 775 1320 καὶ
798 1277 877 1334 γὰρ
898 1277 1002 1333 αὕτη
1019 1278 1201 1329 πλείονος
1218 1278 1344 1320 ἐδεῖτο
1365 1282 1439 1333 τῆς
1456 1282 1530 1320 τοῦ
1546 1275 1700 1334 χρόνου
1714 1285 1742 1321 1!

212 1349 370 1403 τριβῆς.
441 1345 511 1388 διὰ
538 1350 659 1389 τοῦτο
688 1347 763 1402 μὲν
783 1348 825 1389 ἓν
845 1347 940 1405 ἕκτῃ
960 1346 1094 1407 ῆμέρα
1114 1349 1183 1390 καὶ
1206 1347 1247 1389 ἕν
1270 1347 1364 1404 ἕκτῃ
1388 1346 1478 1407 ὥρα
1502 1351 1703 1404 τετολμῆ-

211 1419 317 1458 σθαι
338 1415 413 1471 τὴν
432 1413 684 1473 παράβασιν,
718 1415 862 1474 ἓννάτῃ
883 1418 929 1460 δὲ
949 1415 1038 1476 ὥρα
1058 1420 1133 1471 τῆς
1151 1415 1278 1471 αὐτῆς
1297 1414 1453 1474 ἡμέρας
1471 1422 1545 1460 τοῦ
1564 1434 1704 1475 παρα-

212 1485 347 1528 δείσου
372 1486 440 1527 καὶ
465 1489 539 1541 τῆς
561 1486 604 1528 ἐν
628 1485 741 1544 αὐτῷ
764 1488 869 1541 ζωῆς
889 1485 986 1537 τοὺς
1015 1483 1304 1541 ἀθετήσαντας
1331 1487 1509 1530 ἐκπεσεῖν
1535 1487 1704 1546 σφόδρα

208 1554 388 1597 πιθανὸν
417 1556 487 1597 καὶ
513 1553 680 1607 πιστόν,
717 1555 774 1597 δι’
802 1556 904 1598 ἐτῶν
927 1557 973 1599 δὲ
995 1553 1098 1598 ἔπτὰ
1125 1559 1244 1598 τοῦτο
1279 1556 1496 1612 γενέσθαι,
1534 1555 1591 1608 ὡς
1621 1563 1704 1601 τῶν

208 1624 498 1682 πρεσβυτέρων
527 1624 632 1674 τινὲς
664 1622 939 1682 ἀπεφήναντο.
1008 1623 1030 1667 ὃ
1063 1625 1111 1668 δέ
1138 1642 1181 1681 γε
1210 1626 1339 1682 μέγας
1365 1626 1407 1668 ἓν
1438 1626 1742 1679 διδασκάλοιςξι

203 1692 394 1749 Ἰωάννης
423 1691 445 1735 ὅ
475 1692 806 1752 Χρυσόστομος,
852 1695 895 1737 ἐν
925 1699 978 1753 τῇ
1009 1693 1200 1755 ἑρμηνεία
1231 1700 1305 1739 τοῦ
1335 1697 1441 1739 κατὰ
1469 1700 1704 1741 Ματθαῖον

159 1767 191 1803 C
215 1760 330 1821 ἁγίου
360 1762 592 1821 εὐαγγελίου
602 1796 617 1818 ,
648 1769 702 1825 τῇ
723 1763 816 1825 ἕκτῃ
836 1763 971 1829 ἡμέρα
993 1770 1069 1823 τῆς
1090 1763 1254 1825 πρώτης
1273 1764 1526 1822 ἑβδομάδος,
1561 1768 1704 1813 τουτέ-

306 1897 331 1933 6
355 1892 651 1942 ὑπενεχθέντεςῖ

309 2011 512 2047 Notandum
534 2015 591 2047 est
609 2012 777 2058 quosdam
795 2012 848 2049 ita
865 2016 906 2049 ut
924 2013 1094 2050 traditum
1112 2015 1305 2061 antiquitus
1324 2018 1402 2061 est,
1427 2016 1584 2062 referre,
1608 2015 1705 2052 Ada-

215 2067 309 2094 mum
331 2064 470 2095 centum
493 2071 603 2094 annos
626 2060 664 2094 in
687 2061 852 2106 paradiso
877 2062 1055 2108 exegisse.
1103 2062 1164 2097 alii
1193 2063 1300 2098 tertia
1333 2063 1422 2099 hora
1451 2063 1572 2099 fictum
1603 2069 1707 2099 sexta

214 2117 402 2152 peccasse,
440 2118 534 2141 nona
567 2106 716 2142 eiectum
747 2108 954 2155 perhibent,
990 2121 1033 2144 eo
1062 2115 1267 2155 argumento
1296 2115 1456 2156 utentes,
1493 2111 1588 2156 quod
1617 2112 1707 2146 hora

214 2156 318 2187 sexta
350 2152 511 2188 dominus
541 2154 638 2188 cruci
667 2155 816 2199 affixus,
851 2167 944 2191 nona
966 2168 1032 2201 pro
1056 2156 1158 2191 nobis
1181 2162 1336 2192 mortuus
1361 2163 1434 2203 est,
1468 2158 1634 2193 fortassis
1662 2170 1706 2192 eo

213 2211 356 2245 quoque
373 2199 412 2234 in
430 2200 520 2235 hanc
544 2201 686 2235 adducti
710 2201 912 2248 opinionem
938 2204 1033 2249 quod
1055 2205 1120 2239 sub
1144 2216 1330 2250 vesperam
1358 2206 1404 2240 ad
1426 2216 1488 2240 eos
1514 2205 1616 2240 venit
1638 2205 1705 2240 do-

211 2246 339 2282 minus.
388 2247 452 2282 sed
485 2247 591 2282 trium
624 2248 789 2283 horarum
823 2249 977 2296 spatium
1011 2262 1079 2295 quo
1113 2250 1151 2285 in
1184 2252 1350 2297 paradiso
1373 2253 1526 2287 Adamns
1548 2258 1705 2287 moratus

212 2293 279 2337 sit,
314 2295 424 2329 breve
453 2295 636 2330 admodum
665 2300 701 2330 et
730 2296 836 2331 nimis
867 2297 1078 2332 incredibile
1107 2303 1163 2332 est
1193 2310 1234 2333 ac
1259 2299 1520 2345 magnificentia
1543 2299 1620 2334 eius
1643 2298 1706 2345 qui

211 2340 380 2375 universa
417 2340 801 2388 impervestigabilibus
843 2344 1044 2389 sapientiae
1083 2345 1225 2380 iudiciis
1264 2346 1466 2393 dispensat,
1508 2346 1704 2392 indignum.

211 2386 273 2431 qui
307 2388 398 2422 enim
429 2388 468 2422 in
498 2388 612 2424 tribus
643 2389 723 2425 istis
756 2389 854 2425 horis
878 2391 1031 2426 Adamus
1057 2393 1101 2426 ad
1124 2392 1372 2437 imponendum
1396 2393 1558 2428 omnibus
1587 2399 1704 2428 terre—

210 2433 343 2468 stribus
368 2446 409 2468 ac
434 2434 636 2471 volucribus
661 2436 802 2472 nomina
821 2443 960 2484 tempus
985 2438 1196 2474 habuisset?
1233 2442 1374 2485 quando
1396 2440 1544 2487 reliquis
1575 2439 1613 2475 in
1638 2452 1706 2486 pa—

210 2480 331 2514 radiso
355 2481 527 2517 fructibus
552 2485 752 2530 vescendo,
787 2485 833 2520 ad
855 2497 976 2520 eorum
998 2485 1403 2523 fruitionis-satietatem
1427 2487 1615 2533 prolapsus
1643 2499 1706 2521 cu—

211 2525 397 2570 piditatem
427 2530 622 2573 gustandae
652 2530 790 2566 arboris
821 2544 891 2578 qua
916 2532 951 2566 ei
973 2532 1200 2568 interdictum
1232 2534 1320 2581 fuit,
1357 2535 1396 2569 in
1423 2533 1574 2568 animum
1599 2534 1705 2568 indu-

213 2571 354 2607 xisset?
382 2578 422 2608 ut
438 2576 577 2610 noxiam
595 2577 815 2614 invidentiae
836 2579 998 2614 fraudem
1023 2585 1058 2614 et
1081 2580 1259 2626 serpentis
1283 2583 1328 2617 ad
1351 2580 1532 2616 mulierem
1558 2592 1706 2627 aggres-

213 2629 275 2654 sus
296 2624 400 2664 atque
426 2623 715 2660 consultationem
739 2637 811 2660 non
835 2638 1119 2672 commemorem,
1152 2639 1242 2673 quae
1265 2628 1346 2675 ipsa
1373 2627 1523 2673 amplius
1548 2640 1589 2663 eo
1613 2635 1704 2663 tem-

214 2675 284 2711 pus
303 2667 542 2711 requirebant.
590 2678 809 2718 quapropter
837 2673 1022 2719 probabile
1050 2675 1233 2710 admodum
1260 2688 1302 2710 ac
1332 2674 1502 2710 credibile
1525 2680 1581 2710 est
1603 2679 1707 2710 sexta

219 2711 280 2745 die
302 2716 339 2746 et
362 2719 462 2768 sexta
482 2715 570 2752 hora
591 2718 756 2754 delictum
778 2719 867 2756 illud
891 2723 936 2756 ab
960 2721 1005 2755 iis
1027 2721 1234 2768 admissum,
1266 2733 1430 2767 nonaque
1457 2722 1615 2757 eiusdem
1633 2721 1707 2757 diei

218 2757 310 2793 hora
335 2761 500 2804 parad1so
523 2774 565 2798 ac
589 2764 664 2800 vita
696 2767 741 2801 ob
772 2766 942 2803 violatum
971 2768 1030 2803 dei
1059 2770 1259 2804 mandatum
1292 2768 1488 2803 excidisse:
1519 2770 1585 2804 sed
1614 2781 1707 2803 anno

219 2805 357 2839 demum
374 2807 523 2852 septimo
540 2810 575 2845 id
595 2811 725 2847 factum
737 2840 747 2858 ,
770 2813 863 2850 sicut
879 2827 925 2850 ex
942 2815 1097 2860 antiquis
1116 2816 1256 2861 quidam
1274 2816 1558 2862 pronuntiarunt.
1607 2815 1708 2861 atqui

218 2850 372 2907 Ioan'nes
397 2853 672 2899 chrysostomus
692 2859 749 2894 vir
771 2862 889 2906 magni
908 2862 1005 2898 inter
1027 2863 1193 2897 doctores
1215 2862 1386 2908 nominis,
1418 2862 1456 2898 in
1483 2862 1708 2909 expositione

220 2909 316 2935 saon
346 2901 524 2947 evangelii
554 2906 652 2951 quod
681 2917 705 2944 a
734 2906 920 2948 Matthaeo
953 2909 1192 2958 conscriptum
1222 2909 1312 2958 fuit,
1346 2914 1449 2948 sexta
1480 2910 1541 2947 die
1572 2910 1709 2958 primae
