1742 3184
403 169 801 218 HISTORIARUM
841 170 1236 218 COMPENDIUM.
1526 173 1558 221 7

83 287 164 332 ἀπὸ
194 292 275 332 τῶν
304 283 496 345 σκότους,
541 289 612 331 καὶ
633 286 770 347 ἧμέρα
795 284 1024 346 ὠνομάσθη
1051 288 1165 348 παρὰ
1190 291 1264 332 τοῦ
1291 288 1557 348 δημιουργοῦ.

81 357 111 414 ἣ
141 356 281 415 πρώτη
306 358 391 402 ἐστὶ
417 362 493 401 τοῦ
524 356 626 416 παρ’
651 356 860 417 Ἑβραίοις
885 358 1103 415 λεγομένου
1131 359 1268 403 Νισὰν
1290 363 1366 403 τοῦ
1389 356 1554 419 πρώτου
1608 401 1621 413 ,

79 426 230 484 μηνός,
260 428 421 484 εἶκοστὴ
450 428 495 471 δὲ
521 427 683 484 πεμπτὴ
712 433 787 472 τοῦ
816 428 931 487 παρὰ
950 427 1167 485 Ῥωμαίοις
1189 428 1388 487 Μαρτίου
1411 427 1555 486 μηνός,
1578 436 1608 473 Ρ
1631 437 1656 474 3

79 498 195 556 παρὰ
225 498 270 541 δὲ
296 499 539 555 Αἰγυπτίοις
566 495 601 552 ζ’
629 498 808 554 Φαμενώ
829 502 905 542 τοῦ
926 497 998 542 κθ’
1015 499 1266 555 καλουμένου
1285 498 1392 558 παρ’
1416 499 1556 552 αὗτοΐς

45 565 219 623 ὅμηνός.
287 568 330 611 ἓν
357 565 486 625 ταύτῃ
513 568 583 611 καὶ
601 568 790 626 Γαβριὴλ
808 568 880 612 τὸν
901 560 1202 625 ἇσπασμὸνὶἔπὶ
1219 573 1272 627 τῇ
1289 570 1385 630 θεία
1400 567 1554 627 συλλή-

76 649 150 692 ψει
170 641 244 680 τοῦ
264 641 450 695 σωτῆρος
467 635 585 693 ἡμῶν
601 641 704 681 θεοῦ
727 643 778 696 τῇ
799 637 1069 699 παναχράντῳ
1096 636 1280 698 θεοτόκῳ
1308 639 1555 697 ἐφθέγξατο.

76 707 120 749 ἓν
147 705 277 765 ταύτῃ
296 709 364 750 καὶ
386 705 407 750 ὃ
430 707 650 767 μονογενὴς
666 707 755 759 υἱὸς
775 713 850 751 τοῦ
867 708 1023 767 πατρὸς
1041 708 1147 764 μετὰ
1166 709 1241 765 τὴν
1262 710 1306 760 ἐξ
1323 707 1452 764 αὐτῆς
1474 708 1553 767 ι’ίρ-

75 793 198 832 ρητον
227 777 408 834 γέννησιν
435 781 573 821 πᾶσαν
601 775 825 836 πληρώσας
857 779 1090 834 οἰκονομίαν
1120 779 1164 822 ἔκ
1197 782 1349 837 νεκρῶν
1380 778 1553 835 ἀνέστη·

72 843 198 904 ἥνπερ
217 848 285 889 καὶ
303 846 500 906 κυριακὸν
516 845 657 903 πάσχα
676 848 715 891 οἳ
732 846 839 905 ἅγιοι
857 849 1028 907 πατέρες
1048 846 1267 904 ὠνόμασαν
1274 881 1288 901 ,
1323 847 1454 907 ἀρχὴν
1472 852 1552 892 λα-

18 924 65 962 10
73 913 215 971 βόντες
244 916 350 960 κατὰ
378 917 453 973 τὴν
482 916 610 973 αὐτὴν
638 916 757 975 ἆγιάν
779 923 852 974 τῆς
873 917 1090 978 ζωηφόρου
1114 916 1375 970 ἀναστάσεως
1395 916 1553 978 ἡμέραν

71 989 147 1028 τοῦ
172 990 569 1043 πεντακισχιλιοστοῦ
602 992 943 1032 πεντακοσιοστοῦ
966 992 1211 1046 τριακοστοῦ
1238 985 1405 1031 ε’ννάτου
1433 986 1550 1041 ἔτους
1571 992 1603 1030 B

71 1054 152 1097 ἀπὸ
174 1057 341 1107 κτίσεως
358 1055 530 1112 κόσμου.
599 1059 667 1100 καὶ
690 1058 793 1109 τινὲς
815 1059 861 1101 δὲ
879 1061 961 1101 τῶν
983 1056 1106 1115 ἁγίων
1124 1056 1345 1116 θεοφόρων
1362 1058 1550 1117 πατέρων

70 1124 113 1166 ἓν
134 1129 186 1183 τῇ
203 1126 309 1184 αὐτῇ
327 1125 489 1185 ἔφασαν
508 1130 560 1184 τῇ
580 1124 737 1188 ἡμέρᾳ,
773 1125 960 1183 δηλονότι
984 1132 1059 1171 τοῦ
1075 1130 1275 1185 Μαρτίου
1293 1126 1423 1184 μηνός
1429 1160 1443 1181 ,
1462 1129 1550 1171 οκαὶ

68 1194 145 1250 τὴν
177 1196 241 1237 ἐπὶ
274 1200 349 1252 γῆς
382 1196 574 1254 δευτέραν
601 1201 677 1240 τοῦ
708 1196 800 1240 υἶοῦ
829 1199 992 1240 καὶτοῦ
1016 1201 1121 1241 θεοῦ
1141 1199 1209 1241 καὶ
1228 1201 1413 1256 σωτῆρος
1430 1194 1549 1253 ἡμῶν

14 1272 57 1308 15
70 1262 315 1320 γενήσεσθαι
334 1267 563 1323 παρουσίαν
569 1298 584 1318 ,
617 1267 659 1309 ἓν
676 1259 705 1323 ᾗ
723 1273 855 1324 κρινεῖ
866 1271 1003 1310 πᾶσαν
1020 1265 1170 1323 πνοήν,
1203 1264 1259 1318 ὥς
1279 1271 1353 1310 τοῦ
1373 1267 1549 1323 μέλλον-

66 1350 138 1383 τος
166 1336 314 1385 αἰῶνος
344 1334 419 1376 ἀπ’
456 1335 583 1390 αὐτῆς
612 1333 735 1377 πάλιν
768 1334 844 1390 τὴν
878 1336 1009 1393 ἀρχὴν
1046 1335 1340 1391 λαμβάνοντος.
1410 1334 1472 1380 ὅτι
1503 1336 1548 1379 ἓν

66 1402 173 1459 αὐτῇ
189 1406 241 1460 τῇ
257 1401 398 1460 πρώτῃ
415 1400 571 1462 ἡμέρᾳ,
604 1402 696 1458 ἥτις
717 1399 766 1459 ἦν
787 1404 961 1462 κυριακή
971 1437 985 1456 ,
1013 1404 1138 1462 ’ἤγουν
1160 1410 1213 1463 τῇ
1237 1409 1314 1465 μιᾷ
1336 1410 1419 1448 τῶν
1438 1409 1548 1460 σαβ-

63 1470 220 1527 βάτων,
250 1473 434 1527 ἔποιήσεν
453 1469 474 1514 ὃ
496 1472 599 1522 θεὸς
613 1472 686 1514 τὸν
705 1472 880 1529 οὐρανὸν
898 1475 966 1515 καὶ
985 1474 1060 1528 τὴν
1079 1478 1169 1530 γῆν,
1194 1478 1353 1530 πνεῦμα
1368 1476 1437 1516 καὶ
1456 1478 1547 1533 φῶς

9 1586 12 1588 ,
64 1544 132 1584 καὶ
155 1540 418 1599 νυχθήμερον
440 1542 507 1583 καὶ
532 1543 574 1584 ἐκ
596 1545 672 1584 τοῦ
694 1540 1003 1597 συμβεβηκότος
1032 1542 1080 1585 τὸ
1109 1540 1275 1595 σκότος,
1312 1541 1417 1598 ὁμοῦ
1446 1542 1548 1602 ξ’ργα

8 1618 55 1654 20
69 1609 183 1654 ἑπτά.
252 1609 274 1655 ὃ
306 1611 351 1653 δὲ
378 1609 623 1668 Ἀφρικανὸς
646 1611 721 1666 τὴν
742 1609 908 1669 πρώτην
928 1609 1086 1669 ἡμέραν
1106 1611 1256 1668 νοητὴν
1280 1612 1383 1668 λέγει
1405 1613 1474 1656 διὰ
1495 1612 1545 1657 τὸ

63 1679 339 1739 ἀδιάγνωστον
369 1677 470 1723 εἶναι
495 1681 595 1735 τέως
612 1679 659 1724 τὸ
684 1678 984 1738 πρωτόκτιστον
1008 1685 1098 1741 φῶς
1113 1683 1183 1725 καὶ
1199 1681 1431 1738 κεχυμένον.
1499 1682 1542 1726 ἓν
1565 1692 1598 1728 c

157 1824 201 1861 13
223 1823 271 1870 τῆ
289 1820 433 1871 ἡμέρᾳ]
458 1820 578 1869 ταύτῃ
599 1819 754 1871 ἡμέρᾳῖ

62 1953 132 1988 fice
155 1950 191 1988 ei
212 1963 340 1988 nomen
362 1950 435 1987 diei
462 1950 677 1999 impositum.
725 1953 781 1987 est
813 1951 930 1987 antem
958 1950 1073 1998 prima
1098 1950 1176 1987 dies
1196 1950 1303 1998 primi
1322 1950 1544 1990 Ebraeorum

62 1999 212 2043 mensis,
247 2000 308 2046 qui
337 1998 467 2034 mensis
492 2000 536 2034 ab
559 1999 605 2033 iis
627 1998 741 2033 Nisan
765 1998 916 2042 dicitur3
946 1999 1138 2045 eademque
1159 1999 1284 2045 quinta
1305 2005 1387 2046 post
1406 2000 1543 2047 vigesi-

61 2058 152 2081 mam
182 2046 258 2081 eius
288 2046 418 2081 mensis
448 2057 550 2091 quem
577 2045 729 2080 Romani
758 2044 928 2080 Martium
956 2051 1104 2091 vocant,
1140 2047 1235 2093 apud
1262 2046 1458 2093 Aegyptios
1486 2051 1544 2083 cst

61 2093 212 2139 septima
232 2093 384 2138 mensis,
416 2103 517 2138 quem
541 2092 569 2127 ii
589 2092 808 2127 phamenoth
832 2091 1028 2138 appellant,
1064 2097 1189 2138 estque
1210 2093 1255 2127 iis
1278 2093 1316 2128 in
1341 2093 1469 2132 ordine
1481 2093 1540 2128 vi-

59 2140 213 2185 gesimus
248 2151 376 2175 nonus.
424 2150 466 2174 ea
493 2139 552 2174 die
591 2139 747 2174 divinam
780 2138 840 2174 dei
876 2139 991 2173 nostri
1042 2139 1237 2175 servatoris
1275 2139 1541 2187 conceptionem

59 2186 278 2222 castissimae
294 2185 428 2232 virgini
444 2185 503 2221 dei
544 2185 685 2222 enitrici
701 2185 891 2221 Gabrielus
903 2185 1115 2221 salutatione
1132 2186 1367 2221 denuntiavit.
1415 2186 1539 2221 eadem

60 2232 119 2267 die
141 2233 343 2278 unigenitus
366 2232 478 2278 patris
501 2198 616 2277 fffius,
651 2244 728 2267 cum
753 2244 798 2268 ex
822 2244 866 2268 ea
887 2232 1062 2268 ineffabili
1083 2233 1187 2267 modo
1216 2238 1318 2268 natus
1348 2231 1442 2266 omni
1471 2243 1538 2267 suo

58 2279 97 2313 in
119 2291 226 2315 carne
245 2280 432 2316 defunctus
453 2285 549 2315 esset
570 2279 711 2325 officio,
746 2292 766 2315 e
790 2279 936 2314 mortuis
963 2279 1134 2314 surrexit.
1180 2290 1283 2325 quam
1309 2278 1402 2313 diem
1430 2277 1538 2314 etiam

58 2326 192 2372 pascha
222 2325 431 2361 dominicum
463 2326 559 2361 beati
587 2331 708 2372 patres
732 2326 973 2371 nominarunt,
1007 2327 1103 2361 facto
1128 2324 1204 2361 eius
1228 2325 1283 2361 rei
1303 2324 1406 2360 initio
1430 2325 1474 2360 ab
1494 2336 1538 2360 ea

57 2373 140 2418 ipsa
161 2385 264 2408 sacra
283 2372 343 2407 die
364 2372 531 2408 vivificae
552 2373 846 2419 resurrectionis,
874 2383 964 2418 quae
983 2372 1053 2408 fuit
1077 2384 1168 2407 anno
1190 2373 1235 2407 ab
1255 2371 1394 2417 origine
1415 2371 1537 2406 mundi

57 2419 247 2466 quinquies
280 2419 461 2454 millesimo
494 2420 774 2466 quingentesimo
806 2419 1002 2466 trigesimo.
1062 2423 1248 2466 praeterea
1278 2418 1419 2465 quidam
1445 2418 1534 2454 bea-

56 2471 172 2501 torum
205 2471 243 2501 et
276 2467 398 2501 divino
429 2466 601 2502 instinctu
637 2467 876 2513 praeditorum
913 2471 1051 2514 patrum
1086 2466 1209 2500 eadem
1247 2465 1306 2500 die
1348 2464 1534 2510 (nimirum

57 2513 103 2548 25
128 2512 276 2558 Martii)
310 2513 457 2548 alterum
487 2513 552 2549 filii
573 2514 634 2549 dei
656 2520 693 2549 et
714 2514 909 2549 servatoris
940 2512 1054 2549 nostri
1079 2513 1162 2547 Iesu
1185 2510 1322 2547 Christi
1344 2512 1532 2547 adventum

56 2560 138 2594 fore
160 2560 499 2606 pronuntiaverunt,
525 2572 593 2607 quo
614 2561 660 2596 de
684 2560 777 2596 omni
805 2560 921 2595 anima
945 2566 1001 2596 est
1020 2559 1187 2594 iudicium
1210 2563 1373 2604 acturus,
1399 2558 1533 2605 quippe

56 2607 213 2642 futurum
250 2606 427 2642 saeculum
464 2618 602 2643 rursum
638 2608 683 2643 ab
710 2607 778 2643 hac
809 2607 888 2653 ipsa
918 2606 978 2642 die
1013 2605 1247 2642 inchoandum
1276 2605 1532 2641 existimantes.

58 2658 163 2698 nota,
201 2653 314 2700 prima
343 2653 415 2689 ista
446 2653 527 2698 die,
558 2665 648 2700 quae
675 2655 747 2689 fuit
772 2654 948 2689 dominica
976 2652 1055 2688 sive
1111 2653 1201 2689 rima
1229 2656 1313 2699 post
1333 2652 1531 2696 sabbatum,

56 2699 147 2734 fecit
166 2701 252 2736 deus
275 2700 409 2737 caelum
433 2704 470 2735 et
490 2705 640 2746 terram,
668 2700 832 2748 spiritum
855 2707 891 2736 et
913 2701 1050 2746 lucem,
1103 2700 1170 2735 ’em
1191 2698 1405 2744 naturalem,
1438 2708 1531 2744 quae

57 2747 117 2781 die
142 2758 184 2781 ac
205 2752 310 2782 nocte
340 2751 500 2792 constat,
538 2759 580 2782 ac
607 2747 730 2794 (quod
755 2752 834 2783 erat
862 2747 1010 2782 istorum
1034 2747 1312 2793 consectarium)
1341 2746 1529 2781 tenebram

55 2798 193 2839 septem
215 2805 359 2830 numero
385 2806 494 2840 opera
518 2795 661 2830 effecta.
706 2794 894 2830 Africanus
917 2799 1031 2829 autem
1052 2794 1198 2842 primam
1217 2793 1310 2828 diem
1326 2791 1531 2838 intelligen-

57 2839 109 2874 tia
138 2844 274 2876 tantum
305 2841 523 2876 considerari
551 2840 622 2885 ait,
655 2842 751 2888 quod
781 2846 927 2876 eatenus
954 2839 1014 2875 lux
1049 2852 1142 2888 quae
1162 2844 1246 2876 ante
1273 2839 1390 2875 omnia
1410 2842 1530 2874 creata

56 2885 146 2933 fuit,
181 2887 375 2926 internosci
403 2899 474 2924 non
504 2887 664 2937 potuerit
690 2900 736 2926 ac
762 2887 892 2925 diffusa
921 2887 1044 2924 fuerit.
1099 2887 1255 2925 secunda
1287 2885 1439 2924 naturali
1469 2883 1530 2922 die
