1742 3184
168 169 268 216 762
649 170 895 216 GEORGII
925 169 1174 214 CEDRENI

166 284 282 344 ἅγιον
303 287 522 345 Μαρτΐιόν
545 283 685 330 πάπαν
698 283 860 342 Ῥώμης
877 283 1043 344 ἐξώρισε
1061 286 1131 330 διὰ
1150 285 1198 330 τὸ
1216 285 1455 344 ἐλέγχεσθαι
1476 284 1551 330 ὑπ’
1578 287 1656 331 αὗ-

165 362 248 402 τῶν
267 356 313 400 τὸ
333 357 616 414 μονοθέλητον
637 356 764 400 αὐτοῦ
785 354 934 412 δόγμα.

310 453 384 508 Τῷ
410 445 458 503 ιζ’
487 448 565 493 ἔτει
589 448 768 502 Μαβίας
801 445 822 490 ὅ
853 445 1151 506 τῶνἍρᾶβων
1183 449 1363 514 ἀρχηγὸς
1391 449 1494 505 μετὰ
1523 453 1656 493 ταῦτα

165 519 383 578 ἐπρέσβευε
413 520 504 577 περὶ
535 516 695 575 εῗρήνης
725 517 829 575 πρὸς
846 515 1102 561 Κώνσταντα
1130 519 1198 562 διὰ
1224 519 1299 575 τὴν
1322 522 1378 570 εἷς
1395 519 1520 562 αὐτὸν
1540 537 1656 576 γενο-

165 590 290 646 μένην
309 588 388 633 ὑπὸ
409 593 492 633 τῶν
507 586 697 645 Ἀράβων
716 587 953 646 ἀνταρσίαν,
988 590 1058 631 καὶ
1080 591 1150 632 ἵνα
1169 593 1338 632 τελῶσιν
1354 587 1456 647 ὑπὲρ
1479 593 1552 645 τῆς
1570 607 1656 632 τοι-
1668 597 1690 632 5

166 658 296 715 αὕτης
316 658 476 716 εἰρήνης
498 665 583 709 τοῖς
601 656 820 713 Ῥωμαίοις
849 657 887 700 οἳ
907 657 1086 715 Ἄραβες
1115 660 1220 702 καθ’
1245 657 1402 718 ἡμέραν
1425 660 1659 715 νομίσματα

162 732 278 786 χίλια
300 732 368 773 καὶ
387 730 514 771 ἵππον
532 729 600 770 καὶ
619 729 781 771 δοῦλον.
851 725 873 770 ὅ
896 728 942 771 δὲ
961 728 1035 771 οὐκ
1056 729 1241 785 ἐπείσθη.

444 818 507 835 lv
589 819 603 836 ³

111 830 144 865 D
308 825 384 880 Τῷ
403 839 442 877 ιη
483 837 559 863 ιτει
580 824 713 864 ανεῖλε
734 818 936 873 Κώνστας
953 819 975 864 ὃ
996 821 1192 877 βασιλεὺς
1215 818 1440 866 Θεοδόσιον
1462 821 1534 864 τὸν
1556 820 1660 864 ἴδιον

166 888 372 949 ἀδελφόν·
409 889 778 946 σκανδαλιζόμενος
799 892 880 949 γὰρ
907 893 963 943 εἷς
997 892 1122 935 αὐτὸν
1150 891 1276 951 ἔκειρε
1305 890 1505 951 πρότερον
1536 891 1661 935 αὐτὸν

168 962 238 1005 διὰ
264 959 441 1004 Παύλου
475 959 733 1020 πατριάρχου
768 960 971 1015 διάκονον,
1007 960 1054 1014 ὃς
1082 963 1151 1005 καὶ
1180 961 1381 1018 μετέδωκε
1411 966 1470 1020 τῷ
1498 966 1718 1016 βασιλεῖΙΟ

168 1036 251 1076 τῶν
271 1030 484 1091 ἄχράντων
505 1033 742 1090 μυστηρίων
765 1032 806 1075 ἓν
832 1030 934 1091 ἁγίῳ
956 1033 1152 1092 ποτηρίῳ.
1221 1031 1267 1084 ὃς
1295 1032 1401 1089 μετὰ
1430 1031 1504 1088 τὴν
1526 1036 1662 1075 τελευ-

169 1102 245 1158 τὴν
270 1103 396 1145 αὐτοῦ
417 1103 519 1145 καθ’
545 1101 700 1153 ὕπνους
728 1107 887 1159 συχνῶς
915 1103 1101 1162 ἐφαίνετο
1133 1101 1268 1161 αὐτῷ,
1305 1100 1498 1145 διακόνου
1522 1105 1664 1160 φορῶν

170 1171 343 1228 στολήν,
392 1174 459 1215 καὶ
490 1172 696 1224 ἐπιδιδοὺς
729 1171 924 1230 ποτήριον
957 1174 1131 1228 αἵματος
1157 1171 1265 1229 ἔλεγε
1288 1170 1384 1215 “m‘e
1407 1166 1440 1215 ὦ
1462 1171 1660 1230 ἀδελφὲ.”

171 1243 273 1286 ὅθεν
293 1240 522 1298 ἔκκακήσας
549 1241 570 1286 ὅ
598 1242 765 1298 ἄθυμος
786 1249 917 1286 ταῦτα
937 1242 1038 1301 ὁρᾶν
1060 1242 1264 1298 ἐσκέψατο
1286 1246 1500 1286 κατελθεῖν
1522 1243 1564 1285 ἓν
1588 1244 1663 1283 Σι-

170 1313 300 1375 κελίᾳ.
370 1312 606 1356 καταλιπὼν
628 1307 701 1356 οὖν
723 1315 765 1356 ἓν
791 1317 843 1370 τῇ
863 1311 979 1357 πόλει
1000 1310 1074 1369 τήν
1092 1330 1134 1355 τε
1158 1319 1331 1370 γυναῖκα
1353 1314 1420 1355 καὶ
1443 1310 1540 1364 τοὺς
1556 1318 1664 1368 τρεῖς
1677 1321 1720 1358 15

170 1382 286 1435 υἱούς
294 1416 308 1436 ,
343 1385 411 1426 καὶ
436 1383 634 1427 εἷσελθὼν
658 1385 714 1434 εἷς
734 1383 804 1426 ἵνα
825 1388 907 1427 τῶν
929 1380 1152 1442 δρομώνων
1172 1384 1241 1426 καὶ
1261 1383 1498 1440 ἀναχωρῶν,
1535 1399 1664 1438 στρα-

172 1455 262 1512 φεὶς
288 1454 475 1497 ἔνέπτυσε
499 1458 550 1511 τῇ
579 1451 857 1512 βασιλευούσῃ
878 1453 1015 1507 πόλει,
1050 1454 1119 1496 καὶ
1150 1451 1280 1504 οὕτως
1311 1453 1493 1496 ἀπέπλει.
1563 1445 1668 1494 ἀλλ’

28 1533 56 1568 Ρ
78 1532 148 1569 436
172 1524 269 1567 οὐδὲ
293 1525 335 1567 ἓν
357 1525 524 1584 Σικελία
544 1525 796 1582 διατρίβοντι
817 1525 975 1580 ἄπέπτη
1004 1522 1025 1566 ὅ
1047 1522 1203 1581 ὄνειρος
1223 1522 1300 1565 ἀπ’
1325 1522 1468 1566 αὐτοῦ.
1538 1540 1667 1566 κατα-

170 1593 312 1649 λαβὼν
333 1595 379 1637 δὲ
401 1592 675 1651 Συράκουσαν
694 1592 814 1637 πόλιν
835 1599 908 1650 τῆς
925 1595 1114 1645 Σικελίας
1135 1594 1335 1652 διέτριβεν
1356 1594 1398 1636 ἒν
1418 1592 1536 1650 αὐτῇ,
1561 1596 1666 1646 βου-

171 1663 340 1719 λόμενος
369 1666 410 1707 ἓν
438 1662 576 1722 Ῥώμῃ
611 1665 686 1720 τὴν
719 1666 933 1719 βασιλείαν
964 1668 1220 1720 μεταστῆσαι
1255 1663 1325 1706 διὰ
1358 1662 1404 1706 τὸ
1435 1667 1724 1718 μισηθῆναιέο

172 1734 299 1778 αὐτὸν
318 1733 400 1777 ὑπὸ
419 1740 501 1778 τῶν
518 1735 757 1788 Βυζαντίων
779 1732 835 1787 ὡς
857 1733 1143 1791 μονοθελήτην
1161 1736 1230 1777 καὶ
1247 1730 1485 1785 κακόδοξον.
1519 1732 1668 1788 πέμπει

269 1878 315 1913 18
338 1870 404 1912 ἔπ’
430 1875 460 1911 Ρ

175 2006 214 2039 et
235 2015 372 2038 manum
397 2002 575 2046 abscidit3
607 2015 649 2038 ac
677 2006 838 2038 sanctum
862 2000 1053 2038 Martinam
1078 2002 1213 2038 Romae
1247 2002 1454 2050 episcopum
1476 2002 1667 2049 relegavit.

176 2063 284 2086 causa
316 2050 572 2095 indignationis
606 2050 644 2084 in
676 2057 863 2097 utrumque
894 2049 965 2085 fuit
995 2049 1197 2097 improbata
1229 2049 1573 2097 Monotheletarum,
1610 2049 1669 2086 cui

175 2097 255 2147 ipse
277 2098 443 2142 favebat,
467 2097 659 2133 sententia.

270 2167 373 2202 Anno
400 2167 444 2202 17
465 2167 607 2202 Mabias
630 2167 783 2202 Arabum
806 2165 974 2213 princeps
996 2177 1138 2202 suorum
1162 2165 1340 2202 seditione
1370 2167 1590 2214 compulsus,
1623 2168 1670 2203 de

178 2226 268 2261 pace
292 2214 447 2249 ineunda
470 2214 514 2249 ad
544 2215 775 2249 Constantem
796 2213 910 2259 misit,
946 2213 1023 2248 eius
1053 2213 1151 2261 pacis
1186 2214 1326 2249 nomine
1349 2213 1387 2249 in
1410 2213 1567 2260 singulos
1593 2214 1670 2249 dies

179 2263 225 2296 ab
250 2260 428 2296 Arabibus
450 2261 542 2296 mille
567 2273 722 2296 nummos
746 2261 937 2308 depensum
961 2260 1008 2295 iri
1029 2260 1261 2308 promittens,
1297 2265 1334 2296 et
1368 2273 1495 2308 equum
1531 2266 1568 2296 et
1591 2273 1668 2297 ser-

180 2320 275 2345 vum.
324 2319 447 2343 verum
469 2308 508 2343 id
531 2309 709 2344 Constans
733 2320 803 2343 non
827 2306 985 2343 admisit.

270 2379 374 2413 Anno
404 2379 448 2414 18
481 2379 657 2414 Constans
682 2389 884 2425 germanum
909 2388 1010 2412 suum
1036 2378 1184 2413 fratrem
1207 2377 1450 2413 Theodosium
1475 2376 1671 2422 interfecit,

180 2437 257 2460 cum
281 2425 423 2471 quidem
453 2431 536 2461 ante
567 2427 723 2462 offensus
755 2426 800 2461 ab
836 2437 878 2460 eo
913 2436 1022 2471 opera
1051 2425 1154 2460 Pauli
1182 2425 1407 2471 patriarchae
1430 2430 1569 2460 tonsum
1592 2425 1670 2460 ‹lia-

179 2471 262 2507 coni
284 2484 428 2507 munere
451 2472 645 2519 affecisset,
667 2474 712 2509 ab
738 2483 852 2518 eoque
876 2471 955 2516 ipse
977 2477 1102 2507 sancto
1125 2472 1252 2518 poculo
1275 2471 1512 2507 sacrosanctis
1535 2477 1672 2517 myste-

178 2518 244 2553 riis
270 2518 470 2564 impertitus
493 2519 636 2555 fuisset.
683 2520 716 2555 is
740 2531 826 2564 ergo
852 2518 1080 2554 Theodosius
1106 2531 1128 2554 a
1151 2525 1265 2554 morte
1288 2531 1354 2554 sua
1376 2517 1567 2554 Constanti
1591 2530 1671 2553 cre-

178 2567 244 2600 bro
270 2577 334 2611 per
357 2566 514 2612 quietem
540 2567 637 2602 visus
662 2571 739 2611 est,
776 2565 899 2601 habitu
929 2565 1093 2611 diaconi,
1129 2565 1292 2611 poculum
1326 2566 1498 2611 sanguine
1530 2565 1671 2610 plenum

180 2613 365 2657 porrigens
385 2619 492 2659 atque
512 2614 634 2649 dicens
656 2611 766 2649 “bibe
789 2609 940 2647 frater-’²
989 2612 1066 2648 eius
1091 2613 1162 2648 visi
1185 2612 1383 2648 acerbitate
1405 2612 1523 2648 victus
1547 2612 1673 2647 infelix

180 2659 374 2703 imperator
399 2659 524 2695 statuit
546 2661 584 2696 iu
605 2660 764 2696 Siciliam
789 2659 904 2695 abire.
927 2659 1049 2706 itaque
1071 2658 1110 2694 in
1134 2661 1222 2696 urbe
1245 2659 1448 2705 relinquens
1468 2670 1612 2694 uxorem
1636 2664 1675 2693 et

182 2710 258 2740 tres
281 2705 373 2741 filios
394 2706 546 2742 celocem
569 2707 794 2750 conscendit3
827 2718 974 2753 cumque
998 2706 1186 2752 solvisset,
1211 2718 1404 2742 conversus
1429 2711 1526 2741 retro
1550 2707 1674 2741 urbem

182 2750 325 2797 imperii
356 2753 473 2788 sedem
505 2755 682 2801 conspuit.
734 2755 798 2789 sed
822 2766 866 2788 ne
890 2753 928 2788 in
951 2752 1078 2788 Sicilia
1102 2754 1244 2799 quidem
1266 2753 1475 2788 insomnium
1498 2751 1584 2787 illud
1609 2764 1674 2786 ve-

187 2809 274 2832 xare
297 2798 524 2836 Constantem
548 2801 669 2836 desiit.
717 2803 916 2845 Syracusas
941 2799 1013 2835 sibi
1034 2799 1179 2846 delegit,
1203 2800 1265 2836 ubi
1288 2800 1399 2836 vitam
1422 2804 1558 2845 ageret.
1602 2803 1676 2833 sta—

186 2844 255 2879 tuit
278 2843 460 2890 imperium
483 2848 627 2882 Romam
653 2849 861 2891 transferre,
886 2859 964 2882 cum
988 2847 1125 2882 invisus
1147 2846 1335 2892 Byzantiis
1360 2853 1455 2882 esset
1476 2847 1522 2880 ob
1547 2846 1677 2881 Mono-

188 2891 397 2927 theletarum
420 2893 581 2930 haeresin
605 2895 765 2941 aliasque
790 2906 920 2940 pravus
943 2895 990 2930 de
1013 2893 1188 2939 religione
1213 2894 1421 2931 sententias.
1471 2893 1568 2928 misit
1591 2902 1677 2936 ergo
