1742 3184
386 180 786 228 HISTORJARUM
822 181 1214 229 COMPENDIUM.
1439 184 1534 231 185

64 296 88 341 ὅ
107 297 301 354 βασιλεῦς
326 304 412 349 τοῖς
441 295 604 350 δούλοις
633 302 705 341 τοῦ
731 295 853 341 Βάαλ
882 295 1137 356 εἓριεύνήσατε
1170 298 1351 356 ἀκριβῶς
1382 301 1416 342 εἰ
1449 297 1533 344 ἴστε

62 368 166 423 μεθ’
188 366 304 423 ῧμῶν
325 385 388 420 τις
407 372 488 411 τῶν
509 366 664 411 δούλων
684 367 857 425 κυριόυ.’
913 370 980 410 καὶ
998 367 1173 423 μηδενὸς
1193 367 1427 426 εὖρεθέντος
1443 371 1532 413 ἐκέ-

22 473 28 479 .
63 441 191 492 λευσεἸ
215 444 301 488 τοῖς
331 435 549 494 ὖπουργοῖς
574 437 723 489 αὐτοῦ,
771 438 838 480 καὶ
872 436 1076 488 ἐπάταξαν
1103 437 1259 489 πάντας
1290 440 1332 481 ἓν
1359 428 1531 493 στόματι

62 505 294 564 ῥομφαίας·
343 508 411 549 καὶ
439 506 510 550 τὸν
529 504 651 549 Βάαλ
682 507 749 548 καὶ
777 507 829 548 τὰ
853 507 980 550 αὐτοῦ
1002 505 1134 551 πάντα
1156 508 1358 565 ἐνέπρησε.
1425 509 1532 563 πλὴν

29 577 137 618 ὄούκ
155 574 354 634 ἐφύλαξεν
373 578 429 626 εἷς
446 578 559 626 τέλος
574 579 646 618 τοῦ
660 574 908 632 πορεύεσθαι
925 577 966 618 ἓν
983 575 1094 637 νόμῳ
1110 578 1265 636 κυρίου,
1286 579 1352 620 καὶ
1371 576 1530 636 ἐσφάγη

61 645 103 687 ἐν
122 649 182 703 τῷ
199 645 360 704 πολέμῳ
371 676 386 698 ,
419 643 667 699 βασιλεύσας
686 644 754 706 ἔτη
781 645 903 688 εἴκοσι
926 644 1014 688 δύο.

194 714 322 758 Μετὰ
355 714 400 757 δὲ
424 715 541 769 Ἰηοῦ
577 715 832 769 ἐβασίλευσεν
865 713 1049 771 Ἰωάχαζ
1087 712 1108 758 ὃ
1146 714 1235 766 υἱὸς
1270 715 1418 769 αὐτοῦ,
1461 718 1530 759 καὶ

60 782 221 839 ἐποίησε
238 783 284 827 τὸ
303 783 478 840 πονηρὸν
500 782 668 826 ε’νιῦπιον
691 785 854 841 κυρίου,
900 787 968 827 καὶ
991 784 1171 827 ἀπέθανε
1192 783 1439 839 βασιλεύσας
1459 785 1528 842 ἔτη

59 850 132 905 κζ’.
164 853 269 908 μετὰ
288 854 332 896 δὲ
346 851 527 907 Ἰωάχαζ
546 853 801 907 ἐβασίλευσεν
816 852 975 905 ’1ωᾶςὸ
996 854 1084 904 υἱὸς
1104 854 1231 897 αὐτοῦ
1238 887 1251 907 ,
1278 857 1343 896 καὶ
1365 856 1524 911 ἐποίησε
1548 865 1579 901 C

5 928 50 965 10
61 921 106 964 τὸ
130 921 305 980 πονηρὸν
324 921 492 965 ἐνώπιον
512 923 667 980 κυρίου,
700 925 768 965 καὶ
792 923 970 966 ἀπέθανε
990 922 1236 978 βασιλεύσας
1256 923 1323 979 ε’τη
1344 923 1409 967 ιδ’.
1461 926 1524 983 ἐφ’

59 986 108 1034 οὗ
127 991 302 1035 Ἐλισαιὲ
319 990 570 1047 ἐτελεύτησε,
604 991 892 1049 προφητεύσας
909 998 970 1051 4τῷ
996 993 1121 1044 Ἰωάς
1144 993 1218 1048 τὴν
1239 995 1438 1051 προτέραν
1459 994 1528 1038 διὰ

57 1059 402 1116 συμβόλωνκατὰ
420 1062 573 1118 Συρίας
593 1062 718 1117 νίκην,
749 1063 970 1119 ἐπιτρέψας
989 1063 1098 1120 αὐτῷ
1119 1063 1183 1104 ἐπὶ
1201 1063 1276 1118 τὴν
1295 1069 1370 1118 γῆν
1386 1067 1526 1114 τοξεῦ-

57 1146 126 1172 σαι
144 1129 349 1181 πεντάκις·
383 1132 451 1173 καὶ
473 1130 520 1174 τὸ
543 1131 616 1185 μὲν
634 1132 767 1189 τρίτον
790 1130 988 1187 εὐστόχως
1010 1132 1168 1188 ἔρριψε,
1202 1132 1248 1175 τὸ
1273 1134 1316 1174 δὲ
1333 1134 1523 1190 τέταρτον

55 1197 277 1255 ἠστόχησε,
322 1202 390 1244 καὶ
426 1198 670 1258 προφητεύει
707 1201 818 1259 αὐτῷ
852 1202 928 1252 ἕως
953 1203 1091 1259 τρίτης
1121 1205 1331 1258 συμβολῆς
1361 1207 1524 1258 νικῆσαι

0 1275 44 1314 1⁵
56 1269 151 1320 τοὺς
175 1269 356 1327 Σύρους,
400 1269 475 1320 τὰς
497 1269 542 1312 δὲ
572 1268 710 1327 ἑτέρας
730 1268 971 1325 ἡττηθῆναι.
1041 1272 1076 1313 εἴ
1095 1271 1174 1328 γὰρ
1193 1270 1286 1328 ἄχρι
1306 1275 1387 1314 τῶν
1407 1273 1523 1315 πέντε

54 1338 106 1381 τὰ
131 1340 232 1394 βέλη
262 1337 461 1394 εὐστόχως
488 1337 722 1395 ἔβεβλήκει,
774 1338 961 1391 πεντάκις
998 1339 1047 1383 ἂν
1081 1339 1418 1398 παραταξάμενος
1449 1341 1523 1397 τὴν

55 1406 200 1466 Σύρων
217 1408 346 1465 ἀρχὴν
365 1408 576 1463 κατέβαλε.

187 1479 375 1520 Γίνονται
398 1473 469 1520 οὖν
491 1475 595 1532 ὁμοῦ
612 1481 693 1520 τῶν
717 1477 758 1520 ἓν
781 1474 1058 1535 Ἰερουσαλὴμ
1082 1476 1411 1531 βασιλευσάντων
1439 1479 1522 1522 ἀπὸ

54 1545 196 1601 Δαβὶδ
214 1547 288 1597 ἕως
297 1548 487 1589 Σεδεκίου
506 1547 574 1602 ἔτη
592 1545 698 1602 υ(,η’.
728 1546 766 1589 οῗ
786 1547 830 1588 δὲ
846 1550 1028 1600 βασιλεῖς
1047 1544 1227 1602 ὑπῆρχον
1250 1549 1319 1591 τὸν
1339 1549 1523 1606 ἀριθμὸν

0 1614 135 1670 ἰθκβ’,
163 1614 309 1667 πάντες
328 1616 372 1658 δὲ
393 1618 435 1667 ἐξ
456 1614 543 1667 ἑνὸς
564 1616 741 1672 ἐγένοντο
764 1616 902 1672 γένους
925 1620 999 1658 τοῦ
1017 1617 1172 1671 Δαβίὸ.
1240 1618 1311 1675 ἐφ’
1339 1612 1394 1661 ὧν
1414 1613 1520 1673 ἦσαν
1545 1625 1578 1661 D

52 1690 274 1744 προφῆται,
302 1686 366 1727 ἐπὶ
386 1686 460 1741 μὲν
478 1685 619 1728 Σαοὺλ
638 1685 782 1740 Λαβὶδ
799 1687 866 1727 καὶ
886 1684 1099 1741 Σαμουήλ,
1135 1686 1198 1727 ἐπὶ
1221 1687 1265 1730 δὲ
1286 1686 1425 1741 Δαβὶὸ
1448 1689 1525 1730 αὗ·-

51 1755 122 1806 τὸς
148 1753 170 1798 ὃ
190 1755 353 1810 Λαβι’ὁ·,
388 1756 430 1798 Γ
427 1753 481 1798 dd·
489 1787 502 1807 ,
537 1754 718 1807 Νάθαν,
756 1754 914 1812 Ἀσάφ,
961 1756 1025 1797 ἐπὶ
1048 1757 1315 1810 Σολομῶντος
1346 1759 1414 1799 καὶ
1444 1761 1526 1800 τῶν

49 1824 142 1880 μετ’
164 1825 288 1869 αὐτὸν
306 1825 497 1880 Μιχαίας
520 1822 541 1867 ὃ
563 1826 804 1881 Σιλωνίτης,
841 1824 1006 1881 Σαμίας
1028 1822 1208 1869 &mmm
1277 1827 1342 1870 ἐπὶ
1364 1827 1408 1870 δὲ
1424 1826 1523 1870 Ἰω-

143 1967 191 2004 23
216 1967 404 2014 Μιχαίας]
429 1964 541 2013 Ἀχίας
563 1979 683 2015 margo
706 1968 737 2004 P

50 2093 170 2130 Baulis
191 2105 256 2130 rex
278 2093 330 2129 uti
353 2093 571 2140 dispicerent
593 2094 712 2140 ecquis
742 2094 780 2130 in
811 2096 918 2130 turba
950 2098 1045 2130 esset
1073 2093 1132 2129 dei
1161 2093 1285 2130 cultor.
1332 2106 1408 2130 cum
1426 2093 1522 2130 inter

49 2141 211 2176 Baalicos
230 2142 352 2176 horum
372 2141 484 2176 nulius
502 2141 732 2186 inveniretur,
749 2142 840 2187 regii
856 2142 978 2176 famuli
996 2142 1092 2177 iussu
1109 2141 1204 2186 regis
1220 2140 1380 2176 Baalicos
1400 2153 1521 2176 omnes

49 2188 146 2223 ferro
173 2188 414 2232 trucidarunt,
445 2187 657 2233 Baalemque
687 2200 763 2224 cum
795 2190 889 2224 omni
913 2189 987 2223 eius
1009 2189 1238 2223 instrumento
1263 2194 1518 2222 cremaverunt.

49 2239 204 2269 ceterum
235 2234 365 2269 Iehuus
389 2246 459 2268 non
481 2235 726 2280 perseveravit
747 2247 859 2281 usque
884 2237 926 2271 ad
950 2236 1054 2269 finem
1080 2234 1261 2270 servandis
1287 2234 1346 2269 dei
1370 2246 1527 2282 praece-¹

48 2281 135 2327 ptis.
180 2281 218 2314 in
241 2280 334 2315 bello
359 2280 498 2324 cecidit,
521 2292 630 2326 regno
653 2293 716 2327 per
737 2294 847 2317 annos
865 2281 993 2327 viginti
1018 2283 1104 2316 duos
1129 2286 1243 2325 gesto.

141 2327 323 2362 Successit
346 2327 380 2361 ei
402 2327 593 2362 Ioachazus
618 2328 723 2374 filius,
748 2329 808 2375 qui
832 2341 908 2363 cum
932 2328 1038 2374 impie
1059 2328 1211 2371 viveret,
1235 2338 1343 2372 regno
1364 2338 1431 2372 per
1454 2339 1521 2362 an·-

49 2385 114 2408 nos
132 2373 261 2419 viginti
283 2379 417 2420 septem
440 2375 580 2409 functus
606 2375 706 2409 obiit.
739 2380 820 2421 post
843 2376 935 2409 hunc
952 2375 1115 2419 regnavit
1137 2374 1228 2408 filius
1254 2376 1328 2408 eius
1349 2374 1429 2408 loas
1453 2386 1518 2408 an-

47 2432 112 2454 nos
131 2420 430 2466 quattuordecim,
462 2420 588 2466 impius
611 2421 689 2467 ipse
712 2433 865 2467 quoque.
914 2434 955 2455 eo
979 2427 1149 2466 regnante
1171 2420 1335 2454 Elisaeus
1358 2420 1520 2465 moritur,

47 2466 230 2512 praedicta
251 2467 350 2513 prius
371 2468 456 2501 Ioae
477 2467 521 2501 de
539 2467 656 2512 Syriis
674 2467 836 2512 victoria,
858 2468 966 2514 idque
989 2480 1052 2514 per
1075 2468 1190 2513 signa.
1237 2467 1341 2502 iussit
1365 2478 1441 2501 eum
1460 2478 1520 2501 sa-

47 2513 138 2558 gitta
158 2519 288 2548 terram
312 2513 498 2560 quinquies
521 2519 658 2558 petere.
706 2515 848 2550 tertium
872 2515 953 2549 Ioas
977 2526 1118 2559 scopum
1144 2513 1282 2558 attigit,
1306 2518 1430 2558 quarto
1453 2515 1520 2548 ab-

48 2559 194 2595 erravit.
242 2559 364 2605 itaque
387 2560 421 2594 ei
444 2559 656 2595 vaticinatus
681 2566 735 2596 est
758 2561 919 2596 Elisaeus
943 2562 1056 2595 tribus
1079 2572 1154 2595 eum
1178 2559 1322 2606 praeliis
1346 2560 1390 2594 de
1413 2559 1520 2605 Syris

45 2605 217 2640 victorem
241 2608 336 2651 fore,
360 2606 507 2651 reliquis
531 2607 803 2642 succubiturum.
852 2607 978 2653 quodsi
1004 2607 1188 2652 quinquies
1212 2617 1354 2651 scopum
1380 2606 1520 2652 attigis-

0 2689 3 2695 ,
47 2658 116 2698 set,
141 2652 328 2697 quinquies
351 2653 486 2687 collatis
510 2652 621 2698 signis
646 2654 818 2699 Syrorum
841 2653 1023 2699 imperium
1048 2665 1248 2689 eversurum
1267 2652 1391 2688 fuisse.

137 2699 316 2734 Annorum
334 2699 462 2744 quibus
483 2699 739 2745 Hierosolymis
762 2707 944 2746 regnatum
963 2700 1032 2734 suit
1050 2712 1071 2734 a
1088 2700 1226 2734 Davido
1250 2711 1360 2744 usque
1382 2699 1428 2734 ad
1449 2699 1519 2734 Se-

47 2744 207 2789 deciam,
238 2757 370 2781 summa
389 2751 444 2781 est
464 2746 795 2792 quadringentorum
820 2746 1010 2790 nonaginta
1034 2752 1129 2781 octo.
1172 2757 1276 2791 reges
1298 2746 1441 2780 suerunt
1463 2746 1521 2780 vi—

46 2791 138 2836 ginti
159 2792 241 2836 duo,
268 2804 385 2827 omnes
402 2792 541 2827 Davido
565 2793 742 2843 prognati.
778 2801 879 2828 vates
903 2794 1046 2828 fuerunt
1068 2793 1168 2828 Sauli
1190 2798 1347 2837 tempore
1371 2793 1519 2827 samue-

46 2836 100 2871 lus
124 2842 160 2872 et
180 2838 351 2884 Davfflus,
373 2838 508 2874 Davidi
529 2839 608 2885 ipse
626 2839 754 2885 David,
773 2840 920 2883 Gadus‚2
938 2839 1136 2885 Numanus,
1157 2839 1331 2885 Asaphus,
1355 2839 1518 2873 Solomo-

46 2883 102 2918 nis
126 2889 164 2920 et
185 2890 405 2932 posterorum
427 2885 558 2922 Achias
580 2885 764 2934 silonites,
787 2887 955 2922 Samaeas
977 2884 1159 2933 Adonius,
1180 2887 1246 2924 sub
1267 2885 1456 2933 Iosaphato
1481 2890 1519 2920 et
