1742 3184
375 170 782 219 HISTORIARUM
809 172 1205 220 GOMPENDIUM.
1435 173 1539 222 417

55 288 199 341 δοξον,
226 284 293 332 ὅτι
318 291 434 333 πᾶσα
462 289 538 345 μὲν
569 287 598 345 ἦ
625 289 840 346 οἶκουμὲνη
867 295 954 341 τοῖς
976 289 1194 343 Ἰουδαίοις
1223 289 1401 349 ἀνεῖται,
1429 288 1536 335 ἔνθα

54 358 129 400 οὐκ
157 356 290 410 ἔξεστι
314 357 458 411 θύειν,
490 357 597 415 μόνη
623 360 670 403 δὲ
697 357 725 416 ἦ
747 357 1014 415 Ἰερουσαλήμ
1022 388 1039 412 ‚-
1070 361 1114 403 ἐν
1134 354 1165 418 ᾗ
1185 362 1256 404 καὶ
1277 360 1405 417 μόνον
1426 362 1533 417 ἐξῆν,

53 425 210 481 ἄβατος
236 428 305 470 καὶ
335 426 486 485 ἕρημος
511 429 660 485 γε’γονε.
727 432 819 486 περὶ
850 423 908 472 ὧν
933 430 1071 485 μέντοι
1096 429 1173 473 κᾶν
1196 437 1287 482 ταῖς
1311 431 1533 475 ἀποστολι-

51 502 143 547 καῖς
168 496 379 547 διατάξεσί
396 515 524 556 φησιν
543 495 566 540 ὃ
589 502 706 549 θεῖος
724 498 857 555 λόγος.
926 498 1008 555 ἤδη
1028 501 1074 543 δὲ
1093 501 1162 543 καὶ
1183 501 1263 559 πρὸ
1287 506 1364 556 τῆς
1385 499 1534 559 ἐνσάρ-

15 574 124 610 ὅκου
155 567 387 621 οἰκονομίας
412 568 591 624 ἐναργῶς
615 565 637 611 ὅ
665 567 767 619 θεὸς
785 563 830 612 εὖ
848 566 964 623 μάλα
990 578 1209 628 παρῃτεῖτο
1227 569 1303 621 τὰς
1326 575 1408 614 τῶν
1425 571 1533 614 Ἰου-

46 635 174 678 δαίων
201 637 376 688 θυσίας,
411 635 776 694 ἐξαμαρτανόντων
805 640 862 689 εἷς
894 638 1021 682 αὗτὸν
1049 638 1271 692 πολλάκις,
1298 642 1367 683 καὶ
1391 642 1531 694 οῗομέ-

46 721 128 747 νων
167 705 239 747 διὰ
272 707 425 757 θυσίας
459 706 554 748 ἀλλ’
589 706 637 749 οὗ
670 708 741 750 διὰ
772 709 991 762 μετανοίας
1027 708 1151 752 αὐτὸν
1186 710 1528 764 ἐξευμενίζεσθαι.

45 775 147 832 φησὶ
165 774 246 832 γὰρ
268 774 338 818 διὰ
356 780 439 819 τῶν
457 780 681 834 προφητῶν
704 775 803 820 “‘lva
824 779 868 820 τί
884 795 957 832 μοι
979 779 1119 836 φέρετε
1141 780 1310 833 λίβανον
1333 781 1378 823 ἐκ
1402 783 1527 833 Σαβᾶ
1549 786 1580 821 P
1603 788 1672 824 233

42 845 110 885 καὶ
141 842 400 900 κιννάμωμον
432 846 476 887 ἐκ
505 850 581 902 γῆς
606 845 843 903 μακρόθεν,·
879 847 933 890 τὰ
962 845 1287 903 ὁλοκαυτώματα
1309 847 1427 904 ὑμῶν
1450 851 1526 893 οὐκ

0 911 126 959 [οἴστι
159 913 306 966 δεκτά,
340 916 409 957 καὶ
440 915 483 957 αἱ
510 917 658 958 θυσίαι
678 915 796 971 ὑμῶν
819 917 894 972 οὐχ
915 915 1071 972 ἣδυνάν
1087 934 1174 972 μοι.
1243 920 1313 961 καὶ
1343 906 1526 975 συναγά-

37 999 123 1039 γετε
145 982 199 1026 τὰ
219 981 542 1039 ὁλοκαυτώματα
559 983 677 1039 ὑμῶν
697 987 802 1041 μετὰ
824 991 905 1030 τῶν
925 989 1086 1030 θυσιῶν
1104 985 1246 1041 ὑμῶν,
1282 990 1351 1031 καὶ
1374 986 1524 1046 φάγετε

36 1052 91 1095 τὰ
118 1053 240 1109 κρέα,
275 1052 337 1096 ὅτι
359 1054 433 1096 οὐκ
454 1053 711 1112 ἐνετειλάμην
728 1054 826 1111 ὖμῖν
835 1088 849 1108 ,
884 1053 1003 1111 ἡνίκα
1033 1054 1231 1113 ἐξήγαγον
1251 1054 1362 1111 ὖμᾶς
1384 1058 1429 1100 ἐκ
1448 1062 1524 1114 γῆς

34 1120 276 1178 Αἰγύπτου,
320 1125 412 1181 περὶ
457 1127 619 1167 θυσιῶν
662 1127 731 1168 καὶ
775 1123 1175 1180 ὅλοκαυτωμάτων.”
1247 1128 1317 1168 καὶ
1348 1124 1421 1170 “vl
1447 1144 1522 1181 μοι

33 1195 197 1247 πλῆθος
222 1198 305 1235 τῶν
329 1196 489 1236 θυσιῶν
519 1191 662 1249 ὖμῶνς
698 1193 859 1253 πλήρης
886 1196 967 1249 εἰμὶ
995 1193 1350 1250 ὁλοκαυτωμάτων
1378 1201 1519 1253 κριῶν,

0 1263 102 1305 5καὶ
122 1263 245 1319 στέαρ
266 1263 400 1320 ἀρνῶν
417 1265 484 1305 καὶ
502 1261 606 1318 afficta
627 1263 790 1322 ταύρων
809 1266 878 1308 καὶ
899 1263 1061 1322 τράγων
1084 1265 1132 1307 οὗ
1151 1264 1383 1320 βούλομαι,
1419 1265 1516 1308 οὐδ’

32 1329 85 1373 ἄν
123 1330 295 1389 ἔρχεσθε
332 1333 522 1390 ὀφθῆναί
529 1364 531 1366 .
551 1350 638 1387 μοι.
706 1335 767 1385 τίς
793 1336 872 1391 γὰρ
902 1333 1111 1389 ἐξεζήτησε
1135 1339 1267 1378 ταῦτα
1297 1336 1341 1376 ἐκ
1366 1340 1518 1392 χειρῶν

28 1397 170 1455 ὖμιῦνς
199 1407 341 1444 πατεῖν
361 1401 435 1456 τὴν
454 1401 584 1456 αὐλήν
602 1419 685 1456 μου
705 1403 753 1446 οὗ
772 1401 1028 1459 προσθήσετε
1047 1403 1119 1446 ἔτι.
1189 1404 1260 1447 ἐὰν
1278 1405 1426 1461 φέρητε
1442 1421 1515 1458 μοι

29 1471 264 1524 σεμίδαλιν,
289 1468 489 1526 μάταιον·
524 1473 720 1526 θυμιάμα
738 1470 952 1528 βδέλυγμά
969 1476 1045 1526 μοί
1058 1474 1158 1516 ἐστι.
1209 1472 1286 1523 τὰς
1301 1475 1516 1529 νεομηνίας

25 1537 144 1593 ὑμῶν
161 1541 230 1582 καὶ
248 1540 300 1583 τὰ
317 1538 512 1594 σάββατα
529 1542 597 1583 καὶ
612 1539 770 1598 ἡμέραν
784 1541 966 1598 μεγάλην
985 1542 1060 1584 οὐκ
1078 1542 1289 1597 ἀνέχομαι.
1323 1544 1510 1598 νηστείαν
1531 1554 1562 1589 Β

0 1611 95 1653 Ducti
118 1609 264 1666 ἀργίαν
285 1612 354 1652 καὶ
375 1610 451 1660 τὰς
467 1608 613 1667 ἑορτὰς
630 1608 748 1665 ὑμῶν
763 1610 918 1666 μισεΐῆ
938 1609 1055 1666 ψυχή
1071 1627 1168 1665 μου.
1204 1610 1425 1667 ἐγενήθητέ
1437 1630 1512 1667 μοι

25 1681 84 1729 εἷς
101 1677 389 1735 πλησμονήν.”
444 1682 513 1722 καὶ
537 1677 802 1736 ιιἀπόστησον
825 1679 901 1723 ἀπ’
925 1682 1026 1735 ἐμοῦ
1044 1674 1146 1735 ἦχον
1166 1679 1285 1738 ᾠδῶν
1307 1697 1404 1733 σου,
1441 1683 1510 1723 καὶ

21 1751 198 1803 ψαλμοῦ
213 1747 399 1807 ὀργάνων
415 1765 492 1793 σου
512 1750 585 1792 οὐκ
605 1748 880 1805 ἀκούσομαι.”
907 1753 909 1755 ’
952 1751 1022 1793 καὶ
1051 1747 1132 1793 “οῧ
1163 1749 1332 1806 δέξομαι
1359 1751 1403 1793 ἐκ
1433 1755 1508 1794 τοῦ

111 1882 136 1918 4
158 1879 257 1928 πρὸ]
280 1882 366 1930 περὶ
386 1883 416 1917 Ρ

17 1997 120 2044 Ψιοᾶ·
140 2001 217 2033 toto
248 1999 335 2034 orbe
364 2002 540 2034 terrarum
571 1997 714 2034 Iudaeis
744 2010 914 2035 concesso
927 2026 938 2044 ,
971 1998 1034 2034 ubi
1064 1997 1269 2034 sacrificare
1300 2008 1371 2032 non
1404 1997 1502 2044 licet,

17 2044 94 2080 sola
115 2045 368 2090 Hierosolyma
397 2051 500 2079 vasta
530 2045 734 2092 incultaque
756 2046 874 2081 iacent
887 2073 898 2090 ‚
932 2046 970 2080 in
1000 2057 1071 2091 qua.
1092 2045 1180 2079 urbe
1201 2044 1278 2079 sola
1298 2043 1502 2079 sacrificare

13 2089 112 2136 leges
136 2091 314 2127 sinebant.
359 2091 405 2126 de
429 2091 555 2137 quibus
578 2104 665 2128 sane
687 2093 792 2127 etiam
816 2093 959 2128 divinus
977 2103 1092 2127 sermo
1112 2091 1151 2125 in
1173 2090 1389 2136 Apostolicis
1413 2102 1500 2125 con-

14 2138 262 2173 stitutionibus
291 2138 343 2173 ita
369 2137 538 2184 loquitur.
584 2139 654 2173 iam
681 2140 827 2175 Christo
849 2140 888 2174 in
912 2151 1019 2174 carne
1046 2150 1121 2173 rem
1142 2143 1291 2183 gerente
1314 2137 1502 2172 evidenter

13 2184 103 2220 deus
120 2185 329 2220 Iudaeorum
350 2184 489 2231 respuit
510 2185 703 2231 sacrificia,
728 2186 806 2221 cum
833 2186 862 2220 ii
891 2190 961 2221 tam
986 2197 1095 2230 saepe
1114 2190 1238 2219 contra
1255 2194 1333 2218 eum
1350 2194 1500 2229 peccas·
1548 2182 1552 2185 ’

12 2237 114 2276 sent,
149 2237 384 2278 putarentque
408 2243 447 2266 se
470 2232 676 2276 sacrifieiis,
709 2245 779 2268 non
810 2233 1061 2279 resipiscentia
1082 2232 1185 2265 deum
1207 2229 1350 2276 placare
1376 2241 1496 2275 posse.

10 2276 65 2313 ita
88 2277 180 2313 enim
200 2279 288 2313 deus
311 2290 377 2324 per
398 2289 482 2312 suos
515 2285 617 2313 vates
646 2279 734 2315 dicit
780 2280 926 2324 (Ierem.
951 2281 990 2323 6)
1024 2275 1216 2323 “quorsum
1238 2276 1429 2321 mihi,t.hus
1451 2287 1498 2310 ex

11 2324 111 2360 Saba
133 2325 288 2369 offertis,
314 2331 351 2360 et
375 2324 626 2360 cinnamomum
648 2338 693 2361 ex
713 2326 905 2372 longinqua
926 2325 1054 2361 terra?
1101 2324 1215 2358 solida
1236 2329 1360 2357 vestra
1382 2322 1498 2357 sacri-

9 2370 94 2406 ficia
134 2383 205 2406 non
241 2378 324 2406 sunt
360 2371 446 2405 mihi
485 2376 650 2418 accepta,
688 2378 727 2408 et
755 2373 923 2408 victimae
954 2384 1010 2406 me
1041 2382 1112 2405 non
1137 2369 1315 2404 delectant
1337 2374 1496 2404 vestrae.

10 2419 199 2453 conducite
231 2419 267 2452 in
299 2429 403 2452 unum
435 2418 611 2453 sacrificia
652 2423 690 2454 et
725 2419 888 2455 victimas
930 2423 1091 2460 vestras,
1133 2421 1240 2462 atque
1276 2415 1372 2450 edite
1414 2427 1494 2450 car-

8 2476 93 2499 nes:
130 2477 201 2499 non
232 2465 324 2499 enim
359 2465 526 2511 praecepi
560 2465 663 2499 vobis
695 2467 879 2512 quicquam
911 2467 956 2500 de
988 2463 1174 2499 sacrificiis
1202 2462 1325 2497 solidis
1348 2464 1392 2496 et'
1415 2461 1494 2496 fer-

6 2512 75 2555 tis,
100 2523 176 2546 cum
192 2523 257 2546 vos
283 2523 328 2546 ex
348 2513 512 2556 Aegypto
537 2512 735 2547 educerem.
784 2524 950 2559 quorsum
976 2511 1061 2545 mihi
1086 2509 1271 2544 muititudo
1294 2508 1492 2544 sacrificio-

6 2570 85 2593 rum
123 2558 352 2594 vestrorum?
414 2563 513 2592 satur
553 2569 628 2593 sum
670 2559 925 2594 immolatorum
968 2557 1138 2602 arietum,
1193 2555 1331 2602 adipem
1379 2566 1493 2600 agno-

6 2616 86 2640 rum
110 2617 152 2639 ac
172 2605 378 2650 sanguinem
401 2610 581 2639 taurorum
604 2604 852 2651 hircorumque
875 2605 973 2639 nolo:
1006 2615 1077 2638 non
1103 2602 1255 2638 veniatis
1278 2602 1317 2636 in
1338 2613 1492 2647 conspe-

8 2657 104 2687 etum
127 2663 254 2686 meum.
301 2651 381 2697 quis
406 2652 497 2686 enim
522 2651 610 2686 haec
634 2652 678 2686 de
702 2653 832 2687 vestris
855 2652 1015 2686 manibus
1039 2649 1188 2695 exegit?
1234 2659 1342 2695 porro
1363 2648 1492 2683 atrium

6 2710 121 2734 meum
145 2711 216 2733 non
240 2698 437 2733 calcabitis.
482 2699 618 2733 frustra
640 2698 728 2733 mihi
750 2698 897 2734 similam
920 2696 1080 2741 offertis,
1114 2696 1298 2732 abominor
1317 2695 1488 2739 suffitum,

5 2745 190 2780 novilunia
220 2750 340 2780 vestra
368 2751 403 2780 et
425 2746 576 2780 sabbata
597 2750 635 2780 et
656 2745 783 2780 festum
812 2746 904 2780 diem
928 2756 998 2779 non
1020 2744 1123 2778 fero:
1141 2741 1346 2800 -ieiunium³
1375 2741 1486 2776 ferias

5 2797 44 2827 et
63 2792 294 2827 solennitates
316 2797 455 2827 vestras
480 2792 557 2826 odit
580 2791 695 2826 anima
717 2803 812 2826 mea:
848 2791 996 2826 satietas
1021 2789 1131 2825 vestri
1152 2801 1207 2824 me
1223 2785 1358 2836 cepit-³
1401 2789 1488 2824 item

6 2839 155 2882 (Psalm.
175 2841 239 2884 49)
259 2835 409 2873 “amove‘
429 2851 451 2874 a
474 2851 530 2873 me
547 2838 699 2874 sonitum
718 2838 933 2875 canticorum
954 2844 1170 2881 vestrorum,
1191 2835 1363 2882 psalmum
1380 2847 1486 2880 orga-

4 2894 129 2922 norum
156 2891 294 2921 tuorum
321 2885 402 2920 nolo
432 2882 595 2920 audire?
640 2885 726 2921 item
757 2883 851 2921 “non
875 2885 1045 2932 accipiam
1068 2884 1113 2920 de
1135 2883 1239 2919 domo
1260 2886 1323 2920 tua
1343 2882 1487 2927 vitulos,

64 2941 197 2987 θοοῖς.
230 2939 403 2977 Cedrenus
431 2946 513 2975 tom.
545 2941 575 2974 1.
1150 2934 1204 2976 27
