1742 3184
173 192 238 239 52
275 246 277 249 ,
601 202 607 221 s
657 181 899 231 ononon
930 176 1179 225 GEDREM

304 302 398 349 ’Ότι
428 302 451 347 ὃ
473 302 624 348 Ἰσαὰκ
647 302 774 360 γέλως
797 298 901 355 μεθ’
925 296 1077 354 ἡδονῆς
1101 289 1387 352 ἑρμηνεύεται·
1424 285 1495 331 διὰ
1510 284 1594 344 ’γὰρ
1616 284 1664 328 τὸ

179 378 455 432 ἐπιμειδιᾶσαι
468 375 547 431 ,τὴν
567 371 738 431 Σάρραν
758 375 808 428 τῇ
832 370 927 428 θείᾳ
956 371 1030 411 τοῦ
1058 367 1101 408 ἓν
1130 362 1239 423 γήρᾳ
1259 362 1429 405 τοκετοῦ
1450 356 1669 415 ἐπαγγελία

181 448 370 502 κέκληται
391 443 498 488 οὕτω
519 443 625 488 κατὰ
644 443 718 499 τὴν
734 437 959 496 Ἑβραϊκὴν
980 434 1204 481 διάλεκτον.
1239 426 1670 490 γεννηθέντοςἿσαὰκ

184 517 275 569 ἴτυς
293 511 343 573 ἦν
366 513 524 570 κόσμου
547 512 678 573 ,γυιὶᾶ

133 618 165 654 Β
327 605 450 650 Κατὰ
471 603 642 655 τούτους
665 602 709 646 δὲ
729 600 826 652 τοὺς
843 597 1020 658 χρόνους
1050 598 1093 641 ἓν
1121 592 1183 646 οἷς
1206 591 1357 637 Ἰσαὰκ
1382 586 1601 650 ἐγεννήθη,
1632 587 1707 629 ε’ν5

187 676 333 736 Κρήτῃ
364 675 484 734 ἄρξαι
506 672 665 732 Κρόνον
695 673 762 715 καὶ
787 671 901 714 Ῥέαν
915 666 1360 724 “Ελληνες,ἶστοροῦ’σι.
1430 666 1517 711 τοῖς
1540 659 1584 702 δὲ
1606 657 1676 700 τὸν

182 746 432 793 ’Λτλάντιον
452 743 602 788 κόλπον
623 746 779 786 οἰκοῦσι
801 746 874 784 τοῦ
898 740 1080 784 ὠκεανοῦ
1097 741 1260 794 πρῶτον
1283 732 1474 790 Οὐρανὸν
1494 727 1678 783 τοτ’)’νομα

187 821 451 875 βασιλεῦσαι,
482 813 671 873 γήμαντα
695 809 839 864 Τιτάν,
868 810 946 868 ἀφ’
973 803 1022 853 οὗ
1046 811 1229 856 Τιτᾶνας
1251 804 1555 858 ὀνομασθῆναι.
1580 801 1679 842 τοῦ-

189 905 260 932 τον
292 887 453 943 λέγουσι
482 883 696 942 γενόμενον
717 883 885 938 ἐπιμελῆ
908 877 1202 939 παρατηρητὴν
1223 879 1306 919 τῶν
1327 872 1492 931 ἄστρων
1513 872 1682 919 πολλοῖς

190 957 399 1016 προλέγειν
420 954 473 998 τὰ
493 953 599 998 κατὰ
620 951 789 1009 κόσμον.
1694 943 1740 979 10

333 1051 409 1107 Τῷ
432 1047 478 1091 δὲ
498 1045 558 1090 πε’
590 1045 667 1090 ἴτει
690 1043 901 1103 Ἀβραᾶμ
922 1044 1046 1098 λιμοῦ
1068 1037 1283 1097 γενομένου
1308 1034 1459 1090 κατέβη
1483 1031 1607 1083 αὖτὸς
1628 1031 1685 1081 εἷς

194 1118 419 1176 Αἴγυπτον.
489 1118 531 1160 ἓν
557 1114 689 1174 τούτῳ
721 1119 779 1174 τῷ
809 1113 885 1157 ἔτει
908 1117 981 1168 τῆς
1002 1109 1171 1169 Κρήτης
1201 1103 1411 1163 βασιλεύει
1435 1103 1543 1154 Ζεὺς
1567 1100 1588 1145 ὃ
1611 1103 1687 1144 τοῦ

196 1187 362 1247 Κρόνου
391 1186 481 1238 υἱὸς
511 1188 579 1229 καὶ
597 1185 727 1243 ’Ἠρα.
796 1185 946 1241 γίνεται
971 1183 1014 1224 δὲ
1034 1182 1102 1224 καὶ
1125 1177 1146 1222 ὃ
1171 1175 1359 1222 Τιτάνων
1379 1174 1483 1233 πρὸς
1501 1173 1588 1216 Δία
1608 1169 1687 1214 πό·-

198 1263 334 1313 λεμος.
403 1259 471 1300 καὶ
500 1254 726 1308 Διόνυσος,
773 1255 849 1309 οὐχ
885 1251 906 1295 ὃ
937 1256 1010 1308 τῆς
1039 1251 1221 1306 Σεμέλης
1252 1246 1346 1291 ἀλλ’
1381 1245 1507 1296 ἄλλος
1539 1240 1687 1286 τούτου

146 1337 178 1373 C
201 1328 305 1372 πολὺ
330 1325 596 1385 ἀρχαιότερος
603 1358 616 1378 ,
652 1324 723 1368 τὸν
745 1322 852 1366 οἶνον
869 1325 1004 1380 ἐξεῦρε
1024 1323 1091 1363 καὶ
1113 1322 1155 1363 ἐν
1174 1325 1261 1369 τοῖς
1283 1322 1420 1373 ληνοῖς
1440 1314 1687 1368 ἀπέθλιψεν,
1703 1317 1742 1354 15

199 1397 279 1456 ἀφ’
304 1390 360 1441 ὧν
379 1398 447 1439 καὶ
468 1397 660 1451 Ληναῖος
679 1391 922 1450 ὠνομάσθη.
994 1389 1050 1442 ὥς
1069 1391 1137 1433 καὶ
1162 1387 1370 1445 Δήμητρα
1391 1386 1546 1442 λέγεται
1566 1385 1691 1441 ἔφευ-

200 1473 284 1526 ρεῖν
304 1467 375 1510 τὸν
393 1472 505 1510 σῖτον
526 1467 594 1508 καὶ
611 1465 687 1521 τὴν
707 1461 873 1521 κριθήν.
955 1461 1058 1517 αὕτη
1082 1460 1129 1503 δέ
1144 1460 1252 1502 ἐστιν
1276 1456 1301 1513 ἦ
1322 1456 1424 1514 παρ’
1448 1454 1693 1516 Αἷγυπτίοις

200 1536 407 1592 τιμωμένη
421 1530 544 1586 Ἶσις.
615 1533 636 1577 ὅ
660 1534 705 1577 δὲ
718 1532 924 1583 Διόνυσος
945 1530 1047 1588 παρ’
1077 1530 1322 1586 Αἰγυπτίοις
1335 1527 1497 1585 ’Όσιρις
1521 1525 1694 1581 λέγεται.

203 1609 388 1650 ἐνταῦθα
410 1606 455 1647 δὲ
478 1606 545 1647 καὶ
573 1601 831 1662 ῆΜαρσύου
861 1606 933 1645 τοῦ
957 1600 1123 1658 Φρυγὸς
1152 1599 1236 1657 ἔρις
1265 1597 1371 1641 κατὰ
1403 1596 1501 1647 τοὺς
1526 1593 1694 1652 μύθους

203 1675 307 1733 πρὸς
334 1672 590 1718 Ἀπόλλωνα
622 1673 691 1716 διὰ
723 1673 797 1729 τὴν
828 1670 1035 1728 κιθάραν·
1085 1671 1221 1712 ἐλθεῖν
1259 1667 1362 1726 πρὸς
1399 1664 1603 1709 Διόνυσον
1640 1666 1742 1714 εἷςΞ(

206 1743 403 1796 Νύσσαν,
443 1743 562 1786 κάκεῖ
589 1743 660 1787 τὸν
681 1741 897 1800 Μαρσύαν
925 1739 1155 1798 ἡττηθέντα
1183 1740 1405 1795 ἐκδαρῆναι
1428 1739 1559 1790 ζῶντα
1583 1733 1698 1791 παρὰ

207 1807 283 1859 τοῦ
306 1812 577 1866 Ἀπόλλωνος
603 1813 675 1858 διὰ
701 1813 775 1870 τὴν
797 1811 936 1871 ὀργήν,
975 1809 1050 1862 τάς
1080 1828 1122 1853 τε
1148 1809 1310 1868 χορδὰς
1331 1809 1499 1866 ἐκρῆξαι
1528 1807 1598 1849 καὶ
1626 1805 1700 1861 τὴν

302 2014 419 2050 Isaaci
438 2013 645 2051 vocabulum
668 2014 779 2051 risum
800 2026 823 2050 a
839 2013 1023 2061 voluptate
1044 2012 1242 2058 profectum
1266 2013 1381 2046 notat.
1429 2007 1588 2046 Ebraica
1610 2006 1704 2042 enim

211 2061 332 2108 lingua
352 2062 389 2097 id
414 2061 448 2096 ei
473 2074 597 2096 nomen
620 2063 754 2098 factum
777 2067 852 2106 est,
880 2066 1071 2107 propterea
1092 2060 1187 2105 quod
1211 2059 1303 2094 Sara
1324 2056 1448 2093 audita
1470 2056 1593 2092 divina
1617 2066 1703 2100 pro-

210 2108 258 2144 lis
292 2108 362 2143 sibi
391 2108 429 2143 in
462 2114 646 2145 senectute
675 2110 817 2145 futurae
841 2107 1075 2154 promissione
1099 2105 1310 2142 subriserat.
1357 2110 1462 2140 natus
1486 2109 1542 2140 est
1560 2103 1705 2138 Isaacus

213 2167 305 2191 anno
330 2155 449 2190 mundi
471 2156 577 2191 3413.

306 2225 443 2260 Eodem
466 2229 626 2270 tempore
649 2224 686 2258 in
711 2224 821 2259 Creta
841 2225 1032 2259 Saturnum
1057 2227 1093 2259 et
1113 2224 1249 2258 Rheam
1273 2233 1446 2268 regnasse
1464 2218 1599 2256 Graeci
1623 2229 1707 2252 nar-

215 2275 309 2306 rant.
337 2272 399 2318 qui
421 2284 507 2307 vero
535 2272 579 2307 ad
603 2271 816 2306 Atlanticum
837 2271 975 2306 Oceani
1000 2271 1113 2306 sinum
1135 2270 1305 2314 incolunt,
1331 2281 1392 2304 eos
1415 2268 1566 2314 primum
1587 2276 1709 2310 regem

216 2317 383 2353 habuisse
406 2318 569 2363 Caelum,
605 2319 666 2364 qui
699 2330 843 2353 uxorem
867 2318 979 2353 Titan
1013 2317 1197 2363 habuerit,
1228 2317 1322 2352 unde
1346 2317 1497 2351 Titanes
1522 2311 1708 2360 appellati.

215 2363 310 2399 hunc
324 2366 445 2400 ferunt
461 2370 626 2401 accurate
645 2370 818 2400 astrorum
834 2376 959 2400 cursus
975 2365 1200 2411 observasse,
1219 2376 1260 2399 ac
1279 2363 1396 2399 multis
1415 2374 1506 2410 quae
1524 2361 1563 2396 in
1581 2359 1709 2395 mundo

219 2418 388 2447 eventura
405 2419 505 2448 erant
523 2412 759 2460 praedixisse.

310 2482 526 2518 Abrahamus
557 2495 684 2518 annum
715 2494 823 2528 agens
853 2482 899 2518 85
929 2482 1023 2517 fame
1051 2482 1177 2516 oborta
1208 2479 1247 2514 in
1277 2479 1482 2525 Aegyptum
1510 2475 1713 2512 descendit.

220 2526 344 2582 eodem
368 2540 457 2563 anno
481 2530 643 2577 Iuppiter
666 2529 814 2565 Saturni
832 2529 878 2568 F,
905 2541 982 2564 cum
1001 2530 1136 2564 Iunone
1155 2528 1286 2562 Cretae
1309 2537 1455 2572 regnum
1474 2524 1603 2559 tenuit.
1629 2529 1716 2558 tunc

221 2578 259 2607 et
280 2573 431 2610 Titanes
454 2575 546 2611 bello
571 2577 693 2612 Iovem
718 2580 921 2619 tentarunt3
955 2582 991 2611 et
1018 2574 1203 2619 Bacchus,
1235 2586 1306 2609 non
1333 2572 1493 2608 Semeles
1526 2570 1585 2605 ille
1618 2569 1714 2604 filius

221 2619 286 2654 sed
302 2620 390 2656 alius
407 2622 511 2656 multo
526 2624 713 2668 vetustior,
738 2624 857 2659 vinum
875 2622 1049 2669 repperit,
1073 2621 1182 2668 inque
1197 2620 1432 2656 torcularibus
1450 2618 1567 2662 (lenus
1582 2617 1716 2652 Graeci

221 2669 370 2710 vocant)
396 2670 593 2714 expressit,
629 2672 722 2705 unde
745 2670 779 2705 ei
798 2670 934 2713 Lenaei
957 2681 1165 2715 cognomen.
1213 2669 1266 2703 ita
1290 2666 1397 2703 etiam
1419 2666 1531 2700 Ceres
1556 2665 1716 2699 frumen-

223 2717 297 2746 tum
317 2713 443 2768 ‘fertur
473 2721 509 2750 et
533 2716 702 2752 hordeum
725 2717 921 2752 invenisse.
969 2717 1058 2751 haec
1083 2721 1139 2751 est
1161 2727 1252 2762 quae
1274 2713 1382 2749 Isidis
1404 2711 1546 2747 nomine
1571 2712 1617 2746 ab
1643 2712 1716 2746 Ae-

224 2764 361 2814 gyptps
386 2760 525 2797 colitur.
573 2762 699 2798 iisdem
722 2765 882 2799 Bacchus
915 2768 970 2799 est
1004 2762 1136 2798 Osiris,
1186 2774 1230 2798 ea
1257 2764 1491 2806 tempestate,
1524 2764 1564 2793 ut
1587 2757 1717 2793 sabulis

224 2806 443 2861 perhibetur,
468 2808 632 2854 Marsyas
650 2811 774 2855 Phryx
798 2816 835 2846 et
857 2810 995 2857 Apollo,
1020 2821 1097 2844 cum
1124 2810 1175 2844 eis
1198 2807 1386 2844 incidisset
1407 2807 1452 2841 de
1471 2805 1610 2841 cithara
1629 2817 1716 2839 con-

224 2857 350 2898 tenuo,
377 2854 422 2888 ad
445 2854 591 2901 Nysam,
617 2857 677 2892 ubi
699 2858 862 2893 Bacchus
888 2863 987 2901 erat,
1012 2861 1252 2901 accesserunt,
1276 2860 1384 2900 atque
1407 2853 1459 2888 ibi
1483 2853 1632 2898 Marsya
1656 2863 1719 2886 su-

224 2905 349 2945 perato
370 2900 495 2947 Apollo
520 2914 585 2948 per
605 2902 692 2938 iram
711 2904 836 2951 pellem
856 2904 941 2941 vivo
965 2903 1143 2950 detraxit,
1170 2902 1357 2950 ruptisque
1380 2901 1511 2937 fidibus
1534 2899 1721 2954 inventam
