1742 3184
210 204 312 253 270
689 204 933 250 GEORGII
967 203 1215 250 CEDRENI

208 320 255 366 τὸ
285 319 411 379 ι’ίκρον
437 324 509 378 τῆς
536 324 613 377 γῆς
634 320 858 372 οἰκοῦντες,
892 316 1019 374 νόμον
1046 317 1182 375 ἔχουσι
1206 317 1254 363 τὸ
1275 322 1466 380 πατρῷον
1489 316 1609 375 z'sog,
1634 320 1694 377 μὴ

207 389 415 449 πορνεύειν
432 390 458 446 ἢ
478 389 680 446 μοιχεύειν
696 389 726 446 ἢ
746 391 925 433 κλέπτειν
945 387 971 444 ἢ
995 391 1193 447 λοιδορεῖν
1213 389 1240 445 ἢ
1261 387 1445 448 φονεύειν
1465 388 1493 446 ἢ
1513 407 1695 448 κακουρ-

207 469 292 518 γεῖν
323 461 370 505 τὸ
402 458 584 503 σύνολον.
653 459 778 515 νόμος
805 458 856 514 δὴ
883 458 996 516 παρὰ
1018 461 1290 517 Βακτριανοῖς
1312 459 1401 513 ἤτοι
1423 458 1695 518 Βραχμάναις

207 530 233 586 ἦ
256 532 299 574 ἐκ
321 529 530 588 προγόνων
552 530 714 573 παιδεία
738 530 806 571 καὶ
829 528 1011 582 εὐσέβεια
1023 560 1035 580 ,
1067 528 1125 584 μὴ
1150 524 1400 586 κρεωφαγεΐν
1423 527 1450 585 ἢ
1472 531 1693 573 οἰνοποτεῖν

205 599 234 655 ἢ
267 598 469 656 λαγνεύειν
500 598 525 654 ἢ
561 599 756 642 παντοίαν
791 599 937 641 κακίαν
965 596 1293 655 διαπράττεσθαι
1315 598 1384 641 διὰ
1407 598 1536 641 πολὺν
1559 597 1727 656 φόβονό

204 673 307 712 θεοῦ
327 671 395 712 καὶ
415 669 562 720 πίστιν,
589 669 720 711 καίτοι
739 684 783 724 γε
805 671 887 711 τῶν
902 668 1209 725 παρακειμένων
1229 668 1368 719 αὐτοῖς
1379 668 1528 711 Ἰνδῶν
1544 667 1690 712 τάναν-

207 740 275 782 τιά
303 737 662 795 διαπραττομένων
691 738 835 788 ἀδεῶς.
906 737 948 780 ἓν
971 738 1016 779 δὲ
1032 744 1117 788 τοῖς
1136 738 1361 795 ἓνδοτέροις
1375 738 1515 795 μέρεσι
1538 736 1694 781 τούτων

206 809 626 866 ἄνθρωποβοροῦντες
663 809 731 850 καὶ
772 806 870 857 τοὺς
905 807 1234 861 ἐπιξενουμένους
1285 807 1547 866 ἀναιροῦντες
1591 825 1693 850 κατ-

208 879 417 921 εσθιόυσιν
428 909 440 929 ,
473 875 529 928 ὥς
548 875 701 931 Κάβες.
752 873 904 933 ἕτεροις
925 875 1051 932 νόμος
1070 878 1303 928 Χαλδαίοις
1321 879 1389 920 καὶ
1410 877 1694 931 Βαβυλωνίοις

154 954 185 990 Β
211 947 417 1003 ἀσελγείας
440 945 666 1000 ἀνάμεστος
685 947 753 989 καὶ
779 948 1083 1004 αἰσχρουργίας.
1152 945 1277 997 ἄλλος
1297 947 1341 989 δὲ
1363 946 1477 1003 παρὰ
1499 947 1692 1002 Γηλαίοις
1705 952 1742 988 10

206 1015 331 1071 νόμος
338 1049 351 1068 ,
387 1022 582 1072 γυναῖκας
603 1021 792 1074 γεωργεῖν
809 1017 876 1058 καὶ
899 1017 1128 1070 οἰκοδομεῖν
1147 1018 1214 1059 καὶ
1235 1016 1287 1059 τὰ
1306 1016 1467 1073 ἀνδρῶν
1485 1014 1691 1074 πράττειν,

207 1086 315 1128 ἀλλὰ
338 1088 405 1128 καὶ
429 1084 635 1142 πορνεῦειν
662 1083 718 1136 ὥς
749 1084 798 1127 ἂν
821 1084 1075 1139 βούλωνται,
1111 1085 1171 1141 μὴ
1201 1086 1460 1140 κιολυομένας
1486 1089 1693 1136 παντελῶς

207 1154 287 1199 ὕπὸ
319 1159 400 1198 τῶν
427 1156 588 1213 ἀνδρῶν
620 1155 767 1198 αὐτῶν.
837 1154 879 1198 ἐν
911 1152 977 1206 αἶς
1004 1153 1235 1212 ὑπάρχουσι
1266 1157 1334 1198 καὶ
1365 1154 1692 1209 πολεμικώταται

204 1227 271 1269 καὶ
292 1228 485 1282 θηρῶσαι
507 1224 559 1268 τὰ
581 1224 639 1280 μὴ
663 1226 754 1266 λίαν
774 1221 1023 1282 ἰσχυρότατα
1043 1228 1124 1267 τῶν
1142 1225 1326 1282 θηρίων,
1357 1223 1530 1281 ἄρχουσι
1549 1225 1594 1267 δὲ
1610 1227 1692 1267 τῶν

204 1296 359 1337 οἰκείων
379 1294 541 1351 ἀνδρῶν
560 1296 627 1336 καὶ
649 1293 919 1351 κυριεύουσιν.
966 1294 1008 1336 ἓν
1027 1295 1255 1354 Βρεττανίᾳ
1278 1294 1322 1337 δὲ
1342 1298 1522 1337 πλεῖστοι
1546 1292 1690 1350 ἄνδρες
1704 1301 1742 1338 15

201 1369 279 1424 μιᾷ
312 1361 642 1420 συγκαθεύδουσι
674 1364 832 1419 γυναικὶ
852 1364 928 1406 ,καὶ
958 1365 1104 1406 πολλαὶ
1135 1370 1320 1420 γυναῖκες
1342 1362 1399 1406 ἑνὶ
1426 1361 1691 1421 ἕταιρίζονται

201 1434 335 1491 ἀνδρί.
384 1432 622 1488 Ἀμαζόνες
643 1433 687 1476 δὲ
707 1432 863 1491 ἄνδρας
882 1433 956 1475 οὐκ
980 1432 1162 1488 ἔχουσιν,
1191 1433 1284 1475 ἀλλ’
1312 1431 1369 1484 ῶς
1386 1432 1435 1476 τὰ
1457 1431 1588 1490 ἄλογα
1608 1435 1692 1492 ζῷα

200 1502 312 1554 ἅπαξ
345 1506 420 1545 τοῦ
449 1502 565 1553 ἔτους
593 1504 684 1560 περὶ
713 1502 787 1558 τὴν
817 1502 979 1560 ἐαρινὴν
1010 1503 1224 1560 ἰσημερίαν
1253 1501 1463 1561 ὗπερόριοι
1498 1503 1690 1559 γίνονται,

145 1587 177 1623 c
201 1575 269 1615 καὶ
294 1569 537 1628 μιγνύμεναι
560 1577 644 1622 τοῖς
671 1575 897 1628 γειτνιῶσιν
931 1571 1128 1629 ἀνδράσιν
1160 1570 1216 1623 ὥς
1243 1571 1470 1631 πανήγυρίν
1500 1589 1592 1614 τινα
1624 1574 1691 1614 καὶ

198 1641 379 1698 μεγάλην
398 1639 543 1698 ἑορτὴν
562 1640 633 1683 τὸν
653 1640 797 1698 καιρὸν
818 1641 966 1684 ἐκεῖνον
990 1640 1205 1698 ἡγοῦνται·
1240 1642 1283 1693 ἐξ
1310 1636 1367 1685 ῶν
1394 1643 1463 1684 καὶ
1489 1641 1595 1685 κατὰ
1614 1658 1690 1698 γα-
1700 1648 1742 1684 20

199 1710 324 1767 στρὸς
357 1713 639 1765 συλλαβοῦσαι
667 1711 1016 1767 παλινδρομοῦσιν
1036 1711 1173 1754 οἶκαδε
1194 1715 1337 1755 πᾶσαι.
1403 1714 1463 1770 τῷ
1490 1712 1536 1754 δὲ
1559 1715 1692 1770 καιρῷ

196 1784 271 1836 τῆς
295 1778 559 1834 ἀποκυήσεως
581 1779 627 1822 τὸ
646 1780 722 1834 μὲν
743 1779 865 1837 ἄρρεν
886 1781 1106 1838 φθείρουσι
1119 1813 1132 1833 ,
1166 1780 1213 1824 τὸ
1245 1781 1290 1824 δὲ
1315 1783 1429 1836 θῆλυ
1450 1782 1692 1840 ζῳογονοῦσι

197 1851 266 1893 καὶ
289 1853 529 1905 τιθηνοῦσιν
552 1849 751 1903 ἐπιμελῶς
773 1851 839 1891 καὶ
866 1850 1175 1907 ἔκτρέφουσιν.”

329 1916 380 1961 ‘O
410 1919 549 1973 μέντοι
582 1935 625 1975 γε
654 1919 940 1977 Ἀλέξανδρος
963 1918 1069 1974 μετὰ
1094 1920 1169 1974 τὴν
1193 1918 1274 1961 ἀπὸ
1299 1916 1562 1976 Βραχμάνων
1585 1915 1691 1961 ὓπο-

195 2031 319 2063 terrae
339 2026 522 2073 habitant,
547 2038 613 2073 pro
637 2027 717 2073 lege
739 2026 873 2062 habent
894 2026 1181 2062 consuetudinem
1208 2039 1229 2063 a
1251 2026 1442 2062 maioribus
1470 2027 1514 2062 ad
1541 2038 1581 2062 se
1604 2038 1690 2074 pro—

195 2079 382 2122 pagatam,
412 2078 452 2109 ut
474 2074 568 2109 omni
591 2079 714 2120 stupro
740 2073 913 2109 adulterio
938 2075 1033 2109 furto
1053 2074 1214 2109 convicio
1237 2074 1346 2109 caede
1369 2085 1412 2109 ac
1433 2073 1606 2108 maleficio
1625 2075 1691 2108 ab·

196 2121 368 2157 stineant.
417 2122 512 2167 apud
544 2120 753 2156 Bactrianos
775 2132 839 2156 seu
862 2121 1099 2156 Brachmanas
1121 2121 1180 2155 lex
1205 2126 1280 2166 est,
1312 2120 1489 2155 institutio
1513 2125 1551 2155 et
1572 2120 1691 2166 pietas

198 2179 221 2203 a
253 2167 444 2202 maioribus
472 2172 645 2215 accepta,
680 2168 775 2213 quod
808 2178 924 2213 neque
957 2179 1096 2202 carnem
1129 2167 1238 2202 edunt
1267 2178 1383 2222 neque
1406 2167 1526 2202 vinum
1550 2168 1690 2213 bibunt,

195 2218 235 2249 et
257 2214 353 2260 quod
379 2215 423 2248 ob
447 2214 553 2250 fidem
571 2218 609 2249 et
627 2219 754 2249 metum
774 2213 834 2248 dei
852 2219 1069 2249 constantem
1094 2226 1229 2249 omnem
1251 2213 1434 2249 lasciviam
1457 2218 1565 2259 atque
1582 2213 1690 2259 flagi-

195 2260 283 2296 tium
306 2260 441 2306 vitant,
474 2273 550 2296 cum
575 2260 716 2307 quidem
742 2259 853 2295 vicini
878 2260 959 2294 Indi
977 2260 1070 2295 nullo
1095 2266 1187 2295 metu
1218 2260 1430 2295 contrariam
1454 2259 1553 2295 vitae
1575 2259 1689 2294 ratio-

194 2319 275 2342 nem
298 2311 464 2351 teneant,
500 2312 538 2342 et
569 2307 607 2342 in
639 2306 869 2342 interioribus
892 2307 1095 2352 regionibus
1121 2307 1286 2343 carnibus
1314 2306 1473 2342 humanis
1496 2311 1689 2341 vescantur

195 2353 428 2399 hospitesque
451 2353 630 2399 iugulatos
654 2354 847 2398 devorent,
874 2352 985 2388 veluti
1009 2354 1139 2389 Cabes.
1189 2353 1447 2388 Chaldaeorum
1470 2357 1508 2388 et
1529 2353 1691 2399 Babylo·-

191 2399 329 2435 niorum
353 2399 449 2444 leges
475 2401 602 2446 plenae
636 2404 718 2435 sunt
750 2399 994 2446 impudicitiae
1019 2406 1126 2446 atque
1147 2400 1392 2446 turpitudinis.
1440 2398 1605 2444 Agelaeis
1630 2398 1690 2435 lex

193 2451 249 2481 est
271 2451 312 2481 ut
334 2446 499 2482 mulieres
522 2453 652 2482 terram
676 2446 793 2482 colant
817 2451 922 2492 atque
947 2446 1156 2492 aedificent,
1186 2453 1224 2482 et
1247 2459 1290 2482 ea
1311 2458 1403 2492 quae
1424 2445 1580 2481 virorum
1603 2451 1687 2480 sunt

191 2498 339 2537 regant,
366 2504 407 2527 ac
430 2504 494 2528 sua
516 2493 665 2528 libidine
689 2493 776 2528 nihil
794 2492 1068 2538 impedientibus
1089 2493 1226 2528 maritis
1245 2497 1467 2528 scortentur:
1491 2497 1575 2527 sunt
1591 2491 1688 2527 inter

193 2550 255 2573 eas
279 2538 386 2573 etiam
412 2540 722 2585 bellicosissimae,
762 2545 799 2574 et
821 2551 914 2585 quae
938 2540 1055 2585 feras,
1091 2540 1160 2575 nisi
1185 2551 1276 2585 quae
1299 2545 1383 2574 sunt
1404 2538 1687 2582 robustissimae,

191 2590 383 2619 venentur:
415 2586 594 2632 imperant
627 2591 741 2622 autem
766 2587 840 2622 suis
865 2585 1014 2621 maritis.
1063 2587 1101 2621 in
1130 2586 1317 2622 Britannia
1340 2585 1576 2632 compluribus
1600 2585 1687 2620 viris

192 2641 265 2664 una.
306 2636 361 2666 est
405 2633 594 2668 communis
633 2633 777 2677 mulier,
822 2632 1020 2678 multaeque
1056 2633 1220 2668 mulieres
1252 2631 1314 2667 uni
1345 2631 1425 2667 viro
1461 2631 1684 2678 copulantur.

190 2677 387 2712 Amazones
410 2683 526 2714 autem
549 2680 695 2715 maritos
717 2679 829 2714 nullos
854 2679 1004 2725 habent,
1041 2680 1106 2715 sed
1139 2680 1319 2714 brutorum
1350 2678 1388 2713 in
1416 2690 1547 2713 morem
1576 2677 1686 2713 semel

197 2723 384 2767 quotannis
418 2730 519 2760 extra
553 2738 636 2762 suos
667 2727 756 2761 fines
787 2727 971 2772 profectae
1003 2737 1080 2761 cum
1105 2725 1233 2761 vicinis
1257 2725 1415 2760 maribus
1439 2726 1684 2768 concumbunt,

196 2767 235 2802 id
269 2772 407 2814 tempus
440 2771 585 2808 solenne
618 2785 661 2808 ac
692 2772 858 2808 festivum
889 2772 1088 2818 agitantes3
1133 2778 1169 2807 et
1207 2776 1394 2818 postquam
1433 2777 1683 2817 conceperunt,

197 2825 318 2848 omnes
349 2815 485 2851 domum
517 2819 679 2854 redeunt.
728 2819 789 2855 ubi
798 2862 807 2876 ³
810 2819 978 2877 1pariunt,
1014 2831 1128 2855 mares
1158 2819 1332 2866 perdunt,
1363 2817 1522 2853 femellas
1555 2817 1683 2853 tollunt

196 2863 431 2905 accurateque
453 2863 548 2899 alunt
572 2869 608 2899 et
632 2866 795 2902 educant.

289 2906 455 2944 Ceterum
490 2910 690 2949 Alexander
722 2925 745 2951 a
775 2911 1051 2951 Brachmanibus
1081 2922 1270 2958 reversus,
1304 2909 1471 2958 Aegypto
1496 2915 1679 2957 occupata,
