1742 3184
211 170 313 219 526
690 169 934 217 GEORGII
966 167 1226 215 CEDRENI*

156 295 189 332 C
210 288 350 347 τρείαν
374 286 745 345 προβαλλομένων,
775 285 923 330 αὐτίκα
949 286 1196 345 προσέταξεν
1217 284 1239 331 ὃ
1260 281 1471 344 θεομάχος
1495 283 1696 344 ἀνεγεῖραι

207 359 279 403 τὸν
300 357 395 401 κατ’
421 357 546 415 ὀργὴν
566 359 634 401 καὶ
655 355 819 414 γνώμην
846 360 951 400 θεοῦ
978 357 1265 401 καταλυθέντα
1293 355 1406 400 ναόν.
1476 358 1544 400 καὶ
1572 360 1695 399 τοῦτο

206 427 312 485 μετὰ
334 431 487 482 πολλῆς
502 431 639 485 χαρᾶς
657 425 906 477 ἀκούσαντες
925 424 1056 470 ἅπασι
1072 427 1125 471 τὰ
1145 426 1477 485 προστεταγμένα
1490 425 1577 476 τοῖς
1590 425 1696 468 κατὰ

206 499 281 555 τὴν
323 497 560 552 οἷκουμένην
596 495 825 554 ὁμοφύλοις
860 494 1086 552 ἐδήλωσαν.
1154 499 1223 540 καὶ
1258 496 1298 539 οἱ
1328 497 1403 552 μὲν
1434 493 1698 550 πανταχόθεν

206 568 465 625 συνέτρεχον,
494 564 692 623 χρήματα
717 568 785 609 καὶ
810 567 1051 624 προθυμίαν
1075 567 1131 618 εἲς
1155 566 1232 622 τὴν
1254 565 1476 622 οἰκοδομὴν
1498 569 1571 608 τοῦ
1595 569 1731 608 ναοῢὸ

207 637 558 695 συνεισφέροντες·
595 634 617 678 ὅ
647 636 692 678 δὲ
719 637 1026 679 συναπέστειλεν
1044 636 1184 688 αὐτοῖς
1203 638 1271 679 καὶ
1294 635 1497 694 ἄρχοντας
1513 636 1580 677 καὶ
1597 638 1700 677 πολ-

208 708 285 764 λὴν
311 705 535 764 ὑπηρεσίαν
564 707 632 748 καὶ
662 704 921 764 συνδρομήν·
956 704 1171 757 σκαπάνας
1191 706 1271 764 γὰρ
1292 708 1359 748 καὶ
1382 705 1494 760 ἄμας
1515 705 1701 762 ἀργυρᾶς

208 776 366 832 ἴπεμψε
406 781 491 826 τοῖς
532 775 738 827 ἀντιθέοις
767 777 1004 827 Ἰουδαίοις.
1074 778 1142 819 καὶ
1176 777 1259 819 ἐπεὶ
1291 774 1474 834 ὀρύττειν
1506 774 1700 831 ἤρξαντο,

207 847 398 901 ἐξαπίνης
429 844 571 899 ἄνεμοι
600 846 729 900 βίαιοι
761 845 1007 897 πνεύσαντες
1027 844 1197 903 ἀθρόως
1215 844 1377 888 ἅπαντα
1398 842 1701 901 διεσκόρπισαν.

212 918 281 960 καὶ
308 914 360 958 τὰ
390 914 513 957 λοιπὰ
541 913 773 959 πεπόνθασι
803 916 916 959 δεινὰ
948 914 976 958 ιῖ
1005 917 1047 958 ἐν
1074 920 1133 975 τῷ
1155 916 1279 976 τρίτῳ
1301 914 1378 958 ἴτει
1397 919 1471 971 τῆς
1487 914 1702 969 βασιλείας
1715 920 1742 955 11

156 996 189 1032 D
214 985 343 1029 αὐτοῦ
365 983 679 1042 ἀναγράψομαι.

353 1055 570 1098 Εῗσελθιὺν
600 1056 643 1098 δὲ
671 1053 691 1097 ὃ
723 1051 957 1111 κατάρατος
981 1054 1022 1097 ἓν
1039 1055 1216 1110 Περσίδι
1236 1053 1383 1108 πέμπει
1403 1052 1581 1107 δαίμονα
1599 1049 1705 1109 πρὸς

211 1124 287 1180 τὴν
308 1123 426 1168 δύσιν
446 1129 519 1167 τοῦ
539 1125 710 1181 ἐνεγκεῖν
734 1125 845 1182 αὐτῷ
865 1126 1021 1166 ἐκεῖθεν
1038 1123 1254 1180 ἀπόκρισιν
1277 1124 1347 1166 διὰ
1366 1120 1531 1177 τάχους.
1601 1122 1704 1164 ἐκω-

213 1194 326 1250 λύθη
350 1195 394 1237 ὁὲ
411 1199 486 1250 τῆς
502 1193 644 1251 πρόσω
666 1196 831 1252 πορείας
847 1191 927 1235 ὖπό
946 1210 1055 1243 τινος
1070 1192 1318 1248 μονάζοντος
1336 1194 1399 1235 ἐπὶ
1415 1190 1573 1248 ἡμέρας
1593 1191 1705 1233 δέκα.

214 1266 286 1308 καὶ
313 1263 372 1319 μὴ
404 1262 629 1318 δυνάμενος
658 1261 679 1306 ὃ
711 1264 869 1318 δαίμων
898 1267 1103 1320 προβῆναι
1122 1261 1245 1305 πάλιν
1266 1262 1371 1320 πρὸς
1391 1261 1462 1305 τὸν
1475 1259 1738 1307 Ἰουλιανόν1

206 1332 476 1391 ὖπέστρεψεν.
547 1331 568 1376 ὁ
604 1334 648 1375 δὲ
677 1333 752 1388 τὴν
787 1333 921 1375 αἳτίαν
951 1337 1025 1387 τῆς
1052 1331 1314 1389 βραδύτητος
1339 1330 1569 1388 ἠρώτησεν·
1605 1330 1708 1373 ἅπε-

207 1405 336 1461 κρίθη
372 1403 416 1445 δὲ
450 1402 562 1460 αὐτῷ
595 1400 616 1445 ὃ
648 1404 808 1457 δαίμων
842 1400 943 1444 ι“καὶ
973 1401 1184 1458 ἐβράδυνα
1215 1403 1284 1444 καὶ
1314 1400 1524 1459 ἄπρακτος
1556 1399 1708 1455 ἒζιιεινα.

208 1471 473 1528 ἐκδεχόμενος
500 1472 580 1530 γὰρ
609 1470 826 1515 Πούπλιόν
848 1489 938 1514 τινα
960 1470 1209 1526 μονάζοντα,
1249 1471 1291 1514 εἷ’
1306 1488 1394 1522 πως
1416 1469 1617 1513 παύσεται
1635 1474 1710 1525 τῆς

210 1547 469 1601 προσευχῆς,
505 1544 574 1585 καὶ
600 1543 660 1597 μὴ
689 1540 952 1597 παυσάμενος
971 1539 1130 1598 ἡμέρας
1153 1542 1251 1584 δέκα
1269 1539 1450 1584 ἐκώλυσέ
1465 1557 1517 1595 με
1539 1543 1711 1595 ποιῆσαι

209 1612 258 1656 τὸ
278 1611 446 1668 θέλημά
467 1611 590 1655 σου.”
642 1613 711 1654 καὶ
734 1615 853 1654 τοῦτο
875 1610 1058 1663 ἀκούσας
1074 1610 1305 1662 Ἰουλιανὸς
1325 1612 1394 1653 καὶ
1415 1608 1582 1669 σφόδρα
1605 1609 1742 1666 ἀγα-2

207 1681 417 1738 νακτήσας
457 1683 757 1739 προσηπείλησε
789 1681 893 1736 μετὰ
924 1681 999 1736 τὴν
1029 1679 1298 1739 ὑποστροφὴν
1332 1682 1629 1738 ἐξολοθρεῦσαι
1661 1678 1708 1722 τὸ

64 1759 96 1795 P
121 1758 189 1796 301
212 1756 295 1795 τῶν
317 1755 511 1807 μοναχῶν
532 1751 658 1807 γένος.
730 1750 829 1807 ὅπερ
854 1748 1010 1804 μαθών
1033 1767 1095 1801 τις
1116 1756 1197 1793 τῶν
1220 1748 1475 1806 μεγιστάνων
1496 1748 1625 1791 αὐτοῦ
1642 1749 1714 1791 καὶ

210 1819 442 1876 θαυμάσας
451 1852 464 1872 ,
501 1818 742 1862 ἐπανελθών
773 1820 945 1874 διένειμε
974 1818 1026 1862 τὰ
1058 1818 1298 1877 ὑπάρχοντα
1330 1819 1460 1862 αὐτοῦ
1481 1816 1616 1861 πάντα
1639 1817 1714 1860 πέ-

211 1908 307 1948 νησι
337 1892 405 1933 καὶ
437 1890 602 1945 ἀπῆλθε
624 1888 729 1947 πρὸς
749 1889 821 1931 τὸν
842 1890 1030 1948 γέροντα.
1098 1891 1166 1932 καὶ
1194 1888 1408 1946 γενόμενος
1437 1886 1606 1943 δόκιμος
1633 1904 1714 1943 μο-

213 1999 317 2036 davit
339 2002 381 2035 ut
403 1999 441 2034 id
464 1999 652 2045 templum,
689 1998 785 2046 quod
805 1998 861 2034 ira
882 2009 924 2033 ac
948 1998 1092 2033 decreto
1117 1997 1176 2033 dei
1204 2000 1281 2033 erat
1301 1997 1500 2044 deiectum,
1535 1997 1716 2033 instaura-

214 2052 308 2083 rent.
355 2046 450 2092 quod
483 2047 681 2081 mandatum
715 2045 840 2080 Iudaei
876 2057 1001 2090 magno
1037 2057 1114 2080 cum
1146 2045 1276 2090 gaudio
1307 2045 1492 2080 audientes
1524 2045 1716 2090 gentilibus

214 2094 290 2130 suis
322 2105 389 2139 per
421 2097 533 2128 totum
566 2095 687 2128 orbem
720 2091 1028 2137 significaverunt.
1075 2093 1127 2126 ita
1159 2092 1315 2138 undique
1338 2103 1484 2137 magnus
1506 2092 1717 2127 Iudaeorum

216 2153 260 2176 eo
296 2151 509 2186 concursus,
540 2140 712 2174 >alacriter
744 2140 929 2184 pecuniam
965 2145 1002 2174 et
1037 2150 1180 2185 operam
1206 2139 1250 2173 ad
1274 2138 1567 2174 instaurationem
1594 2137 1717 2184 templi

214 2186 488 2223 conferentium.
537 2187 602 2221 sed
633 2192 670 2221 et
700 2186 857 2220 Iulianus
891 2185 943 2220 eis
975 2187 1179 2231 praefectos
1208 2185 1358 2220 famulos
1387 2196 1618 2231 magnamque
1638 2190 1717 2219 tur-

215 2235 297 2270 bam
331 2234 509 2269 hominum
543 2233 657 2277 misit,
693 2245 759 2267 nec
793 2244 863 2267 non
899 2240 1088 2277 argenteos
1122 2232 1260 2278 ligones
1294 2238 1331 2267 et
1361 2242 1482 2267 urnas.
1531 2236 1718 2278 postquam

213 2281 343 2316 fodere
379 2285 575 2326 coeperunt
608 2279 711 2327 impii
744 2279 888 2324 Iudaei,
923 2280 1041 2314 subito
1074 2280 1301 2314 vehementes
1335 2279 1437 2313 venti
1468 2278 1717 2322 incubuerunt,

217 2327 281 2373 qui
306 2339 367 2362 eos
392 2327 634 2374 dissiparunt3
671 2338 713 2361 ac
737 2338 828 2372 quae
852 2338 959 2371 porro
984 2327 1029 2361 iis
1054 2325 1146 2362 mala
1171 2325 1377 2372 evenerint,
1411 2325 1459 2361 ad
1483 2325 1629 2362 tertium
1654 2325 1717 2360 Iu-

215 2374 304 2410 liani
327 2374 470 2419 imperii
493 2386 621 2408 annum
647 2373 826 2419 progressi
851 2373 1022 2408 dicemus.

312 2422 479 2456 Ceterum
517 2420 676 2456 Iulianus
707 2420 745 2454 in
778 2420 959 2455 Persidem
984 2420 1168 2465 ingressus
1192 2419 1396 2454 daemonem
1421 2416 1459 2452 in
1485 2417 1717 2453 Occidentem

216 2467 331 2512 misit,
366 2468 427 2512 qui
460 2468 495 2502 ei
525 2468 609 2502 inde
643 2467 808 2502 celeriter
831 2478 1039 2512 responsum
1065 2467 1257 2513 perferret.
1305 2477 1384 2500 eum
1407 2464 1612 2499 daemonem
1637 2465 1718 2510 qui-

218 2514 299 2549 dam
324 2514 514 2549 monachus
539 2526 730 2560 progressu
754 2525 820 2560 per
842 2514 962 2548 decem
987 2514 1064 2548 dies
1090 2512 1292 2559 prohibuit,
1322 2511 1374 2546 ita
1395 2517 1435 2547 ut
1459 2512 1609 2546 daemon
1631 2522 1717 2557 pro-

244 2560 321 2595 redi
345 2572 416 2595 non
439 2561 561 2596 valens
586 2561 631 2596 ad
655 2560 828 2595 Iulianum
854 2560 1019 2595 redierit.
1067 2560 1203 2595 Iuliano
1222 2570 1360 2594 causam
1378 2570 1498 2593 morae
1513 2558 1718 2593 sciscitante

241 2619 312 2641 non
337 2604 462 2641 modo'’
495 2607 612 2653 inquit
635 2608 785 2642 daemon
816 2604 959 2651 “tarde,
997 2608 1061 2642 sed
1085 2607 1190 2642 etiam
1213 2618 1254 2640 re
1277 2606 1412 2640 infecta
1433 2605 1537 2640 redii.
1587 2616 1717 2650 exspe-

218 2654 356 2688 ctabam
378 2654 470 2688 enim
492 2655 574 2689 dum
597 2654 742 2689 Publius
764 2653 905 2699 quidam
929 2654 1117 2688 monachus
1139 2652 1309 2699 precandi
1331 2652 1437 2686 finem
1455 2653 1605 2687 faceret.
1655 2651 1718 2706 qui

220 2710 298 2733 cum
317 2700 438 2734 decem
462 2700 539 2735 dies
559 2701 783 2736 continenter
802 2706 1023 2746 precaretur,
1049 2712 1118 2735 non
1141 2700 1241 2746 potui
1262 2699 1395 2733 iussum
1415 2704 1513 2734 tuum
1532 2694 1720 2743 exsequ1.''

219 2744 289 2779 hoc
312 2746 432 2780 audito
457 2747 613 2782 Iulianus
638 2747 742 2793 gravi
762 2746 1009 2792 indignatione
1028 2747 1209 2790 concitus,
1235 2746 1387 2780 minatus
1411 2750 1468 2780 est
1490 2757 1530 2780 se
1554 2756 1576 2779 a
1598 2744 1720 2779 reditu

220 2796 361 2836 gentem
393 2794 641 2829 monachorum
673 2794 883 2829 deleturum.
932 2793 1001 2828 hoc
1025 2805 1103 2828 cum
1127 2792 1269 2838 quidam
1303 2803 1489 2838 procerum
1515 2792 1590 2826 eius
1614 2790 1719 2826 inau-

220 2837 392 2882 divisset,
431 2840 662 2876 admiratione
686 2852 820 2876 summa
843 2841 969 2875 ductus
996 2845 1078 2887 post
1100 2839 1252 2874 reditum
1273 2849 1373 2874 suum
1398 2838 1515 2874 omnia
1540 2849 1605 2872 sua
1629 2848 1720 2882 pau-

221 2884 369 2930 peribus
392 2884 595 2934 distribuit,
619 2893 728 2935 atque
753 2888 800 2925 ad
823 2899 945 2925 senem
967 2886 1074 2924 istum
1095 2886 1280 2934 profectus
1302 2885 1508 2933 praeclarus
1529 2884 1722 2920 monachus
