1742 3184
172 193 273 240 500
657 192 899 237 GEORGlI
933 188 1183 235 GEDRENI

175 306 463 368 πρεσβύτεροι,
506 305 798 367 Μητροφάνης
826 310 900 349 τοῦ
932 297 1174 358 Βυζαντίου,
1216 303 1500 363 Ἀλέξανδρος
1527 301 1660 347 ’.Αλε-

175 380 390 438 ξανδρείας
400 411 414 431 ,
471 377 710 428 Εὖστάθιος
739 377 1022 430 Ἀντιοχείας,
1075 371 1303 433 Μακάριος
1343 371 1661 432 Ἱεροσολύμων,

177 449 283 493 κατὰ
311 448 484 505 Ἀρείου
520 446 797 504 πρεσβυτέρου
829 443 1040 502 γεγονότος
1073 444 1420 500 Ἀλεξανδρείας,
1465 446 1664 500 βλασφη-

177 523 353 574 μοῦντος
369 517 451 560 τὸν
479 517 581 559 θεὸν
610 514 730 571 λόγον
756 516 908 569 κτίσμα
928 516 998 557 καὶ
1015 512 1269 572 ἕτεροοῦσιον
1288 518 1362 556 τοῦ
1382 511 1560 569 πατρός,
1596 513 1664 553 καὶ

179 588 243 632 ὅτι
275 582 326 643 ’ἦν
355 587 451 630 ποτὲ
473 584 539 629 ὅτε
562 585 633 628 οὐκ
655 580 706 640 ἦν
728 583 980 637 δοξάζοντος.
1051 584 1097 627 ὃν
1124 587 1363 626 καθελοῦσα
1393 579 1661 635 ἀνεθεμάτισε
1676 586 1699 623 5

180 657 256 700 σὺν
276 663 362 708 τοῖς
381 653 610 712 ὃμόφροσιν
629 655 757 697 αὐτοῦ
767 686 780 707 ,
821 654 893 697 τὸν
912 654 957 696 δὲ
972 653 1062 697 υἶόν
1083 651 1304 707 ὂμοούσιον
1324 652 1391 695 καὶ
1411 649 1668 707 συνάναρχον

180 730 242 786 τῷ
278 727 403 783 πατρὶ
440 726 507 767 καὶ
546 723 648 767 θεὸν
688 723 889 779 ἀληθινὸν
919 725 988 766 καὶ
1020 725 1184 778 κτίστην
1214 721 1378 765 πάντων
1411 718 1669 776 ἐδογμάτισε.

182 795 285 852 μετὰ
307 799 404 851 γοῦν
424 794 470 836 τὸ
494 797 855 851 συναθροισθῆναι
874 790 1032 844 πάντας
1050 793 1147 843 τοὺς
1167 791 1372 850 ῥηθέντας
1390 789 1467 846 τιη’
1491 789 1672 845 πατέρας

127 875 161 911 D
185 867 228 908 ἐν
249 865 402 924 Νικαία
425 865 637 919 δημοσίοις
654 861 859 919 ὀχήμασιν
869 895 883 916 ,
921 863 1091 920 ἀφίκετο
1113 863 1182 904 καὶ
1205 859 1225 904 ὅ
1247 860 1442 916 βασιλεὺς
1463 859 1672 917 ἐφιέμενος

183 937 282 978 ι’δεΐν
302 934 375 989 τὴν
397 933 564 989 πληθὺν
586 937 666 976 τῶν
690 933 922 990 ἀρχιερέων.
993 933 1060 974 καὶ
1086 931 1137 987 δὴ
1160 928 1271 974 οἶκον
1295 930 1486 986 μέγιστον
1517 929 1560 970 ἓν
1586 933 1671 977 τοῖς
1685 934 1730 970 10

181 1004 405 1059 βασιλείοις
426 1002 739 1053 κατασκευάσας
758 1000 939 1061 θρόνους
958 1001 1137 1051 πολλοὺς
1158 1001 1200 1043 ἓν
1220 999 1332 1058 αὐτῷ
1353 1003 1525 1054 τεθῆναι
1542 1014 1674 1054 προσ-

184 1075 299 1124 έταξε
313 1105 325 1124 ,
355 1073 424 1115 καὶ
445 1070 574 1123 οὕτως
590 1074 789 1115 εἰσελθεῖν
805 1072 903 1123 τοὺς
921 1071 1120 1129 ἀρχιερεῖς
1138 1070 1370 1127 ἐπέτρεψεν.
1441 1067 1611 1122 ἔσχατος
1630 1067 1675 1108 δὲ

186 1143 261 1186 σὺν
284 1142 435 1198 ὀλίγοις
458 1141 660 1185 εἰσελθών
683 1144 750 1184 καὶ
777 1140 901 1192 αὐτός
909 1173 922 1192 ,
959 1143 1028 1183 καὶ
1054 1140 1155 1191 στὰς
1173 1141 1214 1182 ἒν
1233 1143 1290 1197 τῷ
1309 1139 1422 1196 μέσῳ
1431 1169 1445 1190 ,
1481 1136 1677 1194 προετρέ-

185 1224 300 1267 ψατο
332 1209 488 1262 πάντας
516 1214 703 1254 καθίσαι.
775 1208 858 1253 εἶτα
881 1208 1040 1267 θρόνου
1062 1213 1213 1266 μικροῦ
1231 1209 1421 1258 τεθέντος
1443 1207 1678 1256 κελευσθεὶς

185 1280 261 1324 ὑπ’
299 1281 435 1323 αὐτῶν
464 1279 656 1324 ἐκάθισεν
688 1280 858 1334 ἴσχατος
885 1278 1071 1322 πάντων·
1108 1276 1289 1333 τοσαύτη
1313 1295 1375 1328 τις
1398 1274 1590 1331 εὐλάβεια
1610 1275 1677 1317 καὶ
1692 1281 1735 1317 15

190 1350 319 1402 αἰδὼς
349 1354 431 1393 τῶν
466 1349 629 1406 ἀνδρῶν
651 1357 809 1405 κατεῖχε
833 1349 904 1392 τὸν
920 1349 1109 1403 βασιλέα.
1179 1350 1248 1391 καὶ
1269 1347 1307 1389 οἳ
1331 1347 1405 1401 μὲν
1427 1350 1512 1397 τοῖς
1533 1344 1680 1387 ἄνθεσι

187 1424 270 1463 τῶν
299 1420 510 1476 ἐγκωμίων
547 1420 622 1475 τὴν
659 1419 844 1477 κεφαλὴν
875 1419 1001 1461 αὐτοῦ
1033 1416 1368 1475 στεφανώσαντες
1400 1415 1475 1471 τὴν
1505 1417 1596 1471 περὶ
1628 1413 1682 1457 τὰ

19 1496 21 1499 ’
45 1500 75 1534 Ρ
100 1500 169 1535 286
193 1494 291 1533 θεῖα
312 1488 497 1544 σπουδὴν
518 1488 717 1545 εὐλογίαις
735 1489 987 1544 ἠμείψαντο*
1029 1486 1050 1530 ὃ
1075 1489 1119 1530 δὲ
1148 1488 1245 1538 τοὺς
1275 1488 1367 1544 περὶ
1396 1489 1470 1540 τῆς
1492 1483 1684 1550 ὁμονοίας

191 1561 259 1603 καὶ
273 1560 516 1616 συμφωνίας
527 1558 803 1617 προσαγαγών
817 1556 963 1614 λόγους
973 1558 1152 1608 πολλοὺς
1160 1555 1234 1612 μὲν
1245 1553 1602 1613 ἐφιλοφρονήσατο
1616 1554 1682 1595 καὶ

194 1627 331 1684 λόγοις
354 1630 421 1670 καὶ
443 1626 605 1685 δώροις,
641 1627 798 1678 πολλὰς
820 1628 866 1670 δὲ
887 1625 1090 1682 στιβάδας
1108 1625 1344 1683 προστάξας
1367 1624 1685 1682 εὐτρεπισθῆναι
1696 1630 1742 1666 20

195 1699 260 1740 ἐπὶ
284 1697 331 1740 τὸ
353 1696 453 1739 αὐτὸ
473 1696 631 1748 πάντας
654 1696 836 1749 ἕστίασε,
872 1697 970 1748 τοὺς
995 1697 1070 1752 μὲν
1092 1696 1436 1752 ἀξιολογωτέρους
1455 1692 1686 1751 ὁμοτραπέ-

197 1770 291 1819 ζους
309 1764 463 1820 λαβών,
499 1766 597 1816 τούς
616 1767 660 1809 δὲ
678 1766 846 1816 λοιποὺς
864 1768 920 1816 εἷς
943 1766 1019 1816 τὰς
1041 1765 1170 1816 ἄλλας
1187 1765 1389 1823 τραπέζας
1412 1765 1548 1806 διεῖλε.
1582 1767 1689 1805 θεα-

198 1835 376 1890 σάμενος
406 1835 454 1877 δέ
485 1852 599 1886 τινας
633 1835 730 1886 τοὺς
765 1835 922 1886 δεξιοὺς
950 1834 1203 1893 ὀφθαλμοὺς
1235 1833 1572 1888 ε’κκεκομμένους,
1621 1832 1690 1875 καὶ

200 2008 427 2058 presbyteri,
451 2009 709 2056 Metrophanes
733 2010 924 2056 Byzantii,
959 2011 1160 2047 Alexander
1182 2009 1448 2055 Alexandreae,
1483 2007 1695 2044 Eustathius

201 2057 434 2102 Antiocheae,
459 2057 640 2092 Macarius
666 2057 938 2104 Hierosolymae
964 2058 1138 2105 episcopi.
1187 2063 1302 2092 actum
1329 2062 1452 2092 contra
1474 2056 1608 2100 Arium,
1633 2054 1696 2101 qui

202 2104 447 2140 Alexandreae
478 2105 670 2150 presbyter
693 2104 831 2150 fuerat,
862 2105 1042 2152 impieque
1063 2104 1318 2152 pronuntiabat
1341 2105 1487 2139 verbum
1512 2103 1570 2138 dei
1594 2114 1695 2137 crea-

203 2157 317 2186 turam
343 2162 459 2196 neque
485 2150 642 2185 eiusdem
667 2162 743 2186 cum
770 2158 870 2198 patre
897 2152 1075 2187 essentiae
1100 2164 1199 2196 esse,
1235 2162 1275 2185 ac
1309 2149 1422 2185 fuisse
1454 2156 1593 2196 tempus
1625 2160 1695 2194 quo

203 2199 349 2232 verbum
375 2209 446 2231 non
465 2197 590 2233 fuerit.
639 2209 715 2232 eum
752 2199 938 2234 concilium
974 2211 1050 2234 cum
1085 2197 1322 2233 sectatoribus
1355 2197 1431 2232 eius
1455 2196 1696 2243 proscribens,

204 2243 369 2279 decrevit
390 2243 500 2278 filium
524 2256 605 2280 esse
628 2244 784 2279 eiusdem
809 2257 886 2280 cum
910 2251 1012 2291 patre
1036 2244 1211 2280 essentiae
1225 2271 1234 2288 ,
1259 2243 1496 2290 similiterque
1519 2241 1697 2289 principio

207 2302 350 2335 carere,
390 2295 426 2325 et
459 2303 538 2326 esse
568 2302 690 2326 verum
715 2292 818 2326 deum
842 2298 949 2338 atque
972 2295 1124 2327 omnium
1149 2290 1379 2326 conditorem.
1428 2302 1505 2325 cum
1527 2289 1700 2324 Nicaeam

206 2338 276 2374 318
299 2337 362 2373 isti
388 2340 507 2382 patres
531 2337 682 2383 publicis
708 2338 881 2373 vehiculis
911 2340 1179 2385 pervenissent,
1216 2337 1338 2372 eodem
1374 2336 1480 2371 etiam
1503 2336 1700 2381 imperator

208 2396 248 2419 se
285 2383 453 2428 contulit,
499 2385 646 2430 cupiens
679 2385 804 2420 videre
841 2397 917 2420 eam
950 2397 1160 2421 summorum
1190 2383 1395 2431 pontificum
1427 2382 1698 2418 multitudinem.

209 2430 347 2464 domum
371 2431 409 2465 in
430 2431 533 2476 regia
557 2431 804 2477 amplissimam
838 2432 965 2478 positis
999 2433 1098 2468 soliis
1129 2430 1297 2467 adornari
1327 2429 1436 2475 inque
1471 2441 1546 2464 eam
1577 2435 1699 2474 patres

208 2476 402 2511 convenire
421 2477 539 2512 iussit.
587 2477 666 2524 ipse
691 2491 767 2514 cum
791 2478 915 2525 paucis
938 2486 1136 2526 postremus
1159 2477 1327 2522 intravit,
1362 2476 1471 2521 inque
1494 2476 1610 2510 medio
1634 2475 1698 2510 ad-

210 2523 316 2568 stitit,
341 2535 383 2558 ac
406 2524 591 2559 considere
616 2530 735 2570 patres
759 2525 952 2571 mandavit,
978 2526 1148 2572 iussuque
1169 2536 1288 2560 eorum
1309 2522 1427 2570 posita
1448 2521 1534 2558 sella
1557 2521 1701 2557 ultimus

211 2570 364 2604 omnium
384 2570 498 2606 sedit:
532 2576 669 2607 tantum
693 2572 886 2619 imperator
908 2573 1070 2619 patribus
1095 2571 1327 2607 *reverentiae
1361 2581 1402 2604 ac
1427 2569 1571 2604 honoris
1598 2569 1700 2603 defe-

210 2617 326 2652 rebat.
374 2628 416 2651 ac
444 2623 565 2663 patres
597 2619 739 2664 quidem
770 2619 917 2654 floribus
952 2618 1191 2655 laudationum
1216 2622 1322 2664 caput
1346 2615 1572 2661 imperatoris
1596 2625 1701 2650 coro-

212 2667 358 2707 nantes,
393 2664 522 2699 faustis
544 2665 886 2712 comprecationibus
913 2667 1067 2701 studium
1090 2665 1166 2701 eius
1191 2675 1308 2700 rerum
1332 2674 1469 2698 sacrum
1494 2673 1702 2708 compensa-

217 2714 356 2743 verunt.
405 2710 599 2756 imperator
630 2713 754 2747 habita
779 2712 942 2748 oratione
971 2724 1041 2760 qua
1065 2724 1126 2748 eos
1150 2711 1194 2746 ad
1218 2710 1443 2747 concordiam
1467 2715 1505 2746 et
1528 2706 1704 2744 unanimi-

215 2759 324 2788 tatem
357 2755 624 2804 exhortaretur,
660 2759 786 2794 multos
821 2759 978 2806 ipsorum
1011 2759 1134 2794 verbis
1168 2769 1211 2793 ac
1245 2756 1448 2791 muneribus
1481 2759 1704 2802 prosecutuS,

216 2800 343 2834 multos
364 2807 463 2855 toros
486 2805 606 2850 parari
629 2805 746 2851 iussit,
771 2818 963 2853 omnesque
987 2807 1033 2842 ad
1057 2817 1162 2842 unum
1189 2803 1391 2840 convivium
1413 2802 1570 2846 vocavit,
1594 2801 1644 2836 ita
1666 2804 1707 2835 ut

217 2852 496 2892 praestantiores
521 2863 606 2886 suae
630 2864 772 2887 mensae
797 2853 998 2897 adhiberet,
1021 2852 1177 2898 reliquos
1202 2851 1239 2885 in
1265 2856 1402 2886 ceteras
1427 2861 1565 2885 mensas
1581 2847 1704 2882 distri-

217 2893 357 2929 bueret.
405 2894 531 2932 videns
560 2903 677 2934 autem
709 2900 916 2946 quibusdam
932 2944 934 2946 v
949 2900 1087 2936 oculum
1117 2899 1279 2934 dextrum
1312 2908 1391 2933 esse
1414 2901 1572 2942 erutum,
1608 2893 1705 2930 acci-
