1742 3184
223 211 318 261 198
697 211 937 257 GEORGII
964 210 1210 256 CEDRENI

217 328 367 373 σίλειον
385 323 693 381 κατασκευάζων
712 325 924 384 Ἀρσαλὴμ
952 324 1184 381 ὠνόμασεν,
1230 322 1254 368 ὅ
1272 324 1356 368 ἔστι
1373 321 1496 375 τόπος
1516 320 1688 381 εἰρήνης.

214 397 490 457 Ἰερουσαλὴμ
509 398 553 441 δὲ
573 400 630 449 εἷς
648 396 695 441 τὸ
718 395 952 452 Ἑλληνικὸν
974 394 1294 454 παρενηνεγμὲνη
1313 394 1501 450 κέκληται
1522 393 1592 437 διὰ
1610 393 1690 449 τὴν

218 469 507 527 καλλιφωνιάν.
1428 470 1432 475 ’

358 537 483 581 Μετὰ
499 537 543 579 δὲ
555 533 738 590 Ἷωᾶχαζ
747 534 1003 589 ἐβασίλευσεν
1018 531 1212 588 Ἰωακεὶμ
1230 534 1298 576 καὶ
1310 532 1515 587 Ἐλιακεὶμ
1532 528 1553 574 ὅ
1570 530 1690 574 ἀδελ-

169 614 201 649 D
226 607 306 666 φὸς
327 607 473 658 αὗτοῢ,
508 607 577 648 καὶ
598 606 757 660 ἐποίησε
776 603 822 647 τὸ
845 603 1023 660 πονηρὸν
1050 601 1218 646 ἐνώπιον
1245 603 1400 660 κυρίου.
1468 603 1536 645 καὶ
1557 601 1724 644 iwan&

218 673 591 732 Ναβουχοδονόσορ
610 672 631 717 ὅ
651 672 841 729 διάδοχος
863 670 1090 731 Μαροὸάχ,
1114 674 1181 715 καὶ
1203 669 1475 729 πολιορκήσας
1490 669 1563 726 τὴν
1576 665 1692 712 Ἰου-

221 747 354 798 δαίαν,
387 743 598 802 ὗπόφορον
618 743 743 799 αὐτὴν
763 743 958 798 ἐποίησεν.
1027 739 1304 798 ἀθετήσαντος
1337 741 1381 784 δὲ
1408 740 1483 796 τὴν
1514 742 1693 798 φορολο-

219 817 311 872 γίαν
327 815 521 868 Ἰωακεὶμ
546 809 652 867 ἦλθε
680 811 802 856 πάλιν
826 815 882 863 εἷς
897 810 1174 869 Ἰερουσαλὴμ
1191 807 1563 866 Ναβουχοδονόσορ
1576 840 1590 860 ,
1625 809 1694 850 καὶ

219 888 363 927 τοῦτον
385 881 688 941 χειρωσάμενος
714 884 780 925 καὶ
801 880 952 924 ἀνελὼν
972 883 1040 924 καὶ
1060 881 1138 923 ἀπὸ
1162 884 1236 923 τοῦ
1252 881 1409 934 τείχους
1433 878 1600 937 ῥιφῆναι
1626 875 1695 920 κε-

221 951 366 1004 λεύσας
387 952 547 1011 ἄταφον
569 954 632 995 ἐπὶ
653 951 781 995 πολῦν
800 951 983 994 κατέλιπε
1001 948 1173 1005 χρόνον,
1217 948 1518 1003 βασιλεύσαντα
1542 946 1609 1002 ἔτη
1631 947 1694 989 ε’ν-
1705 951 1742 988 10

221 1024 334 1065 δεκα.
401 1025 492 1079 περὶ
523 1015 572 1064 οῗ)
604 1022 727 1078 φησὶν
751 1019 956 1078 Ἱερεμίας
981 1017 1109 1062 “uide
1133 1020 1237 1076 λέγει
1259 1017 1399 1077 κύριος
1419 1019 1483 1061 ἐπὶ
1499 1017 1695 1070 Ἰωακεὶμ

219 1091 310 1134 υἱὸν
325 1091 515 1134 Ἰωσίου·
542 1089 634 1133 οὐαὶ
657 1091 720 1132 ἐπὶ
740 1089 811 1132 τὸν
832 1088 964 1147 ἄνδρα
982 1093 1139 1132 τοῦτον.
1184 1088 1232 1132 οὗ
1253 1087 1312 1144 μὴ
1336 1085 1537 1142 κόψονται
1557 1084 1695 1137 αὐτόν,

221 1154 255 1203 ὦ
277 1161 450 1217 ἀδελφέ,
482 1159 576 1202 οὖὸὲ
594 1159 651 1215 μὴ
673 1157 918 1202 κλαύσονται
941 1156 1077 1211 αὐτόν,
1106 1158 1249 1213 οἴμοι,
1285 1155 1421 1215 κύριε,
1456 1158 1524 1199 καὶ
1547 1155 1694 1209 οἴμοι,

218 1229 375 1288 ἀδελφέ
385 1244 396 1253 ·
437 1228 543 1272 ἀλλὰ
570 1228 706 1286 ταφὴν
739 1227 832 1272 ὄνου
857 1226 1107 1286 ταφήσεται,
1144 1229 1211 1270 καὶ
1233 1226 1549 1284 συμψηφισθεὶς
1571 1222 1696 1281 ῥιφή-

77 1311 106 1345 Ρ
132 1311 198 1347 113
221 1317 333 1343 σεται
352 1299 531 1342 ἐπέκεινα
549 1302 623 1354 τῆς
641 1297 771 1353 πύλης
786 1296 1107 1355 Ἵερουσαλήμῗ
1143 1295 1233 1340 τότε
1253 1297 1320 1339 καὶ
1341 1295 1504 1351 Δανιὴλ
1524 1293 1693 1348 ἀπήχθη
1708 1299 1742 1335 15

220 1368 288 1411 καὶ
314 1369 354 1411 οἶ
375 1374 482 1426 τρεῖς
511 1369 653 1417 παῖδες
681 1369 749 1410 καὶ
779 1366 895 1410 ἄλλοι
920 1371 994 1410 τοῦ
1021 1371 1122 1409 λαοῦ
1151 1370 1330 1409 πλεῖστοι
1363 1368 1430 1408 καὶ
1462 1364 1588 1421 μέρος
1615 1366 1696 1406 τῶν

221 1441 375 1481 σκευῶν
391 1439 531 1495 κυρίου
556 1438 611 1486 εἷς
629 1438 878 1490 Βαβυλῶνα.
947 1435 985 1477 οἳ
1008 1435 1053 1476 δὲ
1074 1433 1179 1490 ἅγιοι
1202 1439 1309 1490 τρεῖς
1326 1434 1468 1482 παῖδες
1488 1432 1569 1477 υἱοὶ
1587 1433 1698 1483 Ἐζε-

222 1508 310 1550 κίου
334 1507 445 1549 εἰσίν.
515 1506 555 1548 ἓν
572 1505 651 1563 γὰρ
670 1508 729 1563 τῷ
749 1504 971 1558 ἀναστῆναι
997 1502 1119 1546 αὐτὸν
1141 1502 1220 1544 ἀπὸ
1242 1507 1316 1557 τῆς
1334 1501 1472 1553 νόσου,
1509 1501 1697 1544 ἄποστεῗ-

222 1580 291 1619 λαι
316 1576 359 1618 δὲ
380 1575 483 1632 πρὸς
512 1575 635 1617 αὐτὸν
659 1573 876 1630 Μαροδάχ
903 1572 994 1622 υἱὸς
1012 1570 1211 1615 Βαλαὸὰν
1230 1571 1424 1625 βασιλεὺς
1446 1573 1698 1624 Βαβυλῶνος

221 1644 437 1699 ἐπιστολὴν
467 1645 535 1686 καὶ
568 1645 681 1700 δῶρα
714 1641 889 1698 (ἤκουσε
917 1641 996 1698 γὰρ
1026 1640 1088 1684 ὅτι
1121 1639 1378 1697 ἠρρώστησε,
1409 1641 1477 1682 καὶ
1508 1639 1742 1694 ἀνέστη),2(

221 1712 424 1764 {ausuaga
442 1712 566 1763 αὐτὸς
586 1718 671 1763 τοῖς
691 1712 871 1768 ἀγγέλοις
891 1710 1107 1767 Μαροὸἀχ
1129 1707 1262 1753 πάντα
1282 1708 1354 1752 τὸν
1373 1713 1548 1752 πλοῦτον
1573 1709 1700 1751 αὐτοῦ

223 1785 291 1826 καὶ
315 1782 412 1833 τοὺς
440 1781 683 1840 θησαυροὺς
712 1781 852 1824 αὐτοῦ.
919 1779 1022 1838 πρὸς
1049 1780 1096 1823 ὃν
1122 1777 1374 1834 λυπούμενος
1396 1776 1500 1822 εἶπεν
1519 1777 1700 1828 Ἠσαΐας

224 1850 246 1895 ὃ
266 1849 482 1911 προφήτης
509 1849 717 1894 ί(ἄκουσον
734 1848 853 1908 λόγον
871 1851 1027 1908 κυρίου.
1096 1849 1186 1893 ἰδοὺ
1209 1846 1358 1908 ἡμέραι
1382 1847 1567 1908 ἔρχονται
1577 1879 1592 1901 ,
1627 1849 1700 1890 καὶ

224 1982 385 2028 didisset,
409 1980 566 2017 Arsalem
584 1981 811 2028 nuncupavit,
836 1981 929 2027 quod
953 1979 1170 2026 significavit
1190 1979 1303 2015 locum
1325 1979 1443 2026 pacis:
1465 1979 1503 2014 in
1523 1981 1699 2015 Graecum

223 2035 339 2064 autem
362 2040 557 2064 sermonem
579 2040 622 2063 ea
646 2040 718 2063 vox
745 2028 910 2062 traducta
931 2028 976 2062 ob
998 2027 1078 2062 soni
1101 2027 1371 2063 concinnitatem
1393 2028 1429 2061 in
1451 2027 1699 2072 Hierosolyma

220 2075 384 2111 deflexit.
878 2090 882 2094 -
1481 2077 1484 2081 '
1639 2077 1642 2081 '

317 2123 406 2157 Post
442 2121 650 2157 Ioachazum
687 2119 854 2166 regnavit
892 2119 1088 2165 Ioacimus,
1126 2119 1363 2166 collegamque
1396 2119 1522 2155 habuit
1554 2119 1699 2154 fratrem

222 2168 444 2204 Eliacimum.
490 2168 522 2203 is
554 2179 692 2214 quoque
714 2167 888 2202 Ioacimus
913 2179 955 2201 ea
976 2167 1062 2200 fecit
1085 2178 1175 2212 quae
1199 2168 1266 2202 deo
1288 2165 1532 2212 displicerent.
1577 2166 1700 2211 itaque

220 2215 553 2251 *Nabuchodonosor
574 2214 781 2249 Merodachi
804 2225 987 2249 successor
1010 2212 1175 2248 Iudaeam
1198 2214 1290 2248 bello
1316 2213 1450 2248 invasit
1473 2225 1515 2248 ac
1538 2212 1608 2247 sibi
1631 2212 1699 2247 tri—

224 2262 396 2297 butariam
420 2261 526 2305 fecit3
560 2266 597 2296 et
619 2273 695 2296 cum
718 2261 888 2296 tributum
910 2259 1102 2305 Ioacimus‚
1129 2261 1223 2307 quod
1244 2265 1365 2306 pactus
1385 2263 1481 2304 erat,
1505 2262 1700 2303 recusaret,

224 2309 340 2343 denuo
372 2309 410 2343 in
431 2309 596 2343 Iudaeam
627 2307 742 2342 duxit.
787 2306 1117 2352 Hierosolymisque
1147 2307 1282 2352 potitus
1312 2306 1501 2342 Ioacimum
1535 2305 1573 2340 in
1603 2317 1702 2340 suam

225 2359 437 2401 potestatem
460 2355 639 2390 redactum
661 2354 851 2398 interfecit,
877 2365 918 2388 ac
936 2354 980 2388 de
1000 2365 1098 2388 muro
1121 2354 1315 2399 proiectum
1338 2354 1442 2398 longo
1467 2358 1625 2398 tempore
1644 2352 1703 2385 in-

227 2402 399 2447 sepultum
424 2402 541 2436 iacere
571 2401 695 2446 iussit,
729 2401 886 2435 functum
916 2412 1025 2445 regno
1057 2412 1167 2434 annos
1193 2401 1250 2435 11.
1298 2400 1343 2434 de
1363 2399 1433 2434 hoc
1455 2399 1508 2434 ita
1531 2398 1700 2433 Ieremias

225 2447 325 2492 (cap.
349 2449 413 2492 22)
434 2444 546 2483 “haec
562 2447 873 2493 pronuntiatsdeus
892 2447 936 2481 de
954 2446 1105 2481 Ioacimo
1129 2447 1248 2482 Iosiae
1268 2447 1314 2482 F.
1339 2458 1407 2481 vae
1429 2446 1491 2481 isti
1513 2445 1606 2480 viro.
1629 2456 1701 2479 non

226 2504 306 2527 eum
327 2494 532 2540 plangentes
556 2494 770 2538 clamabunt,
812 2493 901 2528 eheu
933 2494 1064 2528 frater:
1098 2505 1214 2539 neque
1236 2494 1330 2528 inter
1361 2493 1590 2538 plorandum,
1624 2502 1702 2526 eum

228 2539 403 2575 dominum
435 2553 477 2575 ac
508 2542 654 2576 fratrem
684 2540 940 2587 inclamabuntz
976 2541 1038 2575 sed
1074 2539 1165 2574 asini
1187 2540 1367 2586 sepultura
1391 2538 1425 2573 ei
1449 2538 1629 2583 obtinget,
1665 2541 1703 2572 et

228 2596 305 2620 cum
329 2588 592 2633 computruerit,
615 2586 822 2633 proiicietur
844 2586 936 2621 ultra
958 2592 1095 2632 portam
1114 2582 1475 2632 Hierosolymorum.”
1523 2590 1607 2620 tunc
1629 2586 1701 2620 Ba-

226 2630 391 2674 bylonem
415 2634 585 2668 abductus
610 2638 666 2669 est
685 2633 812 2668 Daniel
838 2645 881 2668 ac
902 2638 975 2668 tres
1001 2634 1121 2678 pueri,
1162 2638 1203 2667 et
1233 2633 1277 2668 de
1304 2632 1434 2686 populo
1466 2631 1626 2678 plurimi,
1659 2642 1701 2665 ac

228 2688 312 2722 pars
332 2689 495 2714 vasorum
516 2680 661 2715 domini.
709 2685 863 2715 ceterum
888 2683 961 2714 tres
990 2679 1052 2714 isti
1078 2679 1171 2714 sacri
1193 2678 1295 2726 pueri
1317 2678 1382 2714 fihi
1406 2684 1488 2713 sunt
1507 2677 1702 2713 Ezechiae.

226 2733 308 2776 cum
333 2724 426 2759 enim
449 2738 492 2760 ex
516 2728 638 2761 morbo
671 2726 907 2762 convaluisset
935 2725 1168 2761 Merodachus
1197 2725 1363 2762 Baldanis
1386 2725 1431 2760 F.
1457 2736 1522 2759 rex
1543 2723 1701 2770 Babylo-

229 2779 298 2813 ms,
324 2770 367 2804 ad
392 2782 467 2805 eum
492 2773 587 2807 misit
608 2773 727 2807 literas
753 2778 789 2808 et
805 2784 971 2817 munera,
1003 2772 1183 2817 gratulans
1208 2772 1303 2820 quod
1326 2783 1403 2806 eum
1427 2770 1573 2806 sanitati
1595 2769 1702 2804 resti<

230 2818 341 2849 tutum
364 2817 569 2853 audivisset.
617 2820 721 2854 huius
743 2819 870 2865 legatis
893 2819 1068 2854 Ezechias
1093 2831 1212 2854 omnes
1233 2829 1313 2854 suas
1332 2818 1476 2852 divitias
1495 2822 1601 2863 atque
1622 2816 1700 2851 the-

230 2871 352 2896 sauros
379 2862 645 2900 demonstravit.
694 2867 788 2911 quod
809 2867 938 2902 factum
959 2865 1103 2900 moleste
1128 2867 1249 2901 ferens
1272 2864 1414 2911 Esaias,
1437 2864 1489 2899 ita
1512 2869 1566 2898 est
1583 2874 1702 2908 regem

227 2918 328 2943 suum
360 2907 529 2946 allocutus
562 2911 622 2956 (4.
643 2912 735 2958 Reg.
758 2913 830 2958 20)
875 2908 983 2950 “audi
1015 2923 1209 2949 sermonem
1238 2911 1383 2948 domini.
1446 2921 1529 2946 ecce
1558 2912 1704 2957 appetet
