1742 3184
390 160 793 211 HISTORIARUM
829 166 1224 216 COMPENDIUM.
1446 176 1477 224 6
1485 177 1508 224 1
1518 179 1543 226 1

70 273 119 317 οὗ
137 272 277 333 πόρρω
296 274 563 334 ἓτύγχανεν”
527 297 598 331 ων,
634 276 656 323 ὃ
679 279 725 323 δὲ
743 284 798 339 τῇ
818 285 895 325 τοῦ
913 299 1069 341 ταυρου
1091 284 1308 329 ἓνέκειτο’
1284 294 1427 350 αγορᾷ.
1473 296 1544 336 καὶ

69 343 176 387 ἄλλα
206 346 338 388 πολλὰ
367 347 672 404 κατελυμήνατο
693 349 740 392 τὸ
759 354 867 408 πῦρ,
902 350 990 394 οἷον
1010 354 1136 405 στοὰς
1156 355 1354 409 ἐμβόλων,
1392 360 1432 401 ἀ
1419 362 1544 419 γορὰς

67 431 135 456 και
167 413 394 470 οῖκῆσεις’
370 417 450 459 απὸ
478 416 699 473 θαλάσσης
730 420 808 470 ἕως
835 419 1076 478 θαλάσσης,
1120 423 1216 482 ἄχρι
1241 432 1316 470 τοῦ
1338 435 1440 471 ναοῦ
1462 435 1542 474 τῶν

66 480 191 539 ἁγίων
210 483 433 541 μαρτίρων
455 489 624 544 Σεργίου
648 489 717 530 καὶ
738 487 921 544 Βάκχου.

31 558 56 594 5
205 556 280 610 Τῷ
302 553 337 604 ς’
361 554 438 598 ἔτει
460 555 680 614 ζωγράφου
703 557 810 609 τινὸς
833 559 904 601 τὸν
928 563 1095 617 σωτῆρα
1117 559 1279 618 γράψαι
1302 562 1534 621 τολμήσαν-
1557 584 1590 618 1)

62 636 133 671 τος
154 622 251 664 καθ’
271 620 492 679 ὁμοιότητα
513 630 588 669 τοῦ
607 626 711 677 Διὸς
730 626 937 685 ἐξηράνθη
959 626 986 684 ἦ
1003 630 1115 686 χειῃρ
1150 629 1196 673 ὃν
1217 633 1539 691 ἐξαγορεύσαντα

63 690 123 731 δι
148 690 268 746 εὖχῆς
287 691 433 735 ἰάσατο
457 695 500 734 Γ
496 693 688 746 ειναδιος
759 699 861 754 φασὶ
883 699 930 740 δέ
947 715 1050 749 τινες
1066 702 1148 742 τῶν
1168 699 1382 757 ἱστορικῶν
1405 702 1467 747 ὅτι
1491 706 1538 748 τὸ

61 753 184 802 οιλον
211 762 279 803 καὶ
308 760 559 820 ὀλιγότριχον
589 770 729 820 σχῆμα
753 767 816 808 ἐπι
846 772 920 810 τοῦ
950 784 1134 824 σωτηρος
1155 769 1434 828 οἰκειότερόν
1415 790 1537 818 εστιν.

60 845 179 880 ουτος
208 827 230 871 ὃ
252 831 295 871 Γ
291 830 471 883 ενναὸιος
496 837 548 890 τῇ
577 837 688 876 νυκτὶ
716 836 759 877 ἓν
788 841 846 894 τῷ
877 839 1161 895 θισιαστηρίῳ
1197 837 1274 882 εἶδε
1310 841 1533 898 φάντασμα

0 904 47 940 10
58 899 292 952 δαιμονίου,
337 894 373 942 (ιῖ
393 903 460 943 καὶ
484 902 725 958 ἐπιτιμήσας
746 921 917 959 ηκουσεν
942 907 1069 948 αὐτοῦ
1090 908 1356 964 κράζοντος“
1327 928 1384 961 ως
1404 912 1534 955 αὐτοῦ’

51 967 128 1021 μὲν
156 970 304 1020 ζῶντος
330 970 539 1023 ἐνδίδωσι,
573 974 677 1027 μετὰ
707 975 753 1016 δὲ
777 972 963 1017 θάνατον
993 976 1120 1018 αὐτοῦ
1150 977 1340 1035 κρατήσει
1370 979 1532 1032 πάντως

51 1040 125 1092 τῆς
151 1038 376 1093 ἐκκλησίας.
448 1035 567 1091 οὗτος
597 1040 618 1084 ὃ
653 1043 695 1083 Γ
691 1041 871 1094 maidens·
901 1048 1082 1102 κληρικῷ
1108 1049 1182 1100 τῆς
1211 1048 1423 1102 ἐκκλησίας
1456 1055 1531 1092 τοῦ

51 1103 168 1161 ἁγίου
182 1106 488 1164 Ἐλευθεριηου
464 1109 627 1153 auium
646 1110 732 1154 όντι
752 1112 948 1164 πολλάκις
967 1114 1184 1159 ἐνουθέτει.
1231 1117 1314 1158 ἐπεὶ
1338 1119 1382 1160 δὲ
1404 1118 1529 1162 αυτὸν

49 1173 216 1230 κάμψαι
237 1177 312 1219 οὐκ
335 1177 488 1233 ι’σγισε,
525 1181 648 1235 δηλοῖ
663 1185 722 1239 τῷ
742 1178 842 1240 ἆγίω
860 1182 1122 1241 Ἐλευθερίω,
1156 1184 1199 1226 ἓν
1218 1189 1279 1242 τῷ
1298 1191 1384 1228 ναῶ
1404 1188 1528 1230 εἰπών

0 1247 37 1283 [6
49 1242 118 1286 διά
141 1262 250 1297 τινος
275 1251 356 1289 τῶν
382 1245 715 1305 ὖπηρετουμὲιων
735 1250 848 1292 αὐτῶ
876 1249 994 1307 “ἅγιε
1015 1250 1177 1310 μα’ρτυρ
1197 1252 1459 1311 Ἔλευθέριε,
1494 1256 1521 1312 ἢ
1544 1267 1574 1302 Ρ
1595 1269 1665 1306 349

46 1312 278 1370 διόρθωσαι
306 1316 378 1359 τὸν
398 1317 590 1373 κληρικόν
613 1336 688 1361 σου
716 1318 742 1374 ἢ
761 1319 938 1374 ἔκκοψον
959 1318 1130 1363 αὐτόν.”
1202 1325 1270 1365 καὶ
1289 1323 1417 1375 εὐθὺς
1438 1327 1525 1368 ἐτε-

45 1381 234 1439 λεύτησεν
263 1382 285 1426 ὃ
318 1386 521 1442 κληρικός.
590 1392 650 1445 τῷ
674 1388 716 1429 δ’
741 1389 853 1446 αὐτῷ
875 1389 951 1432 ἔτει
972 1388 1170 1441 Στούὸιος
1187 1391 1256 1434 τὸν
1272 1393 1373 1435 ναὸν
1393 1393 1521 1438 ἔκτισε

41 1456 118 1494 τοῦ
140 1451 257 1509 ἁγίου
281 1453 471 1497 Ἰωάννου
500 1460 575 1498 τοῦ
600 1461 830 1510 βαπτιστοῦ
835 1490 849 1510 ‚
890 1460 958 1500 καὶ
977 1459 1185 1514 μοναχούς
1214 1461 1258 1503 ἔκ
1287 1466 1363 1517 τῆς
1390 1469 1520 1519 μονῆς

40 1525 122 1564 τῶν
144 1522 376 1578 ἀκοιμήτων
396 1524 439 1567 ἕν
459 1525 572 1583 αὐτῷ’
592 1526 825 1581 κατέστησε.

0 1592 32 1628 Ι)
181 1595 256 1650 Τῷ
286 1590 321 1645 ζ’
349 1592 427 1635 ἕτει
447 1595 575 1637 Λέων
605 1593 626 1637 ὃ
655 1595 850 1650 βασιλεῧς
869 1594 1045 1651 Ζήνωνα
1073 1595 1145 1639 τὸν
1172 1598 1359 1655 γαμβρὸν
1389 1599 1518 1643 αὐτοῦ

38 1660 266 1716 στρατηγὸν
285 1666 359 1717 τῆς
378 1660 484 1721 ἑῴας
503 1661 666 1719 ἁπάσης
684 1666 888 1720 πεποίηκε.
955 1665 1119 1721 Πέτρος
1140 1666 1186 1708 δὲ
1203 1668 1398 1724 Κναφεὺς
1417 1669 1516 1712 tino-
1544 1685 1549 1695 ·

37 1733 205 1773 λουθῶν
224 1729 412 1786 Ζήνωνι,
446 1732 723 1791 πρεσβύτερος
753 1733 810 1777 ὢν
840 1737 916 1777 τοῦ
944 1735 986 1776 ἓν
1013 1733 1251 1790 Χαλκηδόνι
1272 1741 1374 1779 ναοῦ
1394 1737 1514 1793 Βάσ-

35 1816 112 1854 σης
133 1804 207 1854 τῆς
223 1798 435 1858 μάρτυρος
460 1804 528 1844 καὶ
557 1802 610 1845 τὰ
629 1808 704 1846 τοῦ
728 1803 1009 1861 Ἀπολιναριύυ
1032 1809 1209 1861 φρονῶν,
1237 1807 1411 1862 μυρίους
1433 1811 1514 1849 θο-

34 1866 189 1926 ρύβους
215 1868 349 1929 ἤγειρε
375 1871 481 1914 κατὰ
512 1876 587 1927 τῆς
614 1874 805 1926 πίστεως,
848 1875 918 1915 καὶ
941 1874 1230 1928 ἀναθεματίζει
1250 1874 1346 1926 τοὺς
1364 1875 1424 1930 μὴ
1445 1877 1512 1919 λέ-

30 2023 206 2070 vicinum,
243 2025 424 2061 alterum
413 2039 450 2061 ιιι
472 2027 552 2061 foro
575 2027 703 2063 Tauri.
749 2027 836 2074 quin
860 2031 898 2063 et
917 2028 987 2064 alia
1009 2029 1117 2064 multa
1140 2028 1233 2074 ignis
1256 2029 1433 2074 vastavit,
1470 2033 1509 2066 ut

29 2071 188 2119 porticus
219 2078 337 2108 rostra
371 2075 451 2109 fora
483 2074 626 2119 domos,
660 2086 682 2108 a
709 2075 796 2108 mari
827 2086 939 2121 usque
969 2076 1015 2110 ad
1046 2087 1163 2121 mare,
1196 2086 1307 2121 usque
1318 2076 1368 2111 ad
1386 2077 1508 2112 aedem

28 2124 228 2153 sanctorum
253 2125 444 2175 martyrum
474 2120 592 2165 Sergii
616 2126 653 2155 et
674 2119 819 2156 Bacchi.

121 2164 231 2200 Sexto
264 2178 356 2202 anno
389 2166 518 2212 pictori
549 2167 684 2202 cuidam
708 2179 875 2212 aggresso
899 2167 1078 2202 Christum
1101 2167 1213 2201 forma
1235 2166 1333 2201 Iovis
1359 2166 1509 2212 pingere

26 2221 151 2246 manus
171 2213 322 2247 exaruit.
371 2225 447 2247 eum
469 2213 605 2247 facinus
627 2215 824 2248 confessum
847 2213 1054 2248 Gennadius
1078 2213 1242 2259 precibus
1261 2213 1333 2247 suis
1353 2214 1505 2248 sanavit.

25 2257 167 2302 quidam
202 2258 363 2293 historici
387 2259 530 2294 Christo
558 2260 756 2295 attribuunt
778 2272 878 2295 raros
902 2266 939 2294 et
964 2259 1100 2305 crispos
1128 2260 1255 2294 crines.
1303 2259 1335 2292 is
1360 2260 1506 2294 Genna-

25 2303 106 2338 dius
134 2311 238 2340 noctu
263 2306 306 2339 ad
331 2305 444 2340 altare
474 2313 652 2352 spectrum
683 2307 864 2341 daemonis
889 2306 1002 2348 vidit3
1036 2317 1138 2351 quem
1171 2316 1248 2340 cum
1271 2303 1504 2350 increpasset,

26 2350 165 2386 audivit
185 2352 439 2387 vociferantem
464 2364 555 2387 nunc
578 2365 617 2387 se
640 2353 673 2386 ei
695 2353 831 2388 viventi
855 2353 994 2396 cedere,
1022 2359 1105 2398 post
1126 2352 1238 2397 ipsius
1262 2359 1406 2386 mortem
1432 2352 1504 2386 uti-

24 2407 94 2442 que
117 2398 248 2444 templo
271 2399 478 2444 potiturum.
511 2399 603 2433 idem
625 2400 831 2434 Gennadius
857 2399 1019 2434 clericum
1038 2400 1211 2443 quendam
1238 2397 1311 2431 fani
1335 2398 1375 2432 S.
1393 2398 1505 2433 Eleu-

21 2443 131 2478 then-ii
167 2444 257 2479 maie
288 2445 466 2479 viventem
502 2457 577 2479 cum
612 2458 722 2492 saepe
756 2447 998 2491 obiurgasset,
1034 2456 1148 2490 neque
1183 2450 1297 2478 tamen
1320 2444 1506 2480 inflectere

22 2496 155 2535 posset,
180 2502 255 2526 rem
275 2493 319 2526 ad
343 2492 384 2526 S.
407 2491 652 2527 Eleutherium
668 2492 812 2548 detulit,
838 2504 915 2527 eum
939 2492 974 2526 in
1000 2502 1064 2526 suo
1087 2490 1215 2536 templo
1238 2490 1415 2525 cuiusdam
1437 2491 1504 2525 mi-

21 2536 126 2572 nistri
152 2538 228 2572 eius
253 2549 362 2584 opera
386 2537 440 2572 sic
463 2536 675 2578 alloquens‘
678 2536 775 2573 ‘dive
799 2544 933 2584 martyr
955 2537 1158 2581 Eleutheri,
1186 2544 1247 2571 aut
1269 2537 1407 2582 corrige
1430 2537 1503 2572 cle-

20 2583 132 2617 ricum
156 2589 251 2618 tuum
272 2589 332 2618 aut
354 2581 560 2619 exscindess’
604 2585 698 2620 inico
723 2585 871 2620 clericus
897 2584 1106 2630 exspiravit.
1155 2584 1277 2618 eodem
1301 2594 1391 2617 anno
1414 2583 1502 2618 Stu-

20 2629 101 2664 dius
121 2629 288 2684 templum
312 2630 455 2665 Ioannis
487 2630 671 2677 Baptistae
696 2631 874 2675 condidit,
908 2631 1165 2676 monachosque
1188 2629 1227 2664 in
1248 2640 1291 2665 eo
1314 2629 1502 2665 collocavit

19 2687 140 2711 eorum
161 2676 223 2721 qui
240 2677 432 2718 Acoemeti,
458 2677 524 2712 hoc
546 2683 600 2712 est
622 2678 811 2722 insomnes,
835 2678 1012 2712 dicuntur.

113 2722 275 2778 Septimo
299 2734 391 2758 anno
416 2723 595 2758 Zenonem
619 2736 786 2769 generum
807 2734 906 2759 suum
929 2724 1004 2758 Leo
1026 2722 1095 2758 toti
1113 2721 1256 2757 Orienti
1302 2719 1499 2767 raeposuit.

20 2767 124 2804 fuit
112 2781 150 2803 ιιι
173 2770 341 2805 comitatu
364 2770 519 2805 Zenonis
544 2770 671 2806 Petrus
696 2771 838 2816 quidam
861 2770 1050 2816 Cnapheus
1074 2768 1135 2812 (id
1160 2774 1214 2803 est
1236 2733 1370 2823 fuiio),
1396 2776 1502 2821 pres-

18 2815 128 2860 byter
161 2816 283 2863 templi
304 2817 437 2852 Bassae
469 2823 614 2852 sanctae
648 2818 835 2873 martyris,
875 2818 970 2863 quod
994 2821 1051 2851 est
1073 2815 1311 2850 Chalcedone.
1358 2813 1390 2847 is
1415 2813 1499 2868 quia

20 2860 228 2908 Aponium-ii
247 2874 388 2900 errores
413 2865 646 2911 sequebatur,
677 2863 834 2901 infinitas
872 2869 996 2900 contra
1026 2862 1132 2899 fidem
1161 2863 1283 2899 turbae
1316 2859 1498 2906 excitavit,
