1742 3184
183 183 214 230 6
219 181 289 229 96
668 180 910 227 GEORGII
944 178 1194 224 CEDRENI

180 299 372 358 βλέφαρα
393 294 496 355 μήτε
511 304 655 356 χεῖρας
677 295 779 353 μήτε
800 293 932 347 πόδας
954 292 1058 350 ἔχων
1068 326 1083 348 ,
1117 293 1222 353 πρὸς
1241 294 1287 338 δὲ
1306 297 1366 354 τῷ
1388 294 1504 353 ἷσχίῳ
1528 290 1676 350 ἰχθύος

182 369 289 427 οὐρὰ
315 373 542 427 προσφυῶς
571 367 752 426 ’ὑπῆρχεν
778 365 890 424 αὐτῷ’
914 361 1259 423 ὄστρακόδερμος.
1328 368 1382 422 τῇ
1409 365 1515 422 αὐτῇ
1539 362 1675 425 ἡμέρα

183 441 252 483 καὶ
284 437 393 482 κύων
422 436 618 490 ἑξάπους,
654 435 837 494 κεφαλὴν
871 434 974 491 ἔχων
1011 432 1239 490 λεοντώδη,
1274 435 1484 491 γεννηθεὶς
1518 434 1672 490 ἐγένετο
1720 492 1724 494 .

181 509 309 566 μέγας
326 507 505 567 σφόδρα.
574 511 624 564 τῇ
649 507 752 563 αὐτῇ
771 503 906 565 ἡμέρᾳ
927 506 995 547 καὶ
1018 502 1040 547 ὅ
1057 505 1185 555 ἵππος
1203 508 1276 547 τοῦ
1294 503 1519 559 βασιλέως,
1558 501 1579 546 ὃ
1600 502 1673 546 τὸν

177 583 361 636 χρυσοῦν
384 577 655 635 περικείμενος
674 574 850 629 κόσμον,
887 571 1058 632 ἀθρόως
1078 571 1273 632 διερράγη
1296 571 1445 617 πεσών.
1513 571 1706 626 τούτοιςὸ

180 653 306 691 πᾶσιν
340 644 629 701 οἰωνισάμενος
666 643 688 688 ὃ
728 643 923 700 βασιλεὺς
959 645 1179 702 περίλυπος
1216 637 1281 699 ἦν.
1350 642 1505 698 μαθὼν
1535 644 1581 686 δὲ
1610 642 1673 687 ὅτι

180 718 370 774 πρέσβεις
401 719 457 767 εἷς
487 715 534 759 τὸ
564 713 791 768 Βυζάντιον
810 715 990 774 Περσῶν
1008 730 1051 757 τε
1071 714 1141 757 καὶ
1165 710 1371 772 Φράγγων
1390 713 1673 772 παρεγένοντο,

176 785 432 844 ὑπέστρεψεν
452 787 508 836 εἷς
525 784 577 828 τὰ
590 786 795 840 βασίλεια.

127 864 160 900 C
312 856 412 899 Ἀπὸ
432 860 513 899 τῶν
533 855 749 912 ἱστορικῶν
766 858 841 898 τοῦ
857 849 1092 908 Σιμοκάτου
1113 849 1234 909 λόγος
1249 848 1447 910 Χοσρόου
1469 852 1674 907 βασιλέως

175 927 355 983 Περσῶν
388 925 491 984 πρὸς
520 922 722 980 Ἰωάννην
755 922 982 982 στρατηγὸν
1007 920 1244 977 Ῥωμαίων,
1279 920 1591 978 ἀποσκώψαντα
1617 925 1674 974 εἷς
1686 928 1731 964 10

178 995 304 1038 αὐτὸν
337 994 403 1039 ὅτε
439 993 648 1050 ἀπεστάλη
680 994 796 1052 παρὰ
827 997 903 1035 τοῦ
932 993 1176 1050 Μαυρικιόυ
1209 993 1265 1043 εἷς
1295 989 1501 1047 βοήθειαν
1531 992 1676 1037 αὐτοῦ.

173 1062 241 1107 “aec'
266 1062 325 1120 μή
361 1082 437 1124 περ
472 1064 552 1107 ἀπὸ
580 1068 654 1106 τοῦ
679 1067 825 1121 καιροῦ
848 1060 1207 1120 ἕτυραννούμεθα,
1235 1061 1310 1104 οὐκ
1339 1060 1389 1104 ἂν
1417 1060 1674 1120 ἔθάρρησας,

177 1136 403 1192 στρατηγέ,
437 1133 508 1177 τὸν
536 1133 665 1190 μέγαν
694 1134 736 1176 ἓν
770 1129 1008 1191 ἀνθρώποις
1030 1131 1207 1187 βασιλέα
1228 1129 1399 1186 βάλλειν
1422 1138 1509 1183 τοῖς
1532 1130 1675 1187 σκώμ-

174 1221 317 1259 μασιν.
387 1205 472 1247 ἐπεὶ
502 1205 547 1247 δὲ
573 1209 659 1254 τοῖς
680 1207 860 1261 παροῦσι
880 1202 987 1259 μέγα
1008 1207 1196 1260 φρονεῖς,
1222 1198 1380 1259 ἀκούσῃ
1401 1202 1445 1244 τί
1463 1203 1569 1258 δῆτα
1589 1208 1676 1253 τοῖς

174 1277 291 1324 θεοῖς
307 1271 524 1330 ἐσύστερον
538 1273 820 1328 μεμελέτηται.
888 1269 1248 1329 ἀντικαταρρεύσει
1257 1303 1270 1323 ,
1300 1265 1344 1314 εὗ
1361 1270 1473 1324 ἴσθι,
1502 1274 1560 1322 εἷς
1576 1272 1674 1323 τοὺς
1687 1278 1731 1315 15

172 1341 401 1398 Ῥωμαεόυς
418 1341 528 1398 ὗμᾶς
545 1341 679 1396 δεινά,
711 1343 817 1394 ἕξετε
837 1342 883 1384 δὲ
900 1340 947 1385 τὸ
971 1340 1243 1396 Βαβυλώνιον
1261 1344 1394 1398 φῦλον
1410 1346 1486 1397 τῆς
1495 1340 1673 1398 Ῥωμαϊ-

172 1417 247 1467 κῆς
267 1413 471 1464 πολιτείας
488 1417 666 1471 κρατοῦν
682 1411 847 1470 τριττὴν
866 1410 1169 1470 κυκλοφορικὴν
1187 1408 1404 1466 ἑβδομάδα
1420 1412 1535 1454 ἐτῶν.
1568 1412 1675 1466 μετὰ

174 1483 221 1526 δὲ
251 1487 373 1526 τοῦτο
404 1484 636 1538 πεμπταιάν
658 1480 876 1537 ἑβδομάδα
898 1482 1095 1524 ἐνιαυτῶν
1110 1479 1305 1535 Ῥωμαῖοι
1325 1481 1498 1539 Πέρσας
1520 1483 1675 1524 δουλα-

172 1550 391 1609 γωγῆσετε.
459 1551 618 1596 τούτων
648 1551 701 1607 δὴ
729 1550 1007 1607 διηνυσμένων
1035 1551 1110 1606 τὴν
1135 1550 1356 1607 ἀνέσπερον
1375 1548 1534 1609 ἡμέραν
1554 1551 1674 1607 ἔνδη-

120 1630 154 1667 D
175 1628 266 1677 μεῖν
294 1619 670 1679 τοῖςάνθρώποις,
714 1623 784 1664 καὶ
810 1620 885 1676 τὴν
911 1620 1256 1678 προσδοκωμένην
1286 1623 1401 1676 λῆξιν
1435 1621 1673 1675 ἀποβαίνειν
1684 1627 1731 1663 20

173 1696 250 1736 τοῦ
283 1689 484 1749 κράτους,
520 1690 586 1735 ὅτε
613 1690 666 1735 τὰ
696 1695 771 1746 τῆς
801 1694 972 1749 φθορᾶς
1001 1692 1279 1748 παραδίδοται
1296 1688 1411 1734 λύσει
1432 1692 1500 1733 καὶ
1523 1690 1577 1734 τὰ
1599 1695 1674 1747 τῆς

173 1762 401 1819 κρείττονος
428 1763 634 1817 διαγωγῆς
658 1758 953 1803 πολιτεύεται.”

313 1834 389 1890 Τῷ
411 1829 436 1871 ι’
460 1829 539 1873 ἔτει
559 1833 634 1874 τοῦ
649 1827 835 1886 χαγάνου
855 1824 1102 1877 ἐπελθόντος
1123 1826 1230 1870 κατὰ
1252 1826 1300 1871 τὸ
1320 1827 1517 1886 Σίρμιον,
1547 1826 1570 1871 ὃ
1586 1833 1672 1884 βα-

261 1950 286 1986 9
314 1949 490 1996 ἱστοριῶν
501 1949 522 1986 7

171 2053 284 2088 cauda
307 2053 417 2100 piscis
440 2058 538 2090 testa
558 2053 684 2090 intecti
708 2057 813 2090 enata
834 2057 926 2090 erat.
974 2053 1099 2090 eodem
1118 2052 1178 2089 die
1199 2053 1297 2089 canis
1316 2063 1458 2101 quoque
1476 2065 1541 2090 sex
1559 2056 1673 2102 pedes

169 2099 304 2136 habens
331 2107 369 2136 et
390 2108 497 2147 caput
519 2102 697 2137 leoninum
721 2107 825 2137 natus
849 2114 891 2136 ac
914 2100 1021 2136 valde
1044 2113 1190 2147 magnus
1214 2102 1330 2136 factus
1351 2107 1420 2138 est.
1469 2103 1594 2137 eodem
1612 2103 1673 2138 die

169 2158 282 2192 equus
305 2148 410 2183 etiam
435 2149 681 2195 imperatoris,
715 2149 778 2194 qui
799 2148 918 2183 aureis
942 2148 1099 2195 phaleris
1123 2153 1202 2183 erat
1224 2154 1392 2194 ornatus,
1426 2149 1584 2193 concidit
1610 2162 1671 2184 su-

168 2193 246 2228 bito
272 2199 380 2240 atque
404 2202 529 2241 ruptus
554 2201 623 2231 est.
671 2196 760 2230 haec
784 2195 900 2230 omnia
923 2194 1119 2240 imperator
1149 2194 1276 2229 ominis
1299 2195 1380 2229 loco
1406 2195 1539 2230 ducens
1563 2196 1672 2231 animi

168 2241 387 2285 angebatur3
413 2247 450 2277 et
472 2242 616 2288 cognito
641 2242 780 2289 legatos
802 2241 994 2277 Persarum
1018 2254 1060 2277 ac
1082 2243 1302 2277 Francorum
1324 2242 1537 2287 Byzantium
1555 2255 1671 2289 appu-

168 2285 272 2332 lisse,
298 2287 336 2322 in
360 2288 496 2334 regiam
520 2289 642 2324 rediit.

263 2334 436 2380 Sequitur
458 2348 502 2370 ex
526 2335 686 2370 historiis
710 2334 898 2370 Simocatti
927 2333 1042 2369 oratio
1073 2333 1257 2370 Chosroae
1279 2334 1469 2370 Persarum
1501 2336 1598 2381 regis
1623 2336 1669 2371 ad

166 2379 336 2415 Ioannem
368 2382 492 2416 ducem
523 2383 781 2426 Romanorum,
816 2381 879 2427 qui
911 2380 1039 2415 missus
1063 2380 1099 2416 ei
1123 2382 1332 2428 opitulatum
1355 2394 1377 2417 a
1400 2382 1577 2418 Mauricio
1601 2382 1666 2417 im-

166 2433 337 2472 peratore
358 2439 487 2463 sannas
511 2428 549 2464 in
570 2441 693 2474 regem
715 2428 865 2463 iecerat.
913 2423 1030 2462 “nisi’'
1054 2427 1172 2473 inquit
1193 2424 1297 2474 “ipsa
1319 2429 1491 2475 temporis
1515 2430 1609 2465 ratio
1633 2430 1672 2464 in

168 2484 234 2507 nos
257 2475 484 2519 tyrannidem
510 2481 715 2520 exerceret,
753 2486 931 2519 nunquam
955 2474 1119 2520 profecto
1145 2480 1203 2519 tu,
1240 2487 1261 2509 o
1291 2475 1385 2520 duur,
1420 2477 1571 2511 auderes
1596 2488 1670 2511 ma-

166 2531 274 2564 gnum
300 2521 396 2556 inter
420 2522 579 2557 homines
603 2534 725 2568 regem
749 2522 983 2556 subsannare.
1033 2532 1126 2555 nunc
1150 2521 1234 2567 quia
1258 2533 1430 2566 praesens
1451 2535 1569 2558 rerum
1592 2528 1670 2558 sta—

167 2572 226 2600 tus
252 2571 288 2601 te
314 2570 505 2614 superbum
531 2569 672 2615 reddit,
708 2567 793 2603 audi
824 2568 909 2613 quid
934 2568 979 2602 de
1002 2568 1123 2602 futuro
1155 2567 1206 2602 dii
1238 2568 1444 2604 statuerint.
1492 2569 1546 2604 sic
1575 2570 1670 2604 habe

164 2612 386 2649 calamitates
410 2615 448 2649 in
471 2627 536 2650 vos
561 2617 740 2651 Romanos
763 2614 1034 2658 redundabunt,
1058 2626 1101 2649 ac
1125 2626 1192 2660 per
1213 2619 1288 2649 tres
1312 2615 1503 2650 circulares
1522 2622 1670 2662 septen-

166 2658 264 2693 nales
288 2672 459 2695 annorum
483 2663 738 2697 conversiones
763 2660 984 2705 Babylonica
1016 2672 1104 2706 gens
1131 2661 1311 2695 Romanae
1335 2662 1388 2696 rei
1414 2662 1578 2708 publicae
1602 2664 1669 2698 do-

165 2704 370 2741 minabitur.
417 2708 502 2743 inde
533 2721 600 2755 per
630 2709 788 2755 quinque
812 2718 982 2742 annorum
1013 2707 1236 2753 septenarios
1259 2708 1412 2743 Romani
1434 2709 1566 2745 Persas
1589 2722 1668 2744 ser-

163 2750 253 2785 vitio
290 2754 472 2797 premetis.
523 2756 576 2789 his
602 2755 825 2790 circumactis
852 2754 930 2789 dies
956 2765 1132 2800 vesperae
1159 2765 1287 2800 expers
1314 2754 1515 2791 hominibus
1540 2756 1666 2791 illuce-

162 2802 240 2832 scet
275 2805 588 2847 exspectatumque
622 2813 768 2847 reguum
800 2800 926 2835 inibit:
965 2805 1051 2836 tunc
1079 2800 1246 2836 interitus
1270 2801 1368 2837 nulla
1390 2802 1463 2838 erit
1483 2803 1666 2849 memoria,

162 2848 201 2879 et
223 2844 300 2879 vita
324 2846 527 2882 melioribus
551 2848 727 2884 institutis
752 2843 919 2892 agetur.''

255 2889 357 2926 Anno
390 2893 546 2940 decimo,
582 2907 662 2931 cum
693 2894 886 2940 chaganus
921 2893 1018 2941 apud
1053 2892 1222 2929 Sirmium
1258 2893 1438 2942 irrueret,
1471 2895 1665 2943 imperator
