1742 3184
344 131 347 134 ’
375 154 776 200 HISTORJARUM
811 155 1203 200 commumoni.
1438 155 1535 203 127

50 274 118 317 καὶ
143 271 303 330 Ἀαρὼν
331 270 438 316 κατὰ
466 272 638 327 Mos-’027
668 270 797 314 ἕνεκεν
825 274 900 327 τῆς
924 269 1115 327 γυναικὸς
1140 274 1215 326 τῆς
1236 270 1536 326 Αἲθιοπίσσης,

49 342 100 400 ἢν
132 342 252 396 ἔλαβε
283 344 498 397 ΖΫΙωϋσῆς,
533 339 595 384 ὅτι
622 348 795 398 γυναῖκα
817 339 1106 385 Λῖθιόπισσαν
1127 339 1262 395 ἔλαβε.
1333 341 1400 382 καὶ
1425 338 1535 383 εἶπον

45 411 121 468 ‘pavi
150 415 322 470 Μωιίσῇ
354 410 468 470 μόνῳ
501 409 696 466 ἐλάλησεν
725 408 746 453 ὅ
778 410 941 469 κύριοςς
988 410 1079 466 οὐχὶ
1100 411 1166 454 καὶ
1191 408 1290 466 ἡμῖν
1313 407 1485 466 ἐλάλησε
1502 410 1537 464 ,·'

50 485 118 525 καὶ
140 482 288 538 ἤκουσε
304 481 458 540 κύριος.
484 483 551 530 καὶ
576 479 598 522 ὃ
620 479 844 538 ἄνθρωπος
861 483 1056 537 Μωῢσῆς
1074 478 1218 538 πράως
1236 478 1405 538 σφόδρα
1426 478 1538 536 παρὰ

17 550 207 603 ὃπάντας
225 550 475 609 ἀνθρώπους
497 550 593 602 τοὺς
612 549 733 601 ὄντας
755 552 819 594 ἐπὶ
840 556 914 607 τῆς
935 555 1024 608 γῆς.
1093 552 1162 594 καὶ
1186 548 1269 593 εἶπε
1293 549 1434 608 κύριος
1454 568 1536 592 πα-
1559 558 1593 593 D

51 626 248 679 ραχρῆμα
273 621 376 679 πρὸς
393 623 588 676 Mona-'aqu
617 621 685 663 καὶ
706 619 867 679 Ἀαρὼν
896 622 965 664 καὶ
991 619 1178 679 Μαριάμ
1199 618 1402 672 ‘iffi-9212
1425 617 1543 674 ὑμεῖς

52 691 90 734 οἱ
115 698 222 749 τρεῖς
251 693 308 742 εἷς
340 690 414 746 τὴν
445 690 596 746 σκηνὴν
626 694 701 733 τοῦ
725 690 989 749 μαρτυρίου.’
1062 693 1129 733 καὶ
1158 692 1334 746 ἐξῆλθον
1364 690 1403 733 οἱ
1435 698 1543 747 τρεῖς

51 762 190 804 ἐκεῖσε.
261 762 328 804 καὶ
359 761 511 816 κατέβη
540 759 680 817 κύριος
707 761 749 803 ἐν
777 760 914 819 στύλῳ
942 761 1134 819 νεφέλης,
1181 762 1250 803 καὶ
1269 760 1364 816 ἵστη
1385 761 1449 802 ἐπὶ
1469 766 1542 816 τῆς

50 829 190 888 θύρας
207 835 282 886 τῆς
302 835 455 886 σκηνῆς
474 835 548 873 τοῦ
565 831 820 888 μαρτυρίου,
869 832 936 873 καὶ
960 828 1118 886 ἐκλήθη
1137 833 1332 887 Μωῦσῆς
1351 832 1419 873 καὶ
1439 830 1540 874 Ἀα-

0 899 150 957 Ιθρῶν,
186 902 256 943 καὶ
286 901 462 956 ἐξῆλθον
489 899 741 958 ἀμφότεροι,
786 902 854 943 καὶ
886 899 968 944 εἶπε
1001 901 1104 957 πρὸς
1139 900 1290 952 αὐτούς
1319 898 1540 944 ςἀκούσατε

49 971 120 1012 τὸν
147 969 267 1027 λόγον
292 988 388 1025 μου.
459 970 530 1013 ἐὰν
558 971 721 1027 γένηται
751 969 968 1028 προφήτης
988 968 1086 1025 ὖμῖν
1105 972 1256 1030 κυρίῳ,
1299 973 1340 1014 ἐν
1361 968 1540 1027 δράματι

51 1039 164 1098 αὐτῷ
194 1039 491 1097 γνωσθήσομαι
530 1042 596 1083 καὶ
628 1041 670 1083 ἐν
699 1039 812 1099 ὕπνῳ
844 1039 1012 1095 λαλήσω
1034 1040 1161 1099 αὐτῷ.
1234 1039 1461 1099 οὖχιοῧτως
1486 1038 1542 1092 ὡς

49 1108 247 1165 θεράπων
258 1126 340 1165 μου
357 1112 546 1166 Μωϋσῆς
560 1111 600 1152 ἐν
615 1109 697 1169 ὅλῳ
716 1115 774 1169 τῷ
793 1111 889 1168 οἴκῳ
902 1128 984 1165 μου
1000 1109 1254 1161 πιστόςέστι.
1289 1109 1423 1165 στόμα
1437 1111 1542 1168 πρὸς

50 1178 186 1235 στόμα
202 1178 369 1235 λαλήσω
390 1180 516 1238 αὐτῷ,
543 1181 585 1223 ἐν
603 1180 697 1222 εἴδει
717 1182 784 1223 καὶ
808 1181 856 1222 οὐ
878 1181 928 1222 δι’
950 1179 1212 1237 αἶνιγμάτων,
1238 1182 1306 1223 καὶ
1325 1180 1398 1236 τὴν
1417 1180 1542 1231 δόξαν

0 1259 39 1297 15
51 1251 193 1307 κυρίου
230 1249 323 1292 εἶδε.
392 1251 461 1292 καὶ
490 1252 602 1292 διατί
630 1250 703 1293 οὐκ
735 1249 974 1307 ἐφοβήθητε
1005 1254 1289 1306 καταλαλῆσαι
1326 1251 1431 1293 κατὰ
1466 1255 1541 1294 τοῦ
1564 1258 1594 1293 Ρ
1616 1260 1662 1295 72

50 1317 309 1376 θεράποντάς
329 1335 412 1373 μου
434 1319 647 1375 ΒῚωῦσῆ;’
696 1321 765 1362 καὶ
798 1319 898 1376 ὀργὴ
932 1324 1074 1374 θυμοῦ
1106 1322 1249 1377 κυρίου
1279 1320 1344 1363 ἐπ’
1378 1319 1542 1371 αὐτούς.

50 1390 118 1431 καὶ
140 1389 358 1445 ἀπῆλθον,
404 1391 471 1432 καὶ
504 1387 541 1445 ’ἦ
559 1390 706 1446 νεφέλη
733 1389 887 1445 ἀπέστη
921 1390 1002 1432 ἀπὸ
1038 1395 1111 1445 τῆς
1141 1395 1320 1446 σκηνῆς,
1354 1392 1423 1432 καὶ
1451 1391 1542 1433 ἰδοὺ

50 1459 205 1516 ΖΙΙαριά
225 1462 416 1516 λεπρῶσα
435 1456 529 1502 ὡσεὶ
544 1457 660 1513 χιών.
701 1460 767 1501 καὶ
791 1460 1015 1514 ἐπέβλεψεν
1033 1459 1191 1518 Ἀαρὼν
1215 1460 1319 1517 πρὸς
1342 1459 1544 1518 Μαριάμ,

49 1529 118 1570 καὶ
139 1527 231 1573 ἰδοὺ
257 1532 463 1585 λεπρῶσα.
531 1530 599 1570 καὶ
621 1527 726 1571 εἶπεν
741 1528 901 1586 Ἀαρὼν
924 1528 1029 1586 πρὸς
1047 1532 1242 1585 Μωϋσῆν
1264 1528 1443 1585 (ὀίομαι,
1470 1528 1546 1573 κί’-

0 1607 138 1654 Ξοριε,
172 1597 230 1653 μὴ
256 1602 504 1655 συνεπιτεθῇ
531 1596 628 1653 ἧμῖν
654 1596 679 1654 ἢ
714 1595 897 1657 ἁμαρτία
907 1630 921 1650 ,
964 1597 1071 1642 διότι
1108 1598 1364 1656 ἧγνοήσαμεν
1392 1598 1546 1643 καθότι

50 1665 302 1724 ἡμάρτομεν.
370 1667 429 1723 μὴ
453 1668 614 1724 γένηται
639 1666 695 1719 ὡς
722 1668 808 1711 ἴσον
831 1666 1020 1711 θανάτου
1033 1701 1047 1721 ,
1084 1666 1179 1712 ὡσεὶ
1204 1669 1393 1727 ἐκτρωμα
1420 1671 1546 1713 ἐκπο-

51 1735 269 1794 ρευόμενον
288 1737 332 1780 ἐκ
353 1736 516 1795 μήτρας
533 1737 692 1794 μητρός
703 1770 715 1790 ,
749 1740 816 1780 καὶ
832 1739 1033 1796 κατεσθίῃ
1054 1737 1101 1781 τὸ
1125 1738 1253 1794 ἣμισυ
1276 1744 1358 1783 τῶν
1382 1745 1546 1797 σαρκῶν

51 1807 208 1862 αὖτῆς.’
281 1808 348 1850 καὶ
370 1806 515 1863 ἐβόησε
540 1810 734 1862 Μωῦσῆς
755 1808 859 1865 πρὸς
877 1806 1032 1865 κύριον,
1069 1809 1195 1865 λέγων
1224 1807 1266 1852 ‘6
1294 1808 1415 1861 θεός,
1453 1811 1545 1853 δέο-

49 1877 130 1932 μαί
149 1894 240 1929 σου,
272 1877 386 1919 ἴασαι
408 1876 568 1933 αὐτήν.ι
608 1879 675 1920 καὶ
697 1876 779 1921 εἷπε
801 1876 942 1933 κύριος
962 1879 1066 1936 πρὸς
1086 1881 1280 1938 ΠΙωῦσῆν
1297 1877 1351 1934 ‘si
1368 1877 1388 1922 ὃ
1409 1879 1544 1938 πατὴρ

47 1998 115 2021 ron
137 1990 175 2021 et
190 1985 309 2021 Maria
328 1986 424 2021 Mosi
446 1991 595 2033 propter
618 1999 763 2022 uxorem
788 1986 1069 2034 Aethiopissam,
1107 1999 1210 2035 quam
1235 1989 1357 2025 Moses
1381 1990 1545 2027 duxerat.

49 2044 93 2068 ac
116 2032 302 2078 dixerunt,
340 2045 432 2068 anne
454 2033 521 2068 soii
542 2033 637 2068 Mosi
661 2034 769 2079 deus,
796 2046 841 2069 an
865 2046 935 2069 non
960 2035 1067 2070 etiam
1092 2036 1274 2071 nobiscum
1296 2036 1434 2071 locutus
1460 2040 1545 2073 est‘}

49 2079 192 2115 audivit
213 2079 302 2115 haec
327 2080 503 2115 dominus.
552 2092 594 2115 ac
618 2081 740 2115 Moses
767 2081 908 2127 quidem
943 2094 986 2117 ea
1019 2087 1098 2117 erat
1130 2083 1237 2117 animi
1261 2084 1542 2129 mansuetudine,

50 2132 92 2162 ut
112 2126 150 2161 in
174 2131 272 2161 terra
293 2127 442 2172 perinde
462 2134 662 2162 mansuetus
683 2140 753 2162 non
776 2133 934 2163 exstaret
958 2129 1061 2163 alius.
1094 2128 1190 2164 illico
1212 2136 1329 2165 autem
1354 2131 1440 2164 deus
1460 2131 1541 2165 Mo—

50 2184 125 2208 sem
149 2173 325 2208 Aaronem
358 2179 396 2208 et
424 2173 575 2209 Mariam
609 2174 715 2209 iussit
745 2175 844 2211 exire
875 2176 920 2210 ad
950 2176 1212 2211 tabernaculum
1240 2177 1449 2212 testimonii.
1499 2190 1542 2212 eo

50 2220 147 2255 facto
173 2220 359 2255 descendit
380 2221 467 2255 deus
491 2220 527 2256 in
551 2220 709 2256 columna
732 2222 847 2267 nubis,
873 2222 1082 2268 adstititque
1106 2223 1142 2257 in
1167 2223 1303 2258 foribus
1322 2224 1544 2259 tabernaculi

51 2266 179 2310 istius,
216 2272 253 2301 et
273 2266 448 2301 Aaronem
473 2279 516 2302 ac
540 2268 690 2303 Mariam
715 2269 893 2304 evocavit.
942 2269 987 2304 iis
1010 2271 1164 2315 egressis
1188 2270 1240 2305 ita
1261 2275 1317 2304 est
1336 2271 1455 2305 fatus:
1479 2282 1547 2305 au-

52 2312 203 2348 scultate
226 2314 381 2348 sermoni
402 2326 494 2349 meo.
542 2314 575 2349 si
598 2315 678 2361 quis
704 2322 860 2351 vestrum
889 2322 991 2351 vates
1020 2329 1041 2351 a
1065 2329 1120 2352 me
1145 2316 1393 2362 usurpabitur,
1430 2316 1465 2352 ei
1489 2329 1545 2352 me

51 2371 117 2406 per
135 2359 309 2395 visionem
332 2361 614 2406 cognoscendum
635 2363 728 2397 dabo
750 2362 858 2409 inque
878 2363 1008 2398 somnis
1030 2363 1064 2397 ei
1083 2363 1221 2409 loquar.
1270 2375 1373 2398 secus
1397 2376 1455 2398 res
1480 2364 1546 2399 ha-

51 2407 115 2441 bet
138 2418 214 2441 cum
239 2406 369 2442 famulo
395 2420 471 2442 meo
493 2407 606 2453 Mose,
635 2408 697 2455 qui
720 2409 759 2443 in
786 2415 863 2444 tota
885 2422 962 2445 mea
987 2410 1089 2444 domo
1116 2410 1202 2444 mihi
1228 2409 1345 2444 fidelis
1371 2416 1440 2445 est.
1467 2423 1546 2446 cum

52 2465 96 2488 eo
121 2453 295 2489 verbatim
319 2466 360 2489 ac
384 2454 518 2489 diserte
536 2454 671 2501 loquar,
698 2463 822 2502 aperte
846 2463 884 2491 et
907 2469 978 2491 non
1004 2469 1067 2503 per
1085 2457 1269 2491 involucra
1287 2458 1480 2500 sermonis3
1509 2464 1546 2494 et

50 2499 198 2546 gloriam
222 2501 355 2536 domini
379 2501 485 2536 vidit.
533 2513 596 2536 cur
627 2501 748 2548 itaque
780 2516 850 2538 non
885 2503 1035 2538 reveriti
1069 2503 1155 2539 estis
1188 2503 1317 2538 famulo
1349 2516 1427 2539 meo
1449 2504 1544 2540 Mosi

53 2544 252 2592 obloqui?
275 2554 384 2594 atque
402 2549 458 2583 ira
481 2547 540 2583 dei
564 2549 734 2584 adversus
751 2550 849 2596 ipsos
870 2551 1070 2594 excanduit,
1095 2550 1212 2596 iisque
1231 2550 1411 2596 degressis
1430 2552 1545 2587 nubes

53 2605 76 2628 a
98 2595 328 2630 tabernaculo
354 2595 458 2631 abiit.
519 2601 627 2641 atque
651 2608 735 2631 ecce
759 2597 910 2632 Mariam
932 2597 1033 2642 lepra
1056 2597 1108 2632 ita
1131 2597 1280 2632 obduxit
1303 2603 1343 2633 ut
1366 2598 1460 2633 nivis
1485 2598 1543 2633 in-

52 2647 129 2681 star
151 2640 232 2676 alba
256 2648 365 2678 esset.
413 2653 517 2688 quam
541 2642 690 2678 intuitus
708 2644 849 2688 Aaron,
874 2655 950 2678 cum
969 2644 1070 2691 lepra
1093 2644 1261 2679 infectam
1281 2651 1462 2690 cerneret,
1491 2645 1544 2681 ita

53 2693 110 2722 est
134 2687 270 2723 Mosem
292 2689 461 2724 allocutus
495 2685 682 2734 “domine,
719 2702 845 2736 precor
869 2703 913 2725 ne
937 2691 1004 2725 hoc
1028 2696 1185 2726 nostrum
1208 2698 1392 2737 peccatum
1415 2693 1453 2728 in
1478 2705 1543 2729 nos

53 2734 376 2779 animadvertatur,
399 2736 495 2782 quod
518 2748 582 2779 per
604 2736 862 2782 ignorationem
886 2737 1139 2781 commisimus,
1164 2750 1210 2773 ne
1233 2738 1284 2773 sit
1302 2739 1419 2775 Maria
1442 2740 1543 2775 simi-

51 2779 96 2815 lis
122 2783 288 2817 cadaveri
311 2788 374 2818 aut
396 2782 558 2818 abortivo
585 2784 722 2829 partui:
762 2785 894 2831 quippe
916 2784 1063 2820 dimidia
1087 2796 1170 2831 pars
1194 2785 1351 2821 carnium
1376 2787 1454 2822 eius
1476 2788 1543 2822 ab-

51 2834 190 2875 sumpta
213 2825 304 2864 est.'’
352 2829 568 2865 vociferatus
594 2842 678 2875 crgo
703 2836 761 2866 est
783 2832 915 2880 Moses·
927 2832 972 2866 ad
992 2832 1188 2877 dominum,
1214 2833 1463 2880 flagitavitque
1489 2834 1541 2869 uti

54 2886 130 2910 eam
163 2876 250 2912 deus
281 2883 438 2913 sanaret.
487 2877 544 2912 cui
578 2878 763 2924 respondit
789 2880 875 2913 deus
908 2874 975 2913 '‘an
998 2891 1060 2925 ea,
1094 2879 1126 2914 si
1147 2880 1275 2923 faciem
1301 2880 1413 2928 ipsius
1437 2887 1542 2928 pater
