1742 3184
405 154 806 221 msromstum
833 159 1227 209 COMPENDIUM.
1457 161 1559 210 665

86 294 169 322 των
191 279 261 323 καὶ
278 275 536 336 ὅμοφρόνων,
570 274 847 336 παρεσκεύασε
871 276 945 334 τὴν
966 273 1195 335 ὀρθόδοξον
1216 275 1348 321 πίστιν
1367 275 1559 335 κηρύττε-

86 352 205 390 σθαι.
271 349 342 392 καὶ
358 346 588 399 ,Θεοδόσιος
617 349 663 392 δὲ
690 345 712 391 ὃ
740 348 827 399 νέος
843 352 918 391 τοῦ
937 347 1113 402 ἀσεβοῦς
1132 347 1357 405 Αζεστορίου
1377 348 1560 403 λέγοντος

87 415 213 465 ἄλλον
239 414 339 460 εἶναι
364 417 435 460 τὸν
459 417 561 460 θεὸν
589 415 709 474 λόγον
737 418 807 460 καὶ
835 416 960 460 ἄλλον
980 416 1052 459 τὸν
1065 413 1266 474 λ’ριστόν,
1302 418 1369 458 καὶ
1393 416 1463 459 τὸν
1486 418 1560 472 μὲν

87 485 207 544 φύσει
235 486 326 528 υἱὸν
353 490 428 530 τοῦ
450 490 555 529 θεοῦ
577 489 644 529 καὶ
666 487 823 544 πατρὸς
842 485 912 529 τὸν
935 486 980 528 δὲ
997 483 1137 543 χάριτι
1157 485 1248 528 υἱὸν
1267 485 1428 539 ἀσεβῶς
1450 485 1561 529 εἰσά-

52 567 241 612 5γοντος,
275 557 344 598 καὶ
364 556 440 611 τὴν
465 553 583 612 ἆγίαν
601 557 778 612 Μαρίαν
799 554 899 599 εἶναι
917 554 1116 599 θεοτόκον
1139 554 1403 615 ἀρνουμένον,
1433 573 1561 598 συνα-

84 624 220 682 γαγὼν
254 624 328 681 τὴν
363 625 564 682 προτέραν
595 625 638 668 ἐν
666 624 826 684 Ἐφέσῳ
856 629 939 668 τῶν
968 626 1185 681 διακοσίων
1219 622 1345 680 ἁγίων
1373 626 1559 682 πατέρων

83 693 257 738 σύνοδον
279 695 347 736 καὶ
374 694 617 746 ἀποστείλας
636 693 837 752 ἄρχοντας
854 695 1092 752 ὀφείλοντας
1109 700 1294 751 παρεῖναι
1315 698 1369 751 τῇ
1384 693 1560 753 συνόδῳ,

83 764 305 821 προσέταξε
338 765 407 806 καὶ
429 763 500 807 τὸν
519 762 743 821 Νεστόριον
764 765 1069 821 παραγενέσθαι
1093 765 1162 806 καὶ
1192 764 1323 820 κρίσιν
1345 765 1410 805 ἐπ’
1436 753 1560 807 αὐτὸν

82 833 302 889 γενέσθαι,
356 834 426 876 καὶ
462 833 513 888 δὴ
546 833 760 889 γενομένης
798 833 994 890 ἀκριβοῦς
1033 832 1249 884 ἐξετάσεως
1289 834 1559 877 κατεδίκασαν
1581 845 1614 882 c

27 913 74 950 10
83 900 401 960 Νεστόριον,καὶ
423 901 726 957 ἀνεθεμάτισαν
744 903 820 946 σὺν
839 909 924 953 τοῖς
945 900 1174 960 ὁμόφροσιν
1197 903 1337 944 αὐτοῦ.
1405 902 1561 946 τούτων

82 973 128 1016 δὲ
142 972 252 1020 οὕτω
271 971 572 1029 προελθόντων,
607 970 903 1022 ἐπαναστάντες
920 973 1114 1029 Κυρίλλῳ
1132 975 1190 1029 τῷ
1209 970 1505 1029 πανοσιωτάτῳ
1520 972 1560 1015 οἱ

79 1045 154 1097 τῆς
178 1042 388 1098 ἐξαγίστου
419 1043 647 1098 Νεστοριόυ
675 1043 843 1099 μερίδος
873 1039 1133 1084 ἐσπούδασαν
1166 1038 1213 1082 τό
1245 1057 1288 1096 γε
1317 1040 1384 1083 ἐπ’
1416 1041 1556 1092 αὐτοῖς
1583 1078 1586 1083 ,

81 1111 310 1168 ἀνατρέψαι
329 1111 403 1166 τὴν
424 1110 529 1154 κατὰ
551 1112 778 1168 Νεστοριόυ
796 1111 1059 1166 γεγενημένην
1080 1111 1240 1166 κρι’σιν.,
1294 1110 1388 1152 ἀλλ’
1420 1104 1492 1153 οὖν
1508 1127 1553 1166 γε

84 1178 307 1231 Θεοδόσιος
319 1178 341 1223 ὁ
353 1180 550 1235 βασιλεὺς
563 1179 959 1235 ἀντιλαμβανόμενος
969 1184 1049 1222 τῶν
1063 1178 1189 1229 ὄντως
1200 1178 1339 1236 ὀρθῶν
1354 1179 1459 1222 κατὰ
1467 1183 1515 1223 Ν
1512 1197 1554 1223 ε·-

26 1258 69 1296 15
80 1251 244 1307 στορίου
262 1251 332 1292 καὶ
349 1254 430 1294 τῶν
449 1254 636 1308 πονηρῶν
651 1249 777 1292 αὐτοῦ
792 1246 1006 1305 δογμάτων
1019 1249 1256 1305 κριθέντων,
1275 1247 1551 1304 παρεσκεύασε

77 1325 239 1378 κρατεῖν
257 1320 450 1376 γενναίως
470 1319 543 1374 τὴν
568 1319 634 1361 ἐπ’
659 1318 772 1377 αὐτῷ
790 1319 1051 1375 γεγενημένην
1068 1319 1212 1375 κρίσιν.
1258 1319 1326 1359 καὶ
1347 1317 1426 1374 γὰρ
1451 1317 1553 1375 πρὸς

76 1388 236 1440 τούτοις
256 1390 326 1433 καὶ
346 1389 453 1431 ἄλλα
472 1388 562 1432 τινὰ
582 1388 687 1432 κατὰ
708 1393 781 1431 τοῦ
798 1389 918 1430 θείου
942 1389 1150 1444 Κυρίλλου
1172 1385 1275 1443 πρὸς
1292 1386 1362 1428 τὸν
1379 1388 1556 1446 βασιλέα

76 1456 531 1517 καταφλυαρησάντων,
564 1456 715 1516 γράφει
737 1457 841 1514 πρὸς
862 1456 932 1499 τὸν
951 1457 1126 1510 βασιλέα
1149 1454 1354 1512 Κύριλλος
1371 1461 1555 1499 τοιαῦτα.

69 1526 313 1587 “ε’πειδήπερ
345 1526 560 1583 ἐπυθόμην
569 1559 583 1580 ,
630 1521 663 1569 ὦ
696 1526 955 1580 εὖσεβέστατε
986 1529 1178 1580 βασιλεῦ,
1214 1529 1296 1567 τῶν
1327 1529 1556 1582 ᾳιλολογεῖν

19 1596 287 1646 ἰθεῖωθότων
310 1597 425 1649 τινὰς
446 1598 597 1655 ἀγρίων
615 1600 785 1654 σφηκῶν
809 1597 924 1651 δίκην
945 1599 1205 1652 περιβομβεῖν
1225 1596 1292 1636 καὶ
1311 1594 1552 1652 μοχθηροὺς
1574 1607 1606 1642 D

75 1665 317 1725 ἓρεῦγεσθαι
347 1669 439 1711 κατ’
473 1669 575 1721 ἐμοῦ
600 1664 770 1722 λόγους,
817 1664 874 1716 ὥς
892 1666 934 1716 ἐξ
958 1665 1138 1721 οὐρανοῦ
1157 1664 1462 1717 κατακομισθὲν
1483 1666 1554 1719 καὶ

76 1738 150 1780 οὐκ
170 1738 215 1781 ἐκ
233 1742 308 1792 τῆς
327 1735 448 1801 ᾇγιάς
464 1736 676 1794 παρθένου
694 1735 882 1791 λέγοντος
900 1734 947 1778 τὸ
970 1738 1086 1776 θεῖόν
1107 1738 1227 1788 σῶμα
1247 1734 1450 1789 Χριστοῦ,
1484 1735 1555 1775 καὶ

72 1807 209 1862 μέντοι
231 1808 299 1849 καὶ
325 1804 400 1868 δύο
425 1806 541 1857 υἱοὺς
561 1805 667 1848 κατὰ
689 1802 914 1862 Νεστόριον
946 1801 1157 1859 ὁμολογεῖν
1175 1800 1293 1858 ,ἡμᾶς
1320 1801 1555 1860 κατεφλυά..

167 1904 214 1940 16
234 1904 285 1939 al.
312 1902 476 1950 βεβαίως
498 1913 619 1948 margo
642 1901 672 1936 P

71 1983 191 2030 impiis
214 1983 440 2030 opinionibus
464 1986 502 2017 et
526 1981 763 2016 sectatoribus
781 1979 936 2016 damnati
959 1977 1270 2022 communioneque
1293 1976 1464 2012 ecclesiae
1487 1989 1551 2013 ex-

72 2031 159 2065 clusi
182 2036 323 2072 essent,
353 2040 471 2063 curam
496 2028 658 2062 adhibuit
679 2034 720 2061 ut
741 2039 851 2061 verae
873 2026 959 2061 fidei
983 2024 1142 2059 doctrina
1164 2023 1439 2069 praedicaretur.
1488 2025 1551 2059 sed

70 2083 110 2113 et
131 2076 355 2112 Theodosius
380 2075 512 2118 minor,
546 2086 623 2108 cum
654 2073 781 2118 impius
813 2071 1003 2107 Nestorius
1037 2071 1174 2106 diceret
1205 2069 1310 2103 alium
1345 2082 1424 2105 esse
1446 2071 1550 2105 deum

69 2125 239 2167 verbum,
273 2122 379 2158 alium
410 2121 611 2164 Christum,
645 2132 687 2154 ac
717 2120 862 2153 verbum
896 2118 1035 2164 quidem
1066 2122 1192 2151 natura
1224 2127 1303 2150 esse
1336 2116 1446 2151 filium
1478 2116 1550 2159 dei,

72 2170 252 2207 Christum
271 2175 405 2204 tantum
429 2179 474 2203 ex
497 2168 615 2212 gratia
637 2165 745 2212 impie
769 2170 976 2208 autumaret,
1002 2168 1217 2207 negaretque
1239 2163 1377 2196 beatam
1398 2162 1550 2196 Mariam

70 2229 150 2252 esse
173 2216 233 2252 dei
254 2215 483 2262 genitricem,
516 2213 669 2259 priorem
699 2218 853 2246 sanctam
876 2210 1093 2257 Ephesinam
1126 2208 1297 2253 synodum
1318 2209 1390 2243 200
1410 2214 1550 2253 patrum

69 2264 306 2307 convocavit,
341 2261 458 2296 missis
481 2260 543 2305 qui
566 2259 601 2294 ei
623 2259 837 2293 interessent
858 2256 1073 2303 praesectis,
1097 2253 1206 2289 citato
1230 2254 1333 2288 etiam
1357 2255 1400 2288 ad
1424 2254 1549 2288 dicen-

69 2311 148 2346 dam
171 2321 312 2346 causam
335 2307 517 2343 Neston-io.
564 2318 605 2341 re
628 2304 898 2350 diligentissime
927 2303 1070 2347 cognita
1091 2299 1279 2336 Nestorius
1310 2306 1349 2352 et
1378 2300 1454 2335 eius
1487 2312 1548 2353 se-

70 2362 224 2392 ctatores
251 2354 407 2390 damnati
429 2358 524 2389 sunt.
572 2364 614 2387 re
644 2352 711 2386 hoc
743 2351 843 2386 modo
878 2350 1108 2396 procedente,
1143 2353 1265 2381 contra
1294 2346 1550 2382 sanctissimum

69 2403 240 2448 cyrinum
273 2403 541 2437 insurrexerunt
574 2398 635 2444 qui
659 2404 760 2433 erant
783 2409 806 2432 a
828 2404 932 2443 parte
954 2393 1172 2430 detestabilis
1194 2393 1377 2441 Nestorii,
1412 2393 1549 2427 conati-

69 2461 139 2495 que
169 2455 253 2484 sunt
284 2450 475 2494 (quantum
508 2446 547 2479 in
579 2444 668 2491 ipsis
702 2444 804 2488 erat)
839 2443 1042 2478 rescindere
1065 2439 1273 2475 sententiam
1298 2451 1389 2487 quae
1412 2438 1552 2474 eratin

68 2497 276 2532 Nestorium
306 2495 391 2529 lata.
439 2492 490 2527 ibi
513 2491 739 2528 Theodosius
768 2489 963 2536 defendens
995 2486 1208 2522 orthodoxos
1239 2493 1362 2520 contra
1387 2484 1551 2520 Nestorii

68 2542 276 2586 factionem,
311 2539 566 2575 damnationem
600 2537 714 2583 ipsius
743 2542 781 2571 et
811 2535 994 2582 impiarum
1026 2532 1226 2579 opinionum
1257 2543 1343 2578 quas
1367 2533 1552 2576 asserebat

67 2595 181 2624 ratam
205 2588 330 2623 haberi
353 2585 504 2621 curavit.
552 2596 630 2618 nam
653 2595 728 2618 cum
753 2581 960 2617 Nestoriani
990 2586 1175 2626 praeterea
1210 2577 1314 2613 etiam
1346 2578 1415 2612 alia
1439 2578 1551 2624 quae-

69 2636 147 2670 dam
172 2635 319 2671 erimina
343 2631 478 2678 Cyrillo
503 2631 597 2676 apud
620 2630 864 2675 imperatorem
890 2627 1076 2672 nugaciter
1102 2625 1357 2672 impingerent,
1393 2624 1439 2659 ad
1472 2636 1551 2660 eum

70 2681 227 2726 cyrillus
250 2681 286 2716 in
308 2681 399 2715 hanc
417 2677 627 2713 sententiam
646 2675 822 2721 scripsit:
835 2680 1019 2720 postquam
1044 2672 1140 2716 mihi,
1164 2671 1323 2718 piissime
1344 2669 1550 2717 imperator,

68 2728 306 2764 renuntiatum
329 2733 396 2770 est,
420 2725 588 2770 quosdam
611 2722 771 2768 garrulos
791 2722 904 2756 instar
925 2730 1111 2765 vesparum
1135 2717 1460 2753 ferarum'susurris
1473 2716 1549 2752 suis

72 2786 177 2809 aures
199 2780 279 2810 tuas
304 2783 508 2819 personare,
531 2776 569 2806 et
591 2768 776 2803 maledicta
797 2767 834 2801 in
858 2779 913 2801 me
936 2772 1098 2809 eructare
1118 2770 1290 2809 nugantes
1313 2776 1368 2798 me
1387 2775 1550 2799 asserere

71 2821 210 2856 Christi
227 2819 383 2855 divinum
403 2828 531 2864 corpus
550 2815 648 2851 caelo
665 2814 816 2849 delatum
830 2819 868 2848 et
884 2825 954 2848 non
970 2813 1014 2846 de
1032 2816 1154 2846 sancta
1168 2810 1308 2856 virgine
1322 2804 1548 2856 assumptum,

69 2867 227 2915 itemque
248 2867 337 2903 duos
354 2865 452 2910 fiilios
475 2865 522 2900 de
545 2861 724 2906 sententia
742 2859 906 2907 Nestorii
927 2859 1101 2906 confiteri,
1126 2856 1324 2894 existimavi
1343 2857 1475 2904 debere
1492 2868 1549 2891 me

1013 2914 1025 2928 ,
1174 2912 1182 2916 .
