1742 3184
188 192 287 241 598
669 189 911 262 Gssonen
943 190 1192 237 cEDRENl

187 309 303 367 ἁγίου
332 306 562 364 πνεύματος
591 306 712 365 αἶ’γλῃ
749 303 1115 362 καταλαμπόμενος
1145 307 1214 349 καὶ
1245 310 1455 362 πανταχοῦ
1484 305 1559 358 τὰς
1590 311 1663 362 τῆς

181 378 354 438 χάριτος
373 379 538 428 ἀκτῖνας
558 378 772 431 ἐκπέμπων
792 375 897 419 κατὰ
920 376 991 418 τὸν
1008 377 1136 433 με’γαν
1161 378 1391 420 Βασίλειον.
1463 378 1563 434 φησὶ
1585 375 1663 434 γάρ

180 447 348 505 ιιῶσπερ
378 448 429 490 τὰ
461 445 630 504 λαμπρὰ
662 447 730 488 καὶ
761 446 945 503 διαφανῆ
976 450 1059 488 τῶν
1089 444 1292 500 σωμάτων
1329 445 1492 496 ἀκτῖνος
1523 445 1664 495 αὐτοῖς

184 515 436 574 ἐμπεσούσης
459 514 563 558 αὖτά
581 532 623 558 τε
640 516 789 571 γίνεται
810 518 1044 572 περιλαμπῆ
1065 516 1133 557 καὶ
1157 512 1298 572 ἑτέραν
1319 515 1448 571 αὐγὴν
1467 515 1663 557 ἀποστίλ-

132 598 162 633 Β
183 592 272 643 βει,
327 586 458 636 οὕτως
494 584 538 627 αἶ
569 583 899 642 πνευματοφόροι
930 585 1066 639 ψυχαὶ
1103 586 1405 643 ἔλλαμφθεῖσαι
1442 583 1555 641 παρὰ
1587 588 1695 628 τοῦδ

182 655 412 711 πνεύματος
433 654 559 697 αὗταί
575 671 617 697 τε
638 654 927 697 ἀποτελοῦνται
949 655 1217 708 πνευματικαὶ
1239 655 1306 696 καὶ
1333 656 1388 704 εἷς
1407 652 1569 711 ἑτέρους
1588 654 1663 708 τὴν

178 726 303 783 χάριν
322 724 694 775 ἐξαποστέλλουσιν.
765 724 953 766 ἐντεῦθεν
978 722 1208 778 μελλόντων
1229 721 1468 781 πρόγνωσις,
1504 739 1662 778 μυστη·

183 797 280 853 ρι’ων
296 793 455 844 σύνεσις
462 811 478 846 ,·
511 793 795 850 κεκρυμμένων
814 790 1068 847 κατάληψις,
1095 791 1364 848 χαρισμάτων
1383 790 1579 847 διανομή,
1615 792 1662 834 τὸ

183 860 374 920 οὐράνιον
395 864 618 917 πολίτευμα
630 895 643 915 ,
687 861 714 918 ἡ
734 862 826 917 μετ’
850 862 1030 918 ἀγγέλων
1046 863 1212 918 χορεία,
1258 859 1285 917 ἦ
1311 861 1573 916 ἀτελεύτητος
1595 861 1663 903 εὖ-

182 930 367 991 φροσύνη
378 964 390 983 ,
426 930 453 988 ἦ
474 934 519 974 ἓν
532 936 622 990 θεῷ
643 929 843 986 διαμονή,
878 929 904 987 ἡ
924 930 1027 988 πρὸς
1044 931 1145 973 θεὸν
1163 928 1356 986 ὁμοίωσις
1363 963 1378 984 ,
1415 930 1461 974 τὸ
1483 928 1662 989 ἄκρότα-
1676 936 1720 971 10

179 1019 250 1044 τον
267 1006 347 1044 τῶν
369 1001 558 1059 ὀρεκτιῦν,
593 1002 694 1044 θεὸν
716 1001 907 1057 γενέσθαι
927 1000 1033 1043 κατὰ
1045 998 1216 1057 χάριν.”

320 1069 447 1114 Μετά
479 1089 570 1114 τινα
600 1072 646 1113 δὲ
676 1070 819 1126 καιρὸν
856 1068 877 1112 ὃ
905 1073 1021 1120 θεῖος
1054 1069 1217 1124 Δανιὴλ
1253 1066 1274 1111 ὃ
1305 1069 1347 1111 ἓν
1377 1071 1437 1126 τῷ
1462 1066 1663 1126 Ἀνάπλῳ,

180 1139 441 1195 θεασάμενος
467 1139 538 1183 τὸν
566 1141 694 1197 μέγαν
717 1138 939 1194 Συμεώνην
968 1140 1036 1182 καὶ
1068 1140 1187 1182 θείου
1218 1137 1340 1193 ζήλου
1371 1141 1572 1193 πλησθεὶς
1591 1138 1664 1192 τὴν

180 1211 368 1267 καρδίαν,
404 1210 542 1252 ἐλθὼν
565 1211 607 1252 ἓν
627 1213 686 1267 τῷ
699 1207 885 1267 Ἀνάπλῳ
909 1209 1033 1264 ἔπε’βη
1056 1210 1122 1250 καὶ
1145 1207 1269 1259 αὐτὸς
1286 1211 1346 1266 τῷ
1363 1206 1499 1265 στόλῳ
1510 1240 1523 1260 ,
1560 1211 1665 1250 πολ-

127 1286 159 1320 C
183 1280 266 1321 λῶν
295 1281 362 1322 καὶ
394 1281 594 1336 μεγίστων
624 1276 856 1333 θαυμάτων
885 1277 1111 1335 αὐτουργὸς
1138 1275 1350 1333 γενόμενος
1357 1308 1371 1329 ,
1406 1275 1590 1335 διήρκεσε
1620 1278 1664 1319 δὲ
1677 1282 1720 1319 15

181 1349 224 1390 ἐν
251 1353 311 1405 τῷ
336 1350 437 1391 κίονι
462 1348 557 1406 ἄχρι
583 1353 656 1391 τοῦ
681 1347 878 1403 τετάρτου
905 1347 1020 1397 ἔτους
1049 1351 1122 1389 τοῦ
1150 1347 1353 1400 βασιλέως
1375 1347 1563 1397 Λέοντος
1592 1351 1664 1388 τοῦ

179 1417 380 1474 μεγάλου,
437 1420 504 1461 καὶ
550 1416 679 1468 οὕτως
717 1415 822 1475 πρὸς
861 1415 1002 1474 κύριον
1042 1413 1263 1470 ἐξεδήμησε
1303 1413 1462 1472 πλήρης
1491 1415 1671 1472 ἀγαθῶν·

178 1486 318 1544 ἔργων.

320 1559 393 1614 Τῷ
414 1552 474 1604 κς’
493 1553 569 1597 ε’τει
586 1554 824 1611 παρεγένετο
850 1552 1185 1604 Οὗαλεντινιανὸς
1203 1551 1284 1595 ἀπὸ
1299 1550 1461 1608 Ῥώμης
1482 1553 1524 1595 ἓν
1540 1554 1665 1597 Κων-

179 1623 531 1676 σταντινουπόλει,
568 1626 635 1666 καὶ
667 1624 787 1679 ἔγημε
815 1629 986 1679 γυναῖκα
1007 1623 1081 1677 τὴν
1101 1622 1315 1680 θυγατέρα
1340 1623 1565 1665 Θεοδοσίου
1590 1627 1666 1666 τοῦ
1675 1633 1722 1669 20

179 1695 381 1749 βασιλέως
402 1694 618 1745 Εὗδοξιάν,
642 1694 717 1747 τὴν
734 1695 775 1744 ἐξ
796 1694 999 1743 Εὐόοκίας
1019 1696 1284 1748 γεννηθεῖσαν
1302 1692 1428 1749 αὐτῷ,
1456 1694 1523 1734 καὶ
1541 1691 1664 1734 πάλιν

180 1764 410 1818 ἐπανῆλθεν
438 1764 479 1805 ἓν
503 1761 654 1819 Ῥώμῃ.
726 1764 869 1818 Κῦρος
887 1762 1064 1818 ἔπαρχος
1081 1765 1153 1816 τῆς
1177 1759 1354 1813 πόλεως,
1391 1761 1495 1818 ἀνὴρ
1520 1761 1665 1818 σοφώ-

179 1849 302 1882 τατος
321 1834 387 1874 καὶ
413 1829 570 1882 ἱκανός,
617 1830 851 1881 καταλύσας
876 1830 921 1873 τὸ
945 1837 1139 1887 χερσαῖον
1173 1836 1306 1884 τεῖχος
1327 1832 1663 1873 Κωνσταντινου-

181 1899 337 1951 πόλεως
359 1902 428 1943 καὶ
448 1902 645 1958 προσθεὶς
667 1899 772 1943 ἄλλα
794 1898 1055 1955 διαστήματα
1076 1898 1164 1952 δύο,
1202 1901 1413 1955 οῗκοδομεῒ
1427 1900 1562 1958 ἕτερον
1582 1909 1664 1944 τεῖ-

205 2066 266 2088 ore
289 2053 402 2088 sancti
425 2053 572 2099 spiritus
595 2053 789 2089 illustratus
813 2053 1039 2099 undiquaque
1071 2064 1153 2087 suos
1180 2052 1286 2087 eiecit
1307 2053 1440 2088 radios.
1489 2056 1664 2100 quomodo

179 2066 332 2136 {asinus
362 2100 519 2145 loquitur
544 2100 598 2134 his
623 2100 742 2135 verbis
769 2097 1079 2147 “quemadmodum
1104 2099 1289 2144 splendida
1313 2105 1350 2134 et
1373 2100 1562 2146 perspicua
1587 2114 1665 2137 cor-

181 2159 270 2193 pora
292 2147 402 2181 radiis
422 2147 658 2181 incidentibus
683 2152 720 2181 et
741 2147 821 2193 ipsa
852 2147 1071 2182 illustrantur
1095 2152 1131 2180 et
1155 2157 1282 2180 novum
1305 2147 1413 2182 edunt
1438 2158 1459 2180 a
1482 2159 1520 2182 se
1544 2149 1665 2194 splen-

180 2195 313 2238 dorem,
338 2193 391 2228 sic
407 2199 444 2228 et
458 2193 599 2239 spiritui
615 2193 820 2239 recipiendo
844 2200 948 2239 aptae
972 2193 1119 2236 animae,
1144 2204 1165 2226 a
1189 2192 1317 2237 spiritu
1340 2193 1567 2240 illuminatae,
1588 2207 1665 2230 cum

179 2240 280 2286 ipsae
311 2240 402 2274 fiunt
433 2240 655 2286 spirituales,
689 2246 761 2275 tum
791 2240 939 2286 gratiam
965 2239 1040 2274 eius
1066 2250 1141 2273 cum
1165 2238 1243 2273 aliis
1268 2241 1533 2275 communicant.
1583 2241 1666 2278 inde

179 2288 376 2321 futurorum
400 2287 606 2332 praesagia,
639 2287 837 2322 intellectus
856 2286 1120 2332 mysteriorum,
1147 2285 1359 2320 occultorum
1386 2288 1664 2334 comprehensio,

180 2335 349 2368 donorum
373 2333 598 2377 distributio,
624 2333 700 2368 vita
724 2333 907 2378 caelestis,
933 2333 1082 2367 choreae
1106 2344 1182 2367 cum
1206 2332 1354 2377 angelis,
1380 2333 1553 2369 infinitum
1575 2347 1665 2380 guu—

181 2381 296 2424 dium,
323 2380 359 2414 in
381 2381 448 2415 deo
475 2380 695 2426 permansio,
724 2385 801 2415 cum'
825 2381 891 2415 deo
918 2379 1130 2423 similitudo,
1155 2379 1329 2426 perfectio
1354 2380 1534 2427 appetitus
1549 2408 1559 2427 ,
1584 2383 1665 2417 fieri

180 2427 282 2461 deum
302 2427 396 2472 quod
415 2426 459 2461 ad
481 2423 668 2472 gratiam-'³

274 2494 463 2540 Aliquanto
495 2501 576 2541 post
608 2494 781 2542 tempore-
803 2494 944 2530 divinus
973 2493 1143 2529 Danielus
1175 2493 1212 2528 in
1235 2493 1372 2540 Anaplo
1406 2508 1482 2531 cum
1514 2497 1667 2534 vidisset

182 2553 342 2586 maguum
355 2542 578 2587 Symeonem,
605 2542 726 2576 divina
748 2541 981 2576 aemulatione
1001 2541 1190 2585 instigatus
1209 2540 1287 2586 ipse
1307 2553 1447 2587 quoque
1471 2544 1664 2580 columnam

183 2588 407 2632 conscendit,
442 2588 618 2635 multaque
642 2597 678 2624 et
701 2590 850 2623 maxima
874 2587 987 2622 edidit
1007 2586 1183 2622 miracula.
1229 2590 1423 2633 permansit
1445 2590 1481 2624 in
1505 2591 1663 2627 columna

183 2645 294 2679 usque
318 2634 360 2669 ad
383 2641 543 2680 quartum
566 2647 692 2670 annum
717 2635 848 2670 Leonis
872 2633 1006 2680 magni3
1039 2640 1146 2680 atque
1169 2633 1221 2669 ita
1242 2634 1287 2669 ad
1309 2635 1486 2672 dominum
1510 2638 1666 2685 emigra-

183 2679 247 2725 vit,
274 2681 375 2715 bonis
400 2681 564 2728 operibus
589 2681 727 2717 abunde
747 2680 942 2728 praestitis.

271 2749 372 2783 Anno
404 2750 576 2795 vigesimo
607 2756 709 2786 sexto
740 2750 1010 2785 Valentinianus
1033 2748 1146 2783 Roma
1173 2748 1303 2795 Cpolin
1336 2750 1456 2795 venit,
1490 2752 1662 2799 duxitque

182 2803 325 2828 uxorem
348 2795 452 2830 filiam
480 2797 675 2833 Theodosii
699 2797 923 2844 imperatoris
941 2794 1158 2838 Eudoxiana,
1193 2807 1237 2830 ex
1260 2796 1422 2832 Eudocia
1444 2798 1514 2844 ipsi
1532 2806 1662 2844 natam,

182 2839 358 2885 rediitque
381 2842 539 2878 Romam.
589 2845 707 2890 Cyrus
732 2844 830 2879 urbis
855 2843 1074 2889 praefectus,
1110 2842 1212 2876 homo
1242 2843 1521 2887 sapientissimus
1554 2852 1664 2892 atque

183 2884 393 2931 industrius,
429 2895 632 2925 terrestrem
656 2891 779 2937 Cpolis
801 2897 933 2926 murum
955 2888 1142 2924 demolitus
1166 2894 1240 2932 est3
1272 2889 1421 2936 aliisque
1446 2893 1581 2929 duobus
1605 2894 1661 2928 in-
