1742 3184
378 155 781 206 HISTORTAHUM
814 160 1203 207 COMPENDIUM.
1423 165 1524 212 589

58 275 198 327 ἀνοίας
215 270 442 332 τεκμήριον.
512 272 590 320 καῖ
605 277 653 319 οὗ
680 277 926 332 θαυμαστὸν
947 279 983 320 εἴ
1002 282 1185 328 τοιοῦτος
1206 276 1263 321 ὢν
1282 278 1524 333 ἐβασίλευεν,

58 347 142 388 ἐπεὶ
171 347 239 388 καὶ
271 344 388 388 ἄλλοι
417 345 522 396 τινὲς
549 345 831 403 προηγήσαντο
853 344 1034 402 Ῥώμης,
1079 341 1135 390 ὧν
1161 347 1235 398 τὰς
1264 348 1430 405 πράξεις
1458 353 1526 392 καὶ

56 415 132 465 τὰς
151 412 324 470 ἀλόγους
341 411 472 470 ὁρμὰς
494 415 704 470 ἀμήχανον
724 418 828 474 ἀκοῇ
847 417 1182 473 παραδέξασθαι·
1216 417 1313 469 τοὺς
1330 419 1526 475 Νέρωνας

58 485 127 526 καὶ
155 482 252 534 τοὺς
272 485 458 537 Ἀβίτους
486 501 558 538 μοι
587 484 668 528 νόει
695 487 764 528 καὶ
794 485 965 540 Γάλβας
987 487 1054 528 καὶ
1073 485 1285 539 νΟθωνας,
1319 490 1387 530 καὶ
1412 488 1527 539 εἴτις

23 559 46 596 5
58 551 181 603 ἄλλος
199 553 283 595 ἐστὶ
303 551 459 596 τούτων
477 551 612 607 ἓσμός.
1261 556 1268 562 ’

194 643 320 687 Μετὰ
341 644 415 699 τὴν
437 643 588 688 ἅλωσιν
603 644 763 702 Ῥώμης
782 650 947 707 τελευτᾷ
957 644 1152 704 Ὁνῶριος
1167 645 1400 705 ὖδεριάσας,
1422 646 1525 702 βιώ-
1548 658 1578 691 Β

58 730 135 764 σας
166 711 234 768 ἔτη
265 711 325 767 μ’,
358 713 607 768 βασιλεύσας
638 717 681 758 δὲ
709 714 787 768 λα’,
822 715 986 771 μνήμην
1014 715 1141 759 λιπὼν
1164 723 1223 774 τῷ
1246 719 1325 774 βίῳ
1354 719 1530 760 δυσκλειῖ

58 784 127 825 καὶ
155 781 342 836 ἄσεμνον.
413 785 668 840 δηλωθείσης
694 786 738 828 δὲ
762 790 835 841 τῆς
859 786 985 828 αὐτοῦ
1007 789 1192 840 τελευτῆς
1208 787 1250 828 ἓν
1268 788 1530 829 Κωνσταντι-

56 850 243 895 νουπόλει
272 852 440 908 ἐσείσθη
472 858 584 897 πᾶσα
615 852 641 909 ἦ
671 854 788 905 πόλις
815 853 971 912 ἡμέρας
998 853 1046 905 ς’.
1119 854 1338 903 Θεοδόσιος
1359 857 1404 898 δὲ
1423 858 1529 899 κατὰ

4 927 49 962 10
59 921 129 963 τὸν
157 921 298 977 καιρὸν
327 925 400 976 τῆς
426 920 622 980 εΟνωριόυ
648 928 835 979 τελευτῆς
864 919 935 980 ἦγε.
965 928 1038 979 τῆς
1059 921 1217 979 ἡλικίας
1238 925 1324 975 ἔτος
1346 923 1422 976 κδ’,
1457 931 1531 980 τῆς

58 988 102 1032 δὲ
125 992 335 1044 βασιλείας
358 989 406 1044 ιζ’
408 1023 421 1034 .
492 990 513 1034 ὃ
539 994 583 1035 δὲ
606 991 750 1035 τοτ’-του
775 994 952 1051 τροφεὺς
967 994 1189 1047 Ἀντίοχος,
1227 994 1333 1035 κατὰ
1354 993 1427 1048 τὴν
1449 1011 1531 1036 κω·

55 1061 236 1117 μῳδιάν,
261 1057 541 1117 “ἧ’στραπτεν,
571 1060 766 1118 ἐβρόντα,
794 1060 992 1104 συνεκῦκα
1012 1061 1062 1103 τὰ
1082 1061 1346 1118 πράγματα.”
1411 1063 1530 1118 ἔγγὺς

56 1130 190 1172 τοίνυν
210 1129 406 1186 ἀναρχίας
424 1133 490 1172 καὶ
512 1134 671 1187 λῃστῶν
692 1130 826 1188 πλήρη
851 1129 1070 1173 τὰπάντα.

196 1225 271 1280 Τῷ
290 1219 319 1264 ε’
341 1221 417 1265 ἴτει
433 1221 623 1264 Ἰουδαῖοι
644 1224 684 1264 ἐν
696 1223 973 1282 Ἀλεξανδρεία
992 1222 1123 1265 πολλὰ
1141 1223 1246 1265 κακὰ
1262 1224 1528 1278 Χριστιανοΐς

2 1296 46 1332 15
58 1291 321 1341 ἐπεδείξαντο.
389 1292 628 1345 συνθέμενοι
663 1292 741 1348 γὰρ
774 1292 876 1349 πρὸς
913 1291 1112 1346 ἀλλήλους
1143 1290 1353 1348 γνώρισμα
1386 1300 1527 1349 φορεῖν

57 1358 270 1402 δακτύλιον
300 1359 380 1402 ἀπὸ
415 1363 616 1415 φοίνικος,
664 1366 713 1416 τῇ
743 1363 854 1401 νυκτὶ
882 1366 987 1413 βοᾶν
1016 1360 1322 1416 παρεσκεύασαν
1349 1360 1528 1417 κήρυκας
1551 1375 1582 1410 c

57 1428 120 1470 ὅτι
154 1426 180 1481 ἦ
212 1427 402 1480 ἐκκλησία
431 1427 694 1484 ἀνεπρήσθη,
730 1433 810 1470 τῶν
842 1430 885 1470 δὲ
918 1431 1178 1484 Χριστιανῶν
1213 1427 1528 1485 συνδραμόντων

55 1493 226 1545 τούτους
248 1495 285 1537 οἳ
303 1495 492 1538 Ἰουδαῖοι
516 1497 789 1553 κατέσφαξαν.
860 1499 1127 1555 φωραθέντος
1142 1493 1212 1540 οὖν
1230 1502 1304 1540 τοῦ
1322 1496 1532 1554 δράματος

57 1565 96 1608 οἳ
119 1566 365 1620 ’Χριστιανοὶ
394 1564 585 1621 ἄρχοντες
611 1565 781 1616 τούτους
804 1571 876 1622 τῆς
902 1566 1223 1624 Ἀλεξανδρείας
1242 1565 1442 1622 ἐξήλασαν
1462 1570 1531 1610 καὶ

0 1634 132 1685 2οτἀς
157 1631 401 1684 ὑποστάσεις
433 1635 566 1677 αὐτῶν
595 1633 837 1689 ἐδήμευσαν.
906 1641 963 1693 τῷ
990 1636 1033 1678 δ’
1065 1636 1176 1694 αὐτῷ
1196 1636 1272 1678 ἔτει
1295 1633 1322 1690 ἦ
1345 1638 1530 1693 μακαρία

56 1703 292 1760 Πουλχεριά
310 1704 469 1754 τελείως
489 1708 569 1746 τῶν
589 1703 840 1761 πραγμάτων
863 1704 1019 1761 ἐκράτει
1029 1737 1043 1757 ,
1078 1709 1153 1748 τοῦ
1171 1706 1339 1762 Πέρσου
1357 1704 1530 1748 Ἀντιό-

52 1789 132 1827 χου
170 1770 351 1815 ἐκποδὼν
387 1771 607 1829 γεγονότος.
675 1772 806 1832 τούτῳ
830 1778 889 1834 τῷ
916 1776 1086 1833 ἐνιαυτῷ
1116 1775 1257 1817 πολλοὶ
1283 1774 1325 1815 ἒν
1352 1776 1531 1832 Περσίδι

54 1926 221 1972 liditatis,
246 1939 292 1962 ne
312 1927 424 1962 dicam
447 1927 604 1963 insaniae
626 1928 775 1963 hominis
794 1934 1046 1974 argumentum.
1095 1940 1208 1974 neque
1231 1932 1286 1964 est
1309 1929 1402 1975 quod
1424 1928 1530 1965 mire-

53 1975 104 2010 ris
128 1974 232 2009 talem
256 1974 428 2009 hominem
451 1975 632 2019 imperium
657 1975 833 2018 tenuisse,
869 1987 944 2010 cum
969 1976 1028 2010 alii
1053 1987 1192 2021 quoque
1216 1975 1348 2009 Romae
1376 1976 1530 2020 impera-

53 2021 172 2056 verint
193 2031 339 2065 quorum
360 2021 519 2055 facinora
546 2027 582 2055 et
601 2021 746 2055 insanae
771 2022 982 2066 cupiditates
1005 2022 1158 2056 auditum
1182 2022 1385 2056 offendunt:
1410 2022 1527 2056 consi-

55 2068 143 2103 dera
172 2066 265 2101 enim
292 2067 457 2102 Nerones
487 2067 612 2103 Avitos
639 2068 775 2102 Galbas
800 2068 957 2103 Othones
981 2075 1016 2104 et
1039 2068 1070 2103 si
1095 2068 1156 2114 qui
1179 2067 1239 2102 alii
1263 2067 1364 2102 huius
1388 2068 1527 2103 farinae

52 2115 209 2150 fuerunt.
1022 2128 1026 2138 ¹

146 2183 261 2229 Capta
282 2182 394 2218 Roma
417 2182 598 2218 Honorius
622 2195 667 2218 ex
688 2195 779 2230 aqua
802 2183 977 2218 intercute
998 2182 1164 2227 moritur,
1189 2193 1265 2216 cnm
1289 2181 1438 2216 vixisset
1459 2193 1525 2216 an-

54 2241 120 2265 nos
143 2230 395 2276 quadraginta,
420 2229 629 2275 imperasset
650 2230 797 2275 triginta
821 2242 944 2274 unum,
971 2229 1067 2264 vitae
1090 2241 1175 2264 suae
1200 2228 1324 2262 relicta
1346 2228 1467 2262 infami
1491 2234 1529 2263 et

53 2275 247 2311 illaudabili
270 2276 449 2314 memoria.
496 2282 607 2310 morte
632 2276 706 2311 eius
729 2276 858 2321 cpolin
878 2275 1082 2311 annuntiata
1097 2274 1338 2310 tumultuatum
1353 2279 1428 2309 tota
1442 2275 1532 2309 urbe

54 2329 113 2358 est
144 2334 209 2368 per
241 2322 317 2357 dies
346 2334 423 2357 sex.
470 2334 538 2367 quo
562 2328 720 2368 tempore
742 2323 921 2357 Honorius
945 2322 1120 2366 decessit,
1152 2320 1376 2355 Theodosius
1405 2331 1531 2355 annum

53 2370 185 2415 agebat
217 2367 346 2404 aetatis
379 2369 584 2414 vigesimum
615 2376 796 2414 quartum,
830 2369 968 2414 imperii
1002 2368 1171 2402 decimum
1200 2367 1398 2412 septimum.
1453 2366 1531 2401 eius

54 2421 168 2450 autem
193 2417 419 2462 paedagogus
440 2415 652 2460 Antiochus,
676 2416 712 2449 id
736 2416 829 2460 quod
854 2416 891 2449 in
916 2414 1095 2450 comoedia
1114 2419 1187 2457 est,
1208 2409 1398 2447 “turbabat
1416 2412 1532 2447 omnia

50 2462 235 2543 fulgurans
254 2462 296 2541 'elt
316 2458 520 2496 intonans.”
564 2461 686 2507 itaque
713 2461 897 2507 imperium
926 2473 1040 2508 prope
1069 2459 1198 2495 nullum
1221 2459 1308 2504 fuit,
1345 2459 1532 2505 omniaque

65 2515 225 2543 atronum
247 2521 271 2554 p
286 2519 364 2542 ena.

145 2576 246 2611 Anno
281 2577 404 2622 quinto
435 2575 557 2610 Iudaei
586 2575 827 2611 Alexandreae
854 2575 1074 2611 Christianos
1097 2574 1250 2621 pessime
1272 2577 1529 2609 tractaverunt.

52 2633 131 2657 cum
164 2623 255 2658 enim
287 2629 446 2657 tesserae
477 2621 554 2657 loco
587 2623 866 2669 composuissent
888 2622 1006 2657 annuli
1029 2623 1073 2656 de
1103 2621 1238 2668 palmae
1261 2621 1386 2655 fronde
1407 2625 1530 2666 gesta-

52 2669 204 2714 tionem,
238 2674 344 2703 noctu
376 2680 442 2714 per
471 2680 665 2714 praecones
697 2669 883 2704 exclamari
910 2677 1121 2703 curaverunt
1154 2667 1338 2702 ecclesiam
1364 2678 1445 2702 esse
1469 2667 1528 2702 in-

54 2727 214 2760 censam,
247 2721 285 2750 et
308 2715 527 2750 Christianos
552 2715 597 2750 ad
617 2716 901 2760 restinguendum
923 2716 1120 2750 incendium
1145 2719 1391 2749 concurrentes
1414 2713 1526 2747 inter-

52 2762 228 2797 fecerunt.
274 2773 315 2796 re
338 2768 515 2808 comperta
537 2762 760 2807 magistratus
783 2761 978 2796 Christiani
999 2762 1148 2796 Iudaeos
1171 2760 1394 2806 Alexandrea·
1413 2770 1526 2805 expu-

52 2807 191 2853 lerunt,
219 2819 408 2854 eorumque
433 2810 524 2843 bona
544 2808 823 2854 publicaverunt.
871 2810 993 2843 eodem
1014 2820 1107 2844 anno
1126 2809 1231 2842 beata
1250 2805 1441 2841 Pulcheria
1459 2804 1527 2839 toti

51 2864 169 2891 terum
190 2866 344 2891 summae
365 2855 540 2902 praefuit,
565 2856 724 2891 submoto
744 2854 857 2890 Persa
872 2854 1069 2891 Antiocho.·
1108 2854 1231 2890 eodem
1252 2863 1345 2889 auno
1367 2851 1466 2898 Magi
1487 2851 1526 2885 iu
