1742 3184
197 135 298 185 656
662 135 924 183 »GEORGH
951 135 1199 181 CEDRENI

142 257 172 294 Β
198 251 323 311 ὀργὴν
353 255 429 296 τὸὔ
456 249 681 307 βασιλέως,
733 253 803 295 καὶ
839 249 1035 295 ἀπελθών
1077 251 1274 309 διέτριβεν
1307 252 1364 302 εἷς
1389 247 1678 309 Ἱεροσόλυμα.

192 322 325 381 τούτῳ
351 327 414 381 «τῷ
443 321 520 365 ἔτει
543 321 710 377 σεισμὸς
733 321 884 378 ἐγένετο
906 321 1035 378 μέγας
1055 321 1097 364 ἐν
1119 319 1574 373 Κωνσταντινουπόλει,
1609 323 1679 364 καὶ

192 391 335 435 ἔπεσον
369 393 574 447 ἐκκλησίαι
605 393 675 434 καὶ
704 388 807 433 οἶκοι
837 391 906 433 καὶ
933 390 980 434 τὸ
1011 396 1143 446 τεῖχος
1173 389 1356 446 μάλιστα
1385 389 1432 434 τὸ
1464 389 1572 433 κατὰ
1601 390 1676 446 τὴν

186 465 349 519 χρυσῆν
367 459 536 519 πόρταν,
573 462 641 503 καὶ
672 457 699 515 ἦ
726 458 853 517 λόγχη
882 464 958 503 τοῦ
986 458 1229 518 ἀνδριάντος
1254 464 1329 505 τοῦ
1359 458 1492 519 φόρου
1502 474 1518 513 ,
1551 461 1620 503 καὶ
1649 458 1676 515 ἦ

192 532 305 583 δεξιὰ
323 533 414 588 χεὶρ
434 534 509 574 τοῦ
531 528 774 588 ἀνδριάντος
793 533 868 573 τοῦ
887 527 1156 588 Ξηρολόφου.
1687 535 1712 573 5

332 604 405 658 Τῷ
426 598 470 642 ιε’
496 599 572 642 ἔτει
599 598 745 642 'Addo‘
773 597 794 642 ὅ
824 604 905 642 τῶν
930 599 1198 654 Ἀξουμιτῶν
1216 597 1412 654 βασιλεὺς
1429 595 1680 653 βουλόμενος

191 673 420 724 πολεμῆσαι
448 668 552 724 μετὰ
584 669 804 724 Δαμιανοῦ
835 673 908 712 τοῦ
941 670 1145 724 βασιλέως
1173 673 1255 712 τῶν
1288 666 1493 726 Ἑβραίων
1529 667 1599 710 διὰ
1631 666 1679 710 τὸ

194 739 426 782 ἀποκτεῖναι
445 738 516 782 τὸν
536 738 754 794 Δαμιανὸν
773 738 870 792 τοὺς
889 739 1168 796 Χριστιανοὺς
1179 735 1509 795 πραγματευτάς,
1526 735 1679 792 η’ἷίξατο

193 807 250 859 ὥς
271 809 342 851 ἐὰν
363 806 514 863 νικήσω
537 809 608 851 τὸν
622 806 860 866 Ὁμηρίτην,
892 809 963 851 ἵνα
981 808 1159 864 γένωμαι
1176 805 1446 865 -Χριστιανός.
1516 808 1584 848 καὶ
1607 809 1681 848 τοῦ

195 878 376 932 πολέμου
395 878 667 935 κροτηθέντος
679 882 729 935 τῇ
750 882 823 920 τοῦ
837 882 943 921 θεοῦ
956 879 1164 938 συνεργείᾳ
1178 878 1332 933 ἐνίκησε
1345 874 1679 934 τοὺςἛβραιόυς,
1693 879 1738 915 10

142 960 174 996 c
199 949 267 990 καὶ
285 947 406 1002 ἔλαβε
426 949 557 1000 ζῶντα
578 946 839 1003 αἰχμάλωτον
855 947 928 990 τὸν
945 948 1162 1003 Δαμιανὸν
1178 947 1250 990 τὸν
1265 946 1440 1002 βασιλέα
1461 946 1595 988 αὐτῶν
1612 946 1682 988 καὶ

195 1017 271 1073 τὴν
299 1016 443 1075 χώραν
475 1019 543 1060 καὶ
574 1017 627 1060 τὰ
657 1019 848 1071 βασίλεια
871 1016 1019 1060 αὐτῶν.
1088 1019 1155 1060 καὶ
1179 1013 1480 1074 εὐχαριστήσας
1502 1019 1560 1073 τῷ
1577 1018 1682 1073 θεῷ,

194 1088 344 1141 πέμπει
371 1086 475 1144 πρὸς
499 1086 570 1130 τὸν
596 1087 769 1141 βασιλέα
793 1085 1088 1131 Ἰουστινιανόν
1117 1085 1173 1137 ὥς
1195 1087 1413 1142 ἀποστείλῃ
1437 1084 1575 1135 αὐτοῖς
1594 1086 1683 1127 ἐπι-

195 1155 375 1207 σκόπους
395 1158 463 1200 καὶ
482 1154 712 1215 κληρικούς.
782 1158 850 1198 καὶ
870 1157 1077 1200 ἐπίστευσε
1098 1160 1213 1200 πᾶσα
1235 1153 1261 1212 ἡ
1275 1153 1397 1214 χώρα
1417 1156 1486 1197 καὶ
1513 1154 1683 1209 ἐβαπτί-

193 1231 282 1282 σθη
291 1258 305 1279 ,
341 1228 409 1269 καὶ
428 1227 607 1282 ἐγένοντο
626 1226 886 1283 Χριστιανοί.
1693 1231 1739 1267 15

335 1300 411 1354 Τῷ
441 1294 491 1346 ις’
522 1295 621 1348 ἔτει,
663 1297 761 1351 μηνὶ
786 1295 1022 1353 Σεπτεβρίῳ
1053 1291 1102 1347 ς’,
1136 1293 1271 1353 ἡμέρᾳ
1295 1289 1350 1345 α’,
1391 1293 1608 1336 ῗνὸικτίωνι
1635 1289 1684 1345 ζ’,

192 1352 329 1422 ᾗκέγονε
353 1365 519 1420 σεισμὸς
538 1366 666 1421 μέγας
686 1367 742 1415 εἷς
770 1364 866 1408 ὅλον
895 1364 966 1407 τὸν
994 1362 1163 1419 κόσμον,
1212 1364 1280 1406 καὶ
1298 1360 1468 1418 ἐπτώθη
1488 1363 1534 1406 τὸ
1556 1361 1683 1418 ἣμισυ

192 1439 268 1490 τῆς
289 1436 483 1488 Κυζίκου.
553 1433 778 1492 ἐπληρώθη
809 1435 854 1477 δὲ
883 1436 951 1477 καὶ
989 1431 1011 1476 ὅ
1034 1438 1218 1489 χαλκοῦς
1238 1434 1334 1475 κίων
1357 1430 1378 1475 ὃ
1399 1433 1528 1489 μέγας
1549 1430 1570 1475 ὃ
1588 1431 1686 1474 Λύ-

193 1506 407 1561 γουστίων,
444 1507 516 1547 καὶ
535 1504 743 1560 ἀνηνέχθη
765 1502 790 1560 ἦ
811 1502 939 1559 στήλη
958 1508 1034 1546 τοῦ
1051 1504 1349 1546 Ἰουστινιανοῦ
1369 1500 1557 1560 ἔφιππος,
1582 1519 1685 1559 κρα-

193 1578 324 1617 τοῦσα
343 1579 392 1632 τῇ
412 1575 488 1629 μὲν
509 1574 706 1634 ἀριστερᾷ
721 1575 829 1631 χειρὶ
852 1578 984 1628 μῆλον
1007 1573 1267 1631 σφαιροειδὲς
1292 1570 1348 1622 ὧς
1369 1575 1442 1627 τῆς
1467 1576 1543 1628 γῆς
1574 1569 1684 1613 ἆπά-
1694 1578 1742 1615 20

194 1660 272 1700 σης
292 1644 421 1687 αὐτοῦ
438 1642 749 1701 κυριεύσαντος,
784 1643 859 1698 τὴν
887 1643 1023 1694 δεξιὰν
1051 1644 1095 1686 δὲ
1117 1641 1418 1697 ἀνατεταμένην
1442 1640 1594 1695 ἔχουσα
1616 1642 1687 1683 καὶ

196 1714 316 1756 οἱονεὶ
336 1714 524 1772 Πέρσαις
557 1714 892 1768 διακελευομένην
915 1710 1066 1767 (ςστῆτε
1095 1713 1165 1755 καὶ
1198 1716 1272 1766 τῆς
1297 1709 1510 1765 Ῥωμαίων
1531 1714 1605 1766 γῆς
1626 1710 1686 1765 μὴ

141 1790 174 1828 D
199 1783 408 1839 ἔπιβῆτει”
480 1781 502 1826 ὅ
536 1784 580 1826 δὲ
610 1784 702 1841 περὶ
734 1782 859 1826 αὐτὸν
888 1781 960 1825 τὸν
984 1783 1101 1824 κίονα
1125 1780 1284 1837 χαλκὸς
1306 1778 1416 1832 ἅπας
1436 1780 1615 1839 κέραμος
1637 1774 1688 1835 ἦν

195 1960 328 1997 tionem
362 1960 463 2007 impii
494 1959 623 1996 Severi
653 1960 822 2006 fecisset,
855 1960 1066 2007 episcopatu
1089 1964 1145 1996 est
1167 1960 1327 1996 deiectus
1351 1960 1397 1995 ob
1419 1959 1507 1996 iram
1531 1959 1686 2007 impera-

196 2010 310 2054 toris,
334 2020 376 2049 ac
399 2008 659 2053 Hierosolymis
682 2009 813 2044 deinde
836 2007 942 2043 vixit.
991 2019 1034 2042 eo
1069 2019 1161 2042 anno
1195 2007 1299 2054 cpoli
1329 2019 1476 2052 magnus
1509 2008 1579 2056 fuit
1611 2013 1687 2043 ter-

196 2067 260 2091 rae
288 2061 421 2099 motus,
454 2060 734 2100 corrueruntque
767 2067 809 2089 eo
840 2054 972 2101 templa
1002 2058 1040 2089 et
1067 2055 1209 2099 domus,
1244 2054 1463 2099 maximeque
1494 2055 1689 2090 murusrad

194 2113 338 2185 ῗτεειιιῐι
358 2106 521 2182 lHmrtam,
558 2106 596 2137 et
618 2101 741 2136 lancea
765 2105 905 2137 statuae
929 2101 968 2136 in
990 2101 1069 2136 foro
1082 2127 1094 2148 ,
1128 2113 1170 2136 ac
1194 2102 1320 2155 dextra}
1342 2112 1464 2137 manus
1488 2107 1628 2137 statuae
1650 2101 1690 2136 in

275 2161 295 2184 o
312 2160 331 2183 ο
384 2160 418 2184 o.
1501 2181 1505 2189 ,

234 2160 275 2194 m:
290 2161 392 2230 Axi’no
418 2195 461 2231 15
483 2193 626 2230 Adadus
650 2194 892 2230 Axumitarum
915 2205 979 2229 rex
1001 2194 1130 2230 bellum
1155 2193 1316 2229 illaturus
1334 2192 1506 2230 Damiano
1524 2195 1690 2237 Ebraeo-

197 2253 275 2292 rum
295 2242 391 2288 regi,
424 2242 519 2288 quod
543 2242 574 2276 is
596 2241 823 2276 Christianos
843 2241 1086 2286 negotiatores
1109 2240 1368 2286 interfecisset,
1391 2242 1494 2276 vovit
1517 2253 1557 2276 se
1582 2239 1690 2276 0ὴῆ-

197 2289 348 2324 stianum
375 2289 466 2336 fore,
491 2288 522 2323 si
540 2288 744 2323 Homeritas
770 2288 934 2330 vicisset3
961 2292 997 2322 et
1020 2288 1162 2334 quidem
1186 2288 1370 2323 commisso
1391 2288 1485 2322 bello
1506 2287 1596 2323 vicit
1613 2299 1689 2333 eos,

196 2335 390 2371 auxiliante
414 2337 517 2380 deo,¹
537 2335 729 2381 vivumque
758 2346 879 2380 regem
913 2345 1033 2371 eorum
1057 2334 1264 2369 Damianum
1287 2334 1324 2369 in
1350 2338 1562 2381 potestatem
1583 2335 1690 2369 rede-

197 2381 263 2427 git,
291 2383 495 2429 potitusque
519 2386 575 2417 est
597 2374 707 2427 re¹gno
735 2386 772 2416 et
795 2381 909 2426 regia.
957 2380 1079 2426 itaque
1110 2381 1177 2416 deo
1207 2381 1343 2427 gratias
1376 2393 1486 2426 agens
1510 2381 1621 2416 mittit
1644 2381 1690 2416 ad

195 2428 452 2475 lastinianum,
488 2430 533 2463 ab
564 2439 679 2474 eoque
711 2428 900 2474 episcopos
937 2432 974 2462 et
1008 2426 1156 2462 clericos
1180 2428 1250 2462 sibi
1274 2428 1366 2462 mitti
1389 2428 1495 2473 petit.
1542 2427 1595 2463 ita
1613 2433 1691 2463 tota

196 2476 297 2556 {egio
329 2476 436 2511 fidem
469 2475 709 2511 Christianam
743 2474 904 2521 amplexa
939 2479 1015 2520 est,
1046 2474 1292 2522 baptizatique
1327 2479 1408 2510 sunt
1433 2479 1471 2510 et
1493 2474 1690 2514 Christiani

215 2522 300 2558 acti.

291 2568 391 2603 Anno
419 2569 463 2604 16
485 2568 544 2604 die
568 2564 791 2614 Septembris
815 2569 856 2612 6,
891 2568 1005 2615 prima
1033 2567 1273 2613 septimanae,
1308 2567 1460 2613 septima
1480 2556 1690 2612 indictione,

198 2625 344 2660 magnus
363 2615 432 2650 fuit
456 2627 520 2662 per
543 2620 655 2650 totum
668 2616 799 2650 ‘orbem
824 2619 944 2650 terrae
967 2619 1093 2658 motus,
1122 2626 1164 2649 ac
1188 2613 1321 2648 corruit
1343 2613 1523 2648 dimidium
1549 2613 1688 2658 Cyzici.

198 2661 361 2696 absoluta
386 2667 440 2696 est
467 2662 573 2697 etiam
597 2674 722 2707 magna
747 2661 904 2696 columna
929 2673 1021 2717 quae
1043 2666 1193 2696 vocatur
1215 2660 1413 2705 Augustio;
1449 2660 1554 2706 eique
1573 2660 1689 2705 impo-

200 2707 271 2742 sita
294 2708 482 2743 Iustiniani
506 2714 623 2743 statua
648 2708 846 2754 equestris,
882 2709 1027 2743 sinistra
1052 2720 1154 2743 manu
1177 2713 1303 2743 tenens
1327 2718 1465 2753 pomum
1488 2708 1689 2751 rotundum,

200 2764 270 2797 quo
295 2753 472 2789 indicatur
499 2755 597 2790 orbis
619 2755 803 2800 imperium
829 2766 940 2801 penes
962 2756 1077 2801 ipsum
1104 2766 1205 2789 esse:
1238 2754 1397 2788 dextram
1430 2758 1546 2788 autem
1570 2754 1689 2787 inten-

199 2799 329 2843 debat,
363 2801 510 2846 perinde
533 2813 574 2837 ac
599 2801 630 2836 si
654 2803 783 2837 Persas
810 2801 954 2837 iuberet
964 2801 1172 2836 ›subsistere
1194 2805 1230 2836 et
1252 2801 1489 2835 Romanorum
1514 2800 1687 2834 dicionem

201 2856 273 2881 non
295 2846 402 2884 inire.
449 2848 519 2885 iam
542 2856 619 2886 aes·
631 2860 733 2886 omne
756 2849 852 2896 quod
875 2848 971 2887 circa
989 2848 1184 2885 columnam
1207 2851 1303 2894 erat,
1333 2846 1475 2894 tegulae
1497 2851 1600 2883 erant
1623 2856 1687 2881 au-
