1742 3184
187 153 286 203 394
613 182 617 186 -
671 158 911 203 GEoRGn
940 146 1189 202 CEDRENI

187 273 254 315 καὶ
282 270 329 316 τὸ
359 269 551 330 τέταρτόν
579 289 655 316 σου
683 272 726 315 ἓν
756 276 862 331 λιμῷ
893 270 1255 330 συντελεσθήσεται
1284 271 1453 317 ἐνώπιόν
1483 290 1582 326 σου,
1615 275 1663 316 ’ἓν

187 341 299 401 μέσῳ
329 357 427 394 σου,
462 343 529 385 καὶ
560 341 605 386 τὸ
636 340 829 399 τέταρτόν
850 359 926 385 σου
951 344 993 385 ἓν
1015 342 1202 403 ῥομφαίᾳ
1221 350 1400 387 πεσεῖται
1420 341 1555 401 κύκλῳ
1573 359 1662 394 σου,

133 412 165 445 D
189 413 257 455 καὶ
290 410 337 454 τὸ
366 409 557 470 τέταρτόν
585 427 661 456 σου
693 413 759 462 εἷςι
777 410 910 455 πάντα
939 411 1088 467 ἄνεμον
1118 415 1403 469 διασκορπιιῢ.·
1453 414 1521 455 καὶ
1546 411 1567 455 ὅ
1589 413 1663 466 μὲν

186 480 362 535 πόλεμος
379 483 446 523 καὶ
465 479 491 537 ἦ
515 479 703 539 ῥομφαία
720 480 897 534 ἔξωθεν,
931 479 952 524 ὃ
975 482 1019 524 δὲ
1039 482 1156 536 λιμὸς
1177 485 1243 525 καὶ
1265 481 1286 525 ὃ
1305 480 1487 533 θάνατος
1509 481 1664 525 ἔσωθεν

187 549 441 607 ὃλοθρεύσει.
513 550 551 592 οἷ
591 550 635 593 δὲ
675 551 718 601 ἐξ
756 551 891 594 αὐτῶν
923 550 1221 607 ἀνασωζόμενοι
1254 549 1661 607 ἃναλαλωθήσονται.
1676 561 1697 595 5

188 621 256 662 καὶ
286 618 562 674 ὑπολείψομαι
593 621 636 670 ἐξ
666 620 800 663 αὐτῶν
829 622 875 664 ἐκ
903 619 1112 680 ῥομφαίας
1135 624 1201 664 καὶ
1224 625 1345 676 λιμοῦ
1369 623 1438 664 καὶ
1461 619 1663 671 θανάτου,

187 688 298 740 ὅπως
323 687 373 731 ἂν
403 689 666 745 ἓκὸιηγῶνται
695 690 770 741 τὰς
799 689 970 745 ἀνομίας
1001 691 1135 733 αὐτῶν
1161 689 1298 742 πάσας
1325 692 1366 733 ἕν
1398 697 1483 742 τοῖς
1515 690 1664 740 ἔθνεσι,

189 761 256 801 καὶ
287 756 510 814 γνώσονται
539 756 601 801 ὅτι
628 759 710 815 ἐγὼ
742 757 882 816 κύριος
910 758 931 802 ὃ
958 758 1167 803 τύπτων.»
1238 760 1309 803 διὰ
1337 760 1389 816 δὴ
1416 757 1536 803 τοῦτό
1564 774 1666 816 φησι

189 829 257 870 καὶ
277 825 297 870 ὃ
317 826 423 885 ἱερὸς
439 826 742 886 Χρυσόστομος
764 826 870 871 “οὐκ
891 829 1051 887 ἀναιρεῖ
1062 828 1217 881 πάντας
1235 829 1387 887 ἄρδην,
1418 829 1523 872 ἀλλὰ
1541 846 1665 882 σκορ-

189 899 303 950 πίζει.
373 902 492 940 τοῦτο
524 898 603 955 γὰρ
624 901 971 957 προϋπεμφαίνων
994 897 1015 941 ὁ
1036 904 1154 950 θεῖος
1174 900 1313 953 Λαβὶὸ
1337 899 1444 955 ἔλεγε
1466 898 1570 955 πρὸς
1587 898 1664 940 αὗ-
1681 903 1723 938 10

189 965 261 1009 τόν
278 964 355 1022 ςμὴ
385 966 621 1025 ἀποκτείνῃς
645 966 794 1019 αὐτούς
803 969 833 1021 ,²
872 968 963 1024 ἤτοι
987 967 1164 1021 πάντας,
1194 967 1319 1011 εἀλλὰ
1344 966 1665 1025 ὁιασκόρπισον,’

190 1038 232 1087 ἐξ
265 1038 399 1079 αὐτῶν
434 1035 671 1092 δήπουθεν,
698 1035 760 1080 εἓν
789 1042 839 1095 τῇ
873 1035 1042 1092 δυνάμει
1073 1039 1181 1081 σου.)
1252 1040 1342 1096 περὶ
1361 1039 1408 1081 δέ
1422 1055 1466 1095 γε
1484 1041 1556 1093 τῆς
1574 1039 1668 1080 δευ-

48 1115 78 1148 Ρ
101 1113 169 1149 225
193 1107 314 1162 τέρας
342 1107 470 1149 αὐτοῦ
497 1104 691 1157 ἐλεύσεως
716 1109 782 1149 καὶ
816 1106 1085 1165 φανερώσεως
1107 1109 1174 1150 καὶ
1195 1112 1348 1163 πολλῆς
1362 1109 1429 1151 καὶ
1446 1107 1670 1164 ἀπαραμυ-

191 1174 324 1231 θήτου
355 1177 545 1230 θλίψεως
575 1176 711 1219 αὐτῶν
743 1175 824 1220 εἶπε
856 1179 1070 1233 Ζαχαρίας
1097 1175 1206 1220 ζτότε
1237 1177 1322 1233 ἥξει
1354 1175 1492 1235 κύριος
1521 1174 1542 1219 ὃ
1570 1175 1671 1226 θεὸς

190 1244 308 1300 ἡμῶν
319 1278 332 1297 ,
359 1247 426 1288 καὶ
448 1245 561 1288 ἔσται
581 1246 749 1297 κοπετὸς
764 1247 893 1302 μέγας
912 1249 954 1289 ἐν
967 1245 1256 1304 Ἵερουσαλήμ.
1324 1246 1499 1302 ὄψον-ται
1517 1245 1596 1302 γὰρ
1614 1247 1670 1295 εἷς
1684 1250 1726 1286 15

194 1315 243 1358 ὃν
272 1315 563 1371 ἕξεκέντησαν.’
637 1316 735 1358 ἀλλ’
760 1320 817 1367 εἷς
838 1315 884 1359 ὃν
906 1317 1163 1372 ἐξεκέντησαν
1172 1336 1186 1372 ,·
1223 1319 1265 1360 τί
1283 1316 1329 1359 δέ
1346 1318 1430 1360 ἐστι
1450 1315 1497 1360 τὸ
1521 1318 1577 1366 εἷς
1600 1313 1669 1369 ὅν,-

194 1384 373 1443 στῖαυρὸς
392 1380 442 1440 ἦν
462 1388 518 1435 εἷς
537 1384 583 1427 ὃν
603 1386 874 1441 ἐξεκέντησαν.
942 1385 1022 1443 πρὸ
1045 1386 1122 1442 γὰρ
1147 1391 1219 1442 τῆς
1242 1390 1426 1444 φοβερᾶς
1444 1385 1673 1442 παρουσίας

193 1459 266 1497 τοῦ
297 1455 463 1511 κυριόυ,
512 1453 704 1512 καθάπερ
734 1455 948 1510 βασιλικὸν
979 1462 1168 1509 σημεῖον,
1213 1454 1260 1498 τὸ
1293 1453 1509 1511 λεγόμενον
1538 1455 1672 1510 σίγνον

193 1524 299 1567 κατὰ
334 1524 471 1579 κοινὴν
505 1522 727 1579 συνήθειαν
761 1525 972 1581 προτρέχει
999 1528 1072 1577 τῆς
1094 1526 1283 1581 Χριστοῦ
1304 1525 1555 1581 παρουσίας,
1589 1522 1670 1566 ὑπὸ

193 1598 274 1636 τῶν
295 1594 473 1649 ἀγγέλων
494 1592 762 1648 δοξαζόμενον
780 1596 847 1636 καὶ
867 1592 1308 1650 προευαγγελιζόλιιενον.
1358 1594 1426 1635 καὶ
1447 1592 1672 1650 φανήσεται
1683 1598 1730 1632 20

196 1662 218 1705 ὃ
249 1662 426 1719 σταυρὸς
455 1662 535 1705 ἀπὸ
564 1667 636 1718 τῆς
664 1667 740 1718 γῆς
766 1661 1036 1720 ἀποκρύπτων
1053 1663 1123 1706 τὸν
1141 1662 1256 1718 ἥλιον
1275 1665 1341 1705 καὶ
1364 1660 1584 1717 ἀμβλύνων
1600 1662 1673 1717 τὴν

197 1731 391 1787 σελήνην,
429 1730 485 1783 ὥς
509 1750 634 1789 φησιν
655 1730 676 1773 ὃ
699 1730 839 1789 κύριος
859 1731 967 1775 ετότε,
991 1731 1214 1790 φανήσεται
1232 1733 1278 1776 τὸ
1302 1739 1469 1787 σημεῖον
1488 1736 1562 1774 τοῦ
1582 1732 1675 1774 υἱοῦ

196 1808 269 1844 τοῦ
290 1806 395 1844 θεοῦ
418 1803 459 1843 ἓν
480 1806 539 1859 τῷ
559 1802 752 1860 οὖρανῷ.’
824 1804 891 1844 καὶ
917 1803 988 1844 ‘iva
1021 1806 1227 1860 πληρωθῇ
1246 1802 1292 1845 τὸ
1317 1802 1428 1859 ῥῆμα
1446 1803 1674 1859 Ζαχαρίου,

143 1881 172 1914 Β
202 1872 273 1927 τὴν
302 1872 408 1922 λέξιν
431 1871 556 1927 αὐτὴν
575 1869 798 1928 μετήγαγεν
817 1869 839 1913 ὃ
860 1871 1046 1930 ,Χριστὸς
1063 1871 1204 1927 λαβὼν
1221 1875 1276 1923 εἷς
1296 1870 1496 1928 ἀλήθειαν
1505 1903 1520 1924 ,
1551 1872 1676 1928 λέγων

199 2035 260 2065 tuo
291 2029 389 2063 same
424 2026 578 2075 peribit3
611 2027 788 2072 quadrans
810 2026 940 2062 circum
962 2030 1000 2062 te
1024 2027 1140 2073 gladio
1164 2028 1287 2072 cadet,
1327 2031 1364 2063 et
1390 2027 1617 2074 quadrantem
1642 2027 1679 2061 in

201 2088 322 2112 omnes
344 2082 518 2110 terrarum
541 2075 664 2120 plagas
687 2073 873 2109 disiiciam.
920 2074 1010 2109 foris
1035 2075 1163 2109 bellum
1188 2081 1226 2110 et
1250 2075 1388 2119 gladius
1410 2074 1587 2119 vastabit,
1606 2073 1680 2108 ›in-

199 2130 258 2158 tus
282 2124 392 2158 sames
417 2128 454 2156 et
476 2121 588 2168 pestis
614 2121 750 2167 perdet.
800 2120 861 2166 qui
882 2133 925 2156 ea
947 2122 1103 2166 fugient,
1128 2122 1154 2155 ii
1177 2122 1311 2167 captivi
1329 2122 1519 2156 ducentur:
1543 2121 1571 2155 ii
1592 2132 1682 2166 quos

200 2182 272 2205 non
314 2171 475 2205 absumet
511 2167 648 2214 gladius
686 2168 795 2202 fames
835 2173 871 2202 et
911 2168 1045 2213 pestis,
1084 2168 1183 2203 utin
1207 2169 1367 2203 omnibus
1395 2168 1593 2203 nationibus
1609 2180 1682 2203 -sua

199 2216 317 2252 omnia
348 2221 497 2262 peccata
512 2244 514 2249 ,
529 2220 692 2258 narrent,
725 2213 996 2260 intelligantque
1019 2227 1074 2250 me
1097 2227 1176 2250 esse
1199 2215 1374 2250 dominum
1400 2214 1461 2261 qui
1485 2211 1683 2261 percutio.”

198 2269 390 2310 propterea
402 2263 505 2297 etiam
518 2263 644 2296 beatus
656 2261 930 2305 chrysostomus
943 2262 1048 2297 dicit:
1070 2274 1140 2296 non
1157 2274 1277 2297 omnes
1291 2262 1534 2297 internecione
1549 2261 1680 2306 abolet,

199 2310 263 2345 sed
292 2310 461 2355 quosdam
486 2307 673 2355 dispergit.
720 2308 758 2342 id
775 2308 880 2343 ·enim
911 2308 1052 2344 divinus
1076 2309 1236 2344 Davidus
1258 2309 1327 2344 iam
1352 2315 1434 2344 ante
1457 2309 1607 2343 innuens
1630 2307 1682 2343 ita

199 2359 303 2392 deum
337 2355 527 2401 alloquitur
562 2354 707 2392 (Psalm.
731 2355 795 2399 58)
828 2352 922 2389 “non
949 2355 1111 2391 interfice
1141 2352 1225 2391 eos³³
1261 2356 1445 2400 (nimirum
1471 2355 1681 2398 universos)

200 2401 288 2438 “sed
312 2403 480 2448 quosdam
504 2413 624 2447 eorum
648 2398 805 2447 dissipa”
838 2401 974 2437 scilicet
998 2402 1133 2438 virtute
1156 2409 1229 2438 tua.
1277 2404 1346 2438 iam
1370 2403 1414 2437 de
1439 2402 1593 2437 secundo
1619 2402 1683 2436 ad-

200 2455 310 2484 ventu
342 2449 475 2484 domini
506 2461 549 2483 ac
580 2448 819 2494 patefactione
845 2455 882 2483 et
906 2450 1115 2484 Iudaeorum
1139 2450 1241 2494 gravi
1265 2456 1301 2485 et
1323 2448 1512 2484 insanabili
1542 2448 1683 2483 calami-

202 2502 277 2531 tate
302 2496 494 2531 Zacharias
515 2495 730 2530 vaticinatus
752 2494 803 2529 ita
826 2501 880 2530 est
903 2496 1033 2540 (Zach.
1059 2498 1120 2540 12)
1141 2494 1251 2532 “tunc
1271 2497 1394 2531 veniet
1413 2495 1573 2531 dominus
1596 2496 1685 2530 deus

202 2547 343 2587 noster,
386 2554 602 2588 magnusque
642 2541 711 2576 erit
748 2541 897 2576 eiulatus
937 2542 1220 2588 Hierosolymae.
1268 2548 1415 2579 cernent
1452 2543 1544 2577 enim
1582 2554 1684 2587 quem

204 2586 508 2635 compunxerint.''
556 2594 594 2624 at
615 2600 716 2634 quem
735 2591 1040 2634 compunxerunt?
1068 2601 1153 2624 crux
1178 2590 1246 2624 fuit
1269 2602 1370 2635 quam
1395 2594 1686 2635 compunxerunt.

205 2647 286 2671 nam
310 2642 391 2670 ante
421 2635 553 2670 domini
582 2635 775 2670 terribilem
808 2636 1016 2680 adventum,
1051 2638 1225 2682 quomodo
1245 2637 1384 2682 signum
1414 2636 1586 2683 praeferri
1611 2634 1686 2679 regi

209 2681 362 2726 assolet,
395 2682 447 2717 ita
465 2689 549 2716 tunc
572 2694 714 2728 quoque
730 2683 867 2727 signum
893 2682 925 2717 ei
948 2684 1155 2727 praecedet,
1190 2689 1226 2718 et
1244 2685 1288 2718 ab
1308 2683 1443 2728 angelis
1464 2682 1685 2728 praedicabi-

209 2734 267 2762 tur
295 2735 400 2773 atque
424 2728 637 2764 laudabitur.
685 2729 872 2775 apparebit
904 2730 995 2764 enim
1026 2742 1112 2765 crux
1135 2743 1155 2765 a
1178 2736 1276 2765 terra
1306 2730 1416 2765 solem
1446 2729 1625 2764 occultans
1650 2734 1687 2762 et

210 2774 324 2808 lunam
358 2776 570 2819 obscurans,
605 2782 644 2810 ut
666 2775 826 2811 dominus
850 2776 905 2811 his
929 2776 1050 2811 verbis
1079 2777 1257 2823 praedixit
1289 2773 1396 2811 “tunc
1418 2777 1453 2810 in
1478 2776 1576 2811 caelo
1599 2787 1684 2810 con-

210 2820 382 2866 spicietur
411 2821 548 2865 signum
579 2822 643 2855 filii
672 2819 770 2857 dei.''
815 2829 922 2868 utque
957 2825 1102 2858 verbum
1135 2823 1332 2858 Zachariae
1360 2823 1564 2869 impleatur,
1597 2822 1686 2867 ipsis

212 2867 396 2902 vocabulis
421 2868 474 2902 eis
505 2868 665 2904 dominus
698 2881 780 2904 usus
810 2876 867 2906 est
898 2871 943 2908 ad
976 2871 1248 2906 confirmandam
1270 2872 1457 2906 veritatem
1481 2869 1604 2904 dicens
1626 2865 1688 2902 “et
