1742 3184
325 139 328 142 ’
363 170 763 220 HISTORIARUM
794 170 1191 218 communit.
1422 170 1528 220 447
1568 166 1570 168 ’

43 282 315 344 αι’σχρότερον·
327 284 461 343 ἄνδρα
482 288 608 345 φασὶν
626 285 892 343 ἐπινοηθῆναι
908 286 1022 344 παρὰ
1045 290 1128 331 τῶν
1147 290 1222 343 τῆς
1235 286 1386 338 ,κακίας
1406 286 1531 345 ἔργα·

41 361 124 399 τῶν
151 361 297 400 τοῦτον
327 353 562 410 ὑπολαβεῖν.
642 358 838 400 Αἷθιόπα
867 355 948 414 γὰρ
980 355 1095 416 αὐτῷ
1128 354 1438 415 παρεσκεύασαν
1474 359 1531 408 εἷς

42 423 303 481 παράχρησιν
326 430 401 469 τοῦ
420 424 612 480 σώματος
629 425 770 469 αὐτοῦ.
840 423 862 470 ὅ
894 427 939 469 δὲ
967 427 1026 482 μὴ
1059 426 1196 484 φέρων
1222 425 1299 482 τὴν
1325 424 1530 482 τοσαύτην

40 494 249 549 βδελυρὰν
284 495 462 537 ἐπίνοιαν
494 494 637 551 ἔρρηξε
668 495 809 553 φωνὴν
838 495 1082 554 ἀμφοτέρων
1109 495 1222 555 αὐτῷ
1248 487 1530 553 προτεθέντων

8 561 306 620 5πραγμᾶτων.
376 563 460 606 ἐπεὶ
490 565 534 606 δὲ
563 569 684 607 τοῦτο
710 563 1034 621 καθωμολόγησε
1053 569 1211 618 θῦσαι,
1243 563 1440 620 βαλόντες
1464 567 1530 608 ἐπὶ

34 639 156 689 χεῖρα
174 632 302 675 αὐτοῦ
323 633 504 686 λίβανον,
540 633 596 683 εἷς
616 633 691 688 τὴν
710 638 785 676 τοῦ
805 638 953 688 βωμοῦ
971 634 1107 692 πυρὰν
1125 639 1308 691 καθῆκε,
1335 637 1404 677 καὶ
1419 634 1530 678 οὕτω

41 705 115 746 τοῦ
145 702 374 760 μαρτυρίου
408 702 489 744 ἀπὸ
519 706 602 744 τῶν
630 700 851 759 κρινάντων
876 702 1096 759 ἀπεβλήθη
1122 705 1190 747 καὶ
1217 708 1290 760 τῆς
1316 705 1531 760 ἐκκλησίας

41 768 220 826 ἓξῶσθη.
276 770 351 826 τὴν
365 769 672 828 Ἀλεξάνδρειαν
692 772 736 814 δὲ
755 772 884 815 λιπὼν
901 772 970 815 διὰ
993 773 1039 817 τὸ
1064 772 1217 824 ὄνειδος
1235 774 1310 829 τὴν
1327 774 1529 817 Ἰουδαίαν

42 840 276 894 κατέλαβεν.
346 839 532 883 ἀνελθὼν
562 841 607 884 δὲ
640 842 696 891 εἷς
719 839 984 899 Ἱεροσόλυμα
1010 841 1066 893 ὥς
1085 843 1281 898 ἐξηγητὴς
1299 845 1367 886 καὶ
1393 841 1529 900 λόγιος
1550 849 1579 885 Ρ
1602 850 1670 887 255

0 915 33 950 [0
44 908 308 967 προετρέπετο
327 909 408 953 ἀπὸ
427 914 500 953 τοῦ
520 909 696 968 ἶερατιόυ
717 912 782 952 ἐπὶ
800 916 874 966 τῆς
893 912 1104 966 ἐκκλησίας
1123 914 1269 955 εἰπεῖν·
1304 911 1531 970 πρεσβύτε-

42 995 115 1037 ρος
133 978 212 1035 γὰρ
236 982 489 1036 προϋπῆρχε.
558 981 626 1021 καὶ
646 979 779 1025 πολλὰ
797 983 1151 1037 καταναγκασθεὶς
1169 979 1249 1024 ὑπὸ
1273 986 1355 1024 τῶν
1377 982 1529 1039 ἱερέων,

40 1047 222 1099 ἀναστὰς
240 1048 308 1090 καὶ
328 1053 449 1092 τοῦτο
475 1046 602 1103 μόνον
619 1049 666 1092 τὸ
684 1048 808 1107 ῥητὸν
829 1048 951 1093 εἰπών
982 1048 1072 1108 “τῷ
1094 1051 1139 1093 δὲ
1163 1048 1396 1109 ἁμαρτωλῷ
1421 1049 1529 1095 εἶπεν

41 1115 63 1161 ὃ
84 1115 210 1169 θεός,
253 1117 323 1160 ἰ’να
344 1119 388 1161 τί
405 1117 456 1160 σὺ
484 1118 649 1175 ἐκδιηγῇ
678 1119 732 1161 τὰ
754 1117 1012 1173 δικαιώματά
1031 1136 1114 1174 μου
1135 1121 1202 1162 καὶ
1226 1118 1530 1174 ἄναλαμβάνεις

40 1186 115 1242 τὴν
133 1184 339 1241 διαθήκην
358 1204 439 1241 μου
460 1187 531 1230 διὰ
550 1185 754 1241 στόματός
770 1205 846 1232 σου
858 1188 907 1243 ,·”
934 1187 1089 1239 πτύξας
1106 1189 1152 1232 τὸ
1174 1190 1338 1244 βιβλίον
1359 1188 1528 1233 ἐκάθισε

0 1265 31 1301 ὶ5
40 1256 146 1311 μετὰ
178 1259 404 1310 κλαυθμοῦ
429 1258 498 1299 καὶ
527 1255 730 1313 δακρύων,
766 1256 929 1300 πάντων
949 1256 1053 1312 ὅμοῦ
1075 1257 1376 1314 συγκλαιόντων
1401 1259 1528 1318 αὐτῷ.

41 1326 117 1369 εἶσὶ
151 1326 196 1368 δὲ
222 1326 291 1367 καὶ
323 1325 441 1382 ἕτερα
468 1324 519 1368 τὰ
549 1327 640 1382 περὶ
671 1326 798 1381 αὐτοῦ
819 1324 1014 1382 λεγόμενά
1035 1344 1078 1370 τε
1098 1329 1166 1370 καὶ
1188 1326 1368 1387 ᾀδόμενα
1389 1328 1459 1371 διὰ
1479 1328 1527 1371 τὸ

41 1398 205 1449 πλῆθος
224 1398 298 1449 τῆς
318 1393 505 1450 γνώσεως
527 1394 654 1437 αὐτοῦ
676 1396 744 1437 καὶ
763 1394 992 1446 συντάξεως
1007 1401 1089 1439 τῶν
1109 1398 1283 1451 βιβλίων
1295 1411 1306 1422 ·
1343 1395 1444 1440 ὅθεν
1462 1398 1533 1439 καὶ

41 1463 306 1513 συντακτικός
348 1461 576 1518 ὠνομάσθη
620 1463 687 1506 διὰ
728 1463 776 1507 τὸ
810 1465 944 1507 πολλὰ
975 1466 1232 1521 πεποιηκέναι
1263 1467 1435 1520 βιβλία,
1469 1466 1530 1522 μὴ

41 1530 215 1584 ἀκούων,
244 1529 301 1582 ὥς
319 1530 437 1584 ἔοικε,
458 1536 534 1575 τοῦ
550 1531 796 1590 σοφωτάτου
810 1536 1079 1589 Σολομῶντος
1097 1535 1282 1591 λέγοντος
1301 1533 1416 1587 “υἶε’,
1445 1535 1527 1593 φῦ-
1548 1549 1580 1584 Β

0 1605 169 1650 ῑολασσε
196 1605 272 1645 τοῦ
304 1601 364 1656 μὴ
395 1608 523 1644 ποιεῖν
551 1603 696 1656 βιβλία
727 1602 885 1655 πολλά,
919 1605 987 1646 καὶ
1010 1604 1070 1659 μὴ
1097 1606 1245 1647 σπεῦδε
1267 1605 1331 1646 ἐπὶ
1354 1602 1534 1659 στόματί

42 1688 133 1723 σου,
160 1672 229 1714 καὶ
247 1671 398 1726 καρδία
418 1687 497 1714 σου
516 1670 576 1726 μὴ
595 1670 810 1725 ταχυνάτω
830 1677 904 1717 τοῦ
927 1674 1137 1729 ἐξενεγκεῖν
1154 1672 1277 1730 λόγον
1295 1673 1375 1717 ἀπὸ
1397 1690 1530 1732 προσ-

41 1738 156 1785 ώπου
175 1743 250 1783 τοῦ
273 1743 403 1792 θεοῦ,
437 1738 500 1782 ὅτι
535 1739 557 1783 ὅ
586 1740 688 1792 θεὸς
715 1742 758 1784 ἓν
788 1741 951 1801 οὐρανῷ
981 1741 1066 1785 ἅνω
1094 1744 1163 1785 καὶ
1193 1741 1245 1786 σὺ
1274 1742 1339 1784 ἐπὶ
1362 1747 1436 1798 τῆς
1455 1747 1533 1800 γῆς

41 1807 166 1854 κάτω.
235 1809 308 1853 διὰ
336 1813 458 1853 τοῦτο
490 1808 673 1854 ἴστωσαν
704 1810 745 1853 οἱ
772 1810 885 1868 λόγοι
915 1828 990 1855 σου
1019 1811 1171 1869 ὀλίγοι·
1203 1813 1280 1855 εἶσὶ
1311 1811 1392 1869 γὰρ
1412 1811 1528 1870 λόγοι

40 1940 91 1977 cis
122 1940 258 1976 artibus
290 1940 470 1976 inventum
494 1946 550 1975 est
572 1942 747 1986 quomodo
771 1941 1029 1978 circumventus
1052 1955 1074 1978 a
1097 1948 1197 1978 recto
1221 1942 1363 1978 detrudi
1387 1949 1524 1991 posset.

38 1988 326 2023 subornaverunt
348 1988 439 2022 enim
463 1988 636 2032 quendam
660 1988 774 2023 virum
797 1995 960 2034 turpem,
990 1989 1217 2035 Aethiopem,
1258 1990 1320 2034 qui
1342 1990 1419 2025 eius
1443 2002 1526 2025 cor-

38 2045 140 2080 pore,
163 2033 196 2067 si
219 2033 424 2069 santificare
446 2033 648 2077 abnuisset,
673 2035 717 2070 ad
742 2036 954 2071 obscoenam
975 2037 1182 2071 abuteretur
1203 2035 1398 2072 libidinem.
1447 2049 1525 2072 eam

38 2079 293 2125 turpitudinem
317 2079 422 2114 huius
443 2079 712 2116 machinationis
734 2093 805 2117 non
826 2083 948 2117 ferens
971 2083 1161 2128 Origenes,
1184 2093 1261 2117 cum
1288 2087 1384 2118 esset
1404 2082 1439 2116 ei
1463 2095 1527 2119 so-

38 2126 113 2161 luta
133 2125 246 2171 optio,
268 2125 307 2161 ia
330 2126 421 2161 hanc
442 2138 565 2161 vocem
589 2127 720 2173 erupit,
743 2128 837 2164 velle
851 2141 891 2163 se
913 2128 1130 2164 sacrificare.
1178 2128 1367 2174 statimque
1390 2128 1425 2163 ei
1442 2128 1526 2164 thus

37 2172 77 2208 in
99 2184 223 2207 manus
246 2177 303 2208 est
323 2172 512 2215 iniectum,
548 2173 643 2227 quod
674 2173 735 2209 ille
766 2174 805 2210 in
827 2186 952 2220 rogum
975 2187 1060 2210 arae
1081 2174 1238 2210 immisit.
1286 2179 1479 2221 eapropter
1501 2187 1526 2211 a

36 2218 215 2254 iudicibus
239 2231 263 2254 a
286 2218 449 2264 martyrii
471 2219 645 2263 digmtat‘e
666 2219 828 2266 repulsus
854 2222 1075 2267 ecclesiaque
1097 2221 1244 2265 eiectus,
1271 2233 1348 2256 cum
1371 2221 1531 2257 dedecus.

38 2266 108 2304 hoc
126 2277 198 2301 non
225 2266 358 2311 ferret,
390 2264 615 2300 Alexandrea
638 2265 764 2302 relicta
784 2268 823 2303 in
844 2268 1010 2304 Iudaeam
1033 2281 1072 2303 se
1095 2267 1257 2303 contulit.
1306 2279 1383 2302 cum
1407 2274 1525 2303 autem

37 2311 290 2356 Hierosolyma
321 2312 568 2358 pervenisset,
603 2314 823 2349 sacerdotum
847 2316 891 2349 ab
916 2327 958 2349 eo
984 2314 1168 2360 collegium
1192 2321 1232 2349 ut
1254 2314 1395 2349 homine
1416 2314 1523 2350 docto

37 2364 148 2404 atque
169 2358 367 2405 interprete
390 2358 585 2402 flagitavit,
620 2359 673 2394 uti
695 2360 829 2406 aliquid
854 2372 919 2407 pro
944 2361 1115 2396 concione
1140 2361 1293 2396 diceretx
1327 2365 1405 2395 erat
1428 2361 1523 2396 enim

36 2406 244 2452 presbyter.
290 2405 412 2450 itaque
431 2416 508 2439 cum
531 2405 715 2441 admodum
736 2418 778 2442 ur
802 2413 905 2443 erent
927 2407 1128 2454 pontifices,
1151 2407 1308 2442 surrexit
1328 2411 1436 2452 atque
1453 2407 1523 2442 hoc

37 2452 143 2487 modo
167 2451 299 2486 dictum
321 2450 568 2496 pronuntiavit
591 2450 670 2495 (Ps.
693 2453 756 2497 49)
778 2451 787 2464 ³
803 2454 982 2499 peccatori
1006 2460 1124 2489 autem
1144 2453 1233 2488 dicit
1253 2453 1435 2498 dominus,
1458 2464 1524 2489 cur

36 2503 78 2533 tu
97 2509 242 2533 enarras
267 2509 346 2533 mea
367 2497 468 2541 iura,
504 2502 540 2532 et
563 2509 675 2533 meum
695 2502 942 2535 testamentum
964 2500 1003 2534 in
1025 2512 1087 2535 ore
1109 2497 1288 2535 habes‘3”
1330 2499 1523 2546 statimque

36 2544 157 2580 clauso
173 2543 270 2580 libro>
282 2543 443 2579 consedit
458 2543 593 2578 eiulans
608 2549 716 2590 atque
729 2544 928 2591 lacrimans,
946 2547 1105 2582 omnibus
1121 2546 1183 2592 qui
1203 2546 1350 2581 aderant
1371 2546 1523 2582 hominis

36 2590 268 2627 miseratione
301 2602 371 2626 una
402 2590 584 2627 flentibus.
632 2596 716 2626 sunt
737 2598 775 2627 et
798 2593 908 2628 multa
927 2593 997 2628 alia
1020 2605 1112 2639 quae
1134 2594 1180 2628 de
1204 2604 1246 2627 eo
1271 2593 1438 2628 dicuntur
1462 2597 1522 2628 at-

37 2648 109 2683 que
131 2642 337 2682 cantuum,
374 2637 420 2672 de
451 2636 649 2672 eruditione
673 2637 749 2674 eius
771 2644 808 2674 et
829 2638 996 2674 librorum
1021 2639 1298 2685 compositione3
1328 2651 1351 2674 a
1373 2650 1522 2685 quorum

35 2683 259 2719 multitudine
280 2682 512 2729 syntecticus,
536 2683 640 2728 quasi
662 2685 885 2730 compositor,
910 2685 1026 2721 dictus
1050 2687 1132 2721 fuit.
1180 2690 1330 2732 apparet
1349 2697 1427 2721 eum
1448 2697 1520 2721 non

37 2730 203 2776 paruisse
224 2729 424 2765 Solomonis
449 2730 559 2773 dicto,
581 2729 635 2764 ita
657 2731 909 2777 praecipientis
935 2732 1092 2776 (Eccles.
1110 2732 1133 2768 5
1150 2737 1188 2768 et
1201 2734 1242 2778 6)
1264 2727 1352 2777 “fili‚
1368 2743 1458 2768 cave
1473 2744 1520 2768 ne

36 2776 164 2812 multos
174 2777 286 2812 libros
296 2776 422 2816 facias.
447 2787 564 2822 neque
574 2775 823 2824 festinaloqui,
842 2790 957 2824 neque
970 2784 1142 2826 properet
1155 2778 1290 2815 animm
1303 2782 1384 2815 tuus
1399 2790 1518 2815 coram

36 2823 106 2858 deo
126 2825 240 2859 verba
262 2824 397 2859 facere.
444 2835 522 2858 nam
548 2823 636 2858 deus
658 2822 697 2858 in
719 2823 818 2859 caelo
842 2835 951 2878 supra
974 2830 1049 2870 est,
1074 2831 1184 2872 tuque
1214 2825 1310 2861 infra
1335 2825 1375 2861 in
1403 2830 1515 2861 terra.

33 2868 158 2917 itaque
173 2882 356 2907 semones
376 2869 432 2907 tui
448 2870 522 2906 sint
544 2868 668 2917 pauci:
694 2881 816 2910 eorum
837 2882 930 2907 emm
950 2871 1173 2915 multitudine
1190 2875 1342 2919 augetur
1360 2873 1516 2920 vanitas.
