1742 3184
195 188 263 239 54
551 199 554 203 “
677 187 921 235 GEORGII
948 185 1198 234 GEDRENI

193 309 305 368 γείαν
346 307 417 353 ἅτε
454 307 701 366 πολυπείρου
732 307 800 350 καὶ
828 304 1048 348 Χαλδαίου
1082 299 1366 360 τυγχάνοντος.
1438 297 1686 358 ἀστρολογία

193 381 274 438 γὰρ
293 381 362 423 καὶ
378 380 526 435 μαγειά
547 377 628 421 ἀπὸ
648 377 935 434 Μαγουσαίων
954 373 1045 430 ἤτοι
1064 375 1243 430 Περσῶν
1260 371 1435 428 ἤρξατο·
1466 370 1506 413 οἶ
1525 367 1605 428 γάρ
1622 387 1686 413 τοι

193 450 358 507 Πέρσαι
393 440 561 506 Μαγώγ
592 446 671 492 ὑπὸ
707 451 789 491 τῶν
822 445 1027 502 ἐγχωρίων
1060 441 1339 498 ὀνομάζονται.
1411 442 1481 484 καὶ
1516 440 1568 495 δὴ
1601 443 1685 482 τῶν

194 517 455 578 ἀστρολόγων
493 519 561 562 καὶ
601 516 745 574 μάγων
782 514 1173 572 συναθροισθέντων
1212 510 1234 555 ὃ
1268 511 1466 567 βασιλεὺς
1504 508 1592 566 ἅμα
1626 513 1687 569 τῷ

188 589 381 647 ,Ἀβραὰμ
415 590 483 632 καὶ
515 594 600 638 τοῖς
635 585 859 642 συνήθεσιν
891 584 1130 640 ἓκαθκέσθη,
1167 584 1234 625 καὶ
1266 580 1440 637 ἡσυχίας
1471 579 1721 637 γενομένηςὸ

194 657 216 703 ὅ
235 660 425 718 Ἀβραὰμ
448 657 526 716 ἔφη
556 656 739 713 ((μαθεΐν
758 654 964 711 βούλομαι
982 654 1086 712 παρ’
1113 651 1229 708 ὑμῶν
1249 656 1330 695 τῶν
1351 655 1518 710 σοφῶν,
1555 653 1589 693 εἶ
1611 648 1687 693 δύ-

194 747 315 775 ναται
344 729 494 786 γένεσις
524 729 592 771 καὶ
619 728 767 784 μαγειά
786 723 953 780 βλάψαι
973 724 1062 767 τινὰ
1083 723 1111 779 ἢ
1132 723 1344 781 ὠφελῆσαι
1364 721 1471 764 κατὰ
1492 719 1566 776 τὴν
1584 718 1688 775 ὖμε-

195 799 317 858 τέραν
347 796 516 850 δόξαν.”
589 796 668 855 ἀφ’
702 791 758 840 ὧν
792 796 1034 853 ἀποκριθεὶς
1066 791 1315 851 ἀστρολόγος
1347 788 1451 835 εἶπεν
1483 789 1689 834 ἀδύνατον

141 875 172 911 C
197 867 297 913 εἶναι
327 867 549 924 ἄνθρωπον
575 866 689 925 παρὰ
713 866 865 923 γε’νεσιν
895 868 1149 920 τελευτῆσαι.
1218 861 1298 906 ὑπὸ
1327 861 1371 905 δὲ
1399 864 1474 904 τοῦ
1493 860 1688 919 Ἀβραὰμ

193 942 398 996 κραταιῶς
416 937 727 994 ἐξελεγχομένων
744 939 825 979 τῶν
845 933 1106 993 ἀστρολόγων
1123 932 1276 977 κελεύει·
1293 931 1314 976 ὅ
1333 931 1529 987 βασιλεὺς
1549 931 1688 999 ἀχθῆ-
1700 938 1742 975 10

192 1009 264 1052 ναί
278 1025 369 1051 τινα
390 1008 576 1062 δέσμιον,
611 1005 893 1062 ὑποβαλόντος
907 1002 1097 1062 Ἀβραάμ
1107 1036 1120 1057 ,
1148 1002 1590 1060 προκαταὸικασθέντα
1609 1020 1689 1045 πυ-

195 1077 422 1136 ρόκαυστον
463 1077 668 1133 γενέσθαι.
739 1076 939 1132 ἀχθέντος
971 1075 1016 1118 δὲ
1049 1075 1295 1131 προσέταξεν
1331 1070 1352 1116 ὅ
1384 1072 1582 1127 βασιλεὺς
1614 1070 1689 1127 τὴν

194 1147 322 1191 αὖτοῦ
355 1147 506 1204 γε’νεσιν
537 1147 719 1203 ἀκριβῶς
746 1145 1136 1204 ἐξερευνησαμένους
1156 1144 1227 1187 τὸν
1249 1141 1401 1201 τρόπον
1423 1143 1592 1198 ζητῆσαι
1614 1145 1688 1185 τοῦ

191 1215 393 1267 θανάτου.
463 1220 544 1261 τῶν
587 1217 632 1259 δὲ
676 1220 854 1271 συνεχῶς
895 1214 1257 1270 διασκεψαμένων,
1301 1214 1370 1256 καὶ
1403 1211 1598 1256 εἰπόντων
1625 1210 1689 1254 ὅτι

192 1288 474 1344 πυρποληθεὶς
511 1284 672 1336 πάντως
715 1286 1008 1336 ἀποθανεῖται,
1056 1289 1130 1339 τῆς
1167 1284 1360 1340 γενέσεως
1389 1280 1517 1337 μάλα
1541 1286 1688 1338 σαφῶς
1702 1285 1742 1324 1⁵

191 1360 311 1399 τοῦτο
340 1354 679 1413 διαγορευούσης,
717 1355 811 1398 ἀλλ’
849 1355 897 1397 οὗ
935 1359 1030 1407 νῦν,
1065 1354 1146 1410 ἕχει
1174 1353 1254 1410 γὰρ
1287 1352 1344 1397 ἔτι
1370 1350 1549 1410 χρόνους
1570 1354 1688 1408 ζωῆς,

192 1428 259 1472 καὶ
291 1424 404 1468 οὔπω
435 1424 626 1482 ἐληλύθει
658 1423 684 1481 ἡ
713 1424 803 1483 ὥρα
831 1429 906 1482 τῆς
933 1428 1123 1479 τελευτῆς
1147 1424 1290 1481 αὐτοῦ.
1360 1425 1429 1465 καὶ
1450 1420 1470 1464 ὅ
1492 1422 1690 1477 βασιλεὺς

139 1503 171 1541 D
190 1492 299 1552 “gyai
319 1493 498 1553 σήμερον
515 1495 689 1539 τοῦτον”
724 1493 863 1552 φήσας
885 1492 1140 1545 “cinam-‹2⁴50›
1157 1498 1230 1538 τοῦ
1249 1492 1325 1535 διὰ.
1337 1491 1469 1550 πυρὸς
1484 1491 1688 1545 θανάτου,

190 1569 248 1624 τῷ
281 1563 403 1608 {idam
435 1563 640 1617 ἀνελών,”
679 1566 746 1607 καὶ
768 1563 876 1607 οὕτω
897 1564 1093 1622 παραυτὰ
1114 1562 1311 1617 ποιήσας,
1347 1561 1451 1622 ἔργῳ
1480 1563 1689 1620 παρέστη-

192 1652 261 1678 σεν
281 1635 344 1679 ὅτι
366 1632 540 1677 δύναταί
554 1652 592 1677 τι
613 1634 727 1692 παρὰ
747 1634 898 1690 γε’νεσιν
917 1634 1123 1690 γενέσθαι.
1193 1630 1493 1688 ἦσυχασάντων
1516 1634 1561 1677 δὲ
1583 1631 1742 1676 πάν-90

191 1721 274 1750 των
299 1705 425 1761 φησὶν
448 1701 470 1746 ὃ
486 1704 678 1761 Ἀβραὰμ
706 1701 786 1747 ιεοὗ
815 1701 943 1759 μόνον
964 1703 1001 1746 οἳ
1024 1703 1239 1760 ἅνθρωποι
1264 1702 1371 1746 ἀλλὰ
1394 1704 1463 1745 καὶ
1485 1703 1536 1746 τὰ
1557 1702 1688 1760 ἄλογα

196 1774 281 1832 ζῷα
314 1771 546 1818 ὖπόκεινται
577 1774 742 1830 γενέσει.
814 1773 920 1816 ἀλλὰ
949 1776 1017 1817 καὶ
1046 1774 1082 1817 οἳ
1118 1772 1335 1830 ἄνθρωποι
1368 1773 1442 1828 μὲν
1470 1773 1607 1829 ἔχουσι
1640 1773 1687 1817 τὸ

193 1843 429 1902 ἐλευθέριον
457 1843 499 1887 ἓν
525 1842 685 1895 ἑαυτοῖς
693 1875 707 1896 ,
741 1842 800 1900 μὴ
831 1841 1085 1900 ὗποκείμενοι
1106 1843 1276 1902 γενέσει,
1312 1842 1464 1889 καθότι
1485 1847 1558 1899 τῆς
1578 1844 1689 1901 γενέ-

196 1974 326 2022 peritia
355 1975 529 2012 instructo
554 1988 595 2012 ac
619 1976 822 2021 Chaldaeo,
855 1977 1038 2013 contendit
1060 1977 1114 2014 uti
1137 1977 1363 2022 astrologiam
1383 1989 1426 2015 ac
1449 1977 1599 2023 magiam
1624 1990 1692 2024 pa-

195 2022 383 2059 tofaceret.
432 2023 626 2069 astrologia
661 2024 753 2060 enim
788 2028 826 2059 et
855 2024 971 2069 magia
1001 2037 1022 2059 a
1050 2023 1254 2069 Magusaeis
1277 2036 1340 2059 seu
1363 2024 1486 2059 Persis
1510 2031 1588 2060 orta
1612 2031 1690 2060 est:

196 2074 234 2103 et
258 2069 398 2114 quidem
421 2069 555 2106 Persae
576 2072 620 2106 ab
646 2070 825 2117 indigenis
847 2071 980 2116 Magog
997 2070 1235 2118 appellantur.
1285 2084 1371 2117 ergo
1393 2071 1552 2109 collectis
1572 2078 1690 2107 astro-

195 2114 286 2161 logis
312 2128 353 2152 ao
375 2116 485 2162 magis
508 2129 573 2153 rex
597 2129 673 2153 oum
696 2117 895 2153 Abrahamo
919 2124 955 2153 et
978 2118 1210 2153 familiaribus
1235 2118 1416 2163 consedit,
1451 2119 1618 2164 factoque
1638 2119 1692 2154 si-

195 2161 317 2206 lentio,
351 2159 420 2198 “ex
442 2164 547 2199 vobis
572 2177 592 2201 o
617 2161 833 2210 sapientes,”
865 2165 983 2211 inquit
1004 2165 1239 2211 Abrahamus‚
1269 2162 1497 2211 “intelligere
1519 2166 1624 2212 cupio
1645 2178 1691 2202 an

194 2210 384 2245 secundum
420 2216 573 2247 vestram
608 2212 810 2258 opinionem
840 2212 1010 2248 nativitas
1043 2225 1085 2249 ac
1114 2212 1230 2257 magia
1265 2215 1437 2259 prodesse
1466 2212 1600 2250 homini
1629 2218 1693 2250 aut

195 2267 323 2291 nocere
346 2254 498 2303 possit.”
546 2259 591 2294 ad
617 2259 703 2294 haec
727 2258 926 2303 astrologus
950 2259 1138 2305 respondit
1163 2259 1256 2294 nullo
1280 2260 1383 2294 modo
1408 2259 1490 2295 fieri
1521 2272 1626 2306 posse
1650 2264 1692 2296 ut

194 2302 296 2340 bomo
330 2315 432 2338 secus
457 2305 627 2340 moriatur
652 2317 755 2352 quam
780 2305 908 2340 natalis
934 2306 1023 2342 hora
1046 2306 1080 2341 ei
1105 2307 1307 2355 portendat.
1355 2306 1407 2344 ibi
1434 2318 1512 2343 eum
1535 2306 1689 2343 astrolo-

194 2361 259 2394 gos
290 2349 508 2387 Abrahamus
540 2352 658 2387 valide
691 2351 921 2387 convinceret
953 2353 1108 2398 erroris,
1145 2353 1322 2399 captivum
1354 2355 1528 2400 quendam
1561 2354 1691 2390 adduci

195 2407 261 2430 rex
283 2395 407 2441 iussit,
436 2398 487 2433 ita
511 2405 675 2436 monente
698 2399 919 2445 Abrahamo‚
945 2411 1047 2446 quem
1067 2399 1196 2435 iudicis
1215 2402 1394 2438 sententia
1414 2400 1484 2437 iam
1509 2406 1591 2437 ante
1614 2401 1691 2446 igni

196 2443 465 2480 comburendum
489 2446 737 2489 damnaverat3
774 2446 1025 2493 mandavitque
1048 2452 1088 2482 ut
1105 2447 1240 2484 natales
1264 2447 1341 2483 eius
1366 2453 1531 2484 accurate
1554 2448 1690 2484 exami-

197 2495 342 2534 narent,
376 2503 416 2526 ac
447 2504 515 2539 quo
547 2494 670 2529 mortis
701 2505 834 2539 genere
865 2494 1046 2540 periturus
1081 2499 1176 2529 esset
1204 2494 1490 2541 pronuntiarent.
1539 2507 1692 2542 respon-

197 2535 362 2589 dentibus
404 2537 449 2572 iis
489 2545 572 2587 post
610 2540 752 2581 multam
791 2541 1109 2576 considerationem
1143 2541 1284 2577 omnino
1319 2541 1495 2578 hominem
1523 2540 1692 2578 incendio

196 2587 412 2629 perlturum‚
446 2585 553 2632 idque
585 2587 776 2633 perspicue
804 2587 1028 2624 nativitatem
1060 2588 1137 2623 eius
1167 2588 1325 2634 dictare,
1358 2599 1476 2634 neque
1508 2593 1629 2624 tamen
1653 2590 1692 2626 id

197 2628 337 2672 statim,
369 2631 452 2675 quia
485 2639 553 2668 tem
582 2645 623 2668 us
657 2633 782 2669 mortis
813 2634 891 2669 eius
920 2635 1073 2669 nondum
1099 2635 1328 2683 appetiisset,
1366 2635 1431 2670 sed
1453 2635 1552 2670 vitae
1576 2637 1692 2672 adhuc

196 2673 330 2729 aliquid
353 2683 518 2724 restaret,
543 2676 550 2690 ⁸
568 2686 624 2715 ast
648 2677 736 2727 ego”
761 2681 879 2727 inquit
902 2693 968 2716 rex
989 2678 1121 2716 “hodie
1145 2694 1222 2717 eum
1246 2684 1292 2718 ab
1315 2681 1410 2728 ignis
1428 2682 1589 2729 pernicie
1607 2683 1691 2718 vin-

196 2720 344 2776 dicabo,
381 2723 417 2757 in
441 2737 534 2771 aqua
557 2725 804 2765 suffocatum.”
851 2728 1025 2774 simulque
1051 2729 1102 2763 ita
1125 2730 1178 2765 uti
1201 2729 1342 2764 dixerat
1362 2740 1441 2763 eum
1463 2741 1615 2775 necans,
1651 2742 1692 2766 re

196 2779 279 2822 ipsa
303 2768 558 2807 demonstravit
581 2773 697 2820 aliqua
720 2780 845 2810 contra
867 2775 1030 2811 natalitia
1053 2776 1200 2812 decreta
1217 2776 1300 2813 fieri
1318 2787 1439 2821 posse.
1486 2777 1690 2813 tacentibus

196 2814 280 2870 inde
306 2817 467 2853 omnibus
489 2819 707 2856 Abrahamns
730 2822 783 2857 ita
806 2823 918 2858 satur.
965 2818 1060 2858 “non
1092 2823 1252 2857 homines
1285 2823 1408 2868 modo,
1444 2824 1509 2860 sed
1528 2829 1565 2860 et
1583 2825 1691 2860 bruta

196 2862 390 2898 animantia
412 2866 487 2898 fato
511 2867 676 2902 natalicio
701 2869 863 2906 subiecta
893 2874 989 2904 sunt.
1038 2869 1220 2904 enimvero
1252 2868 1410 2905 homines
1433 2870 1472 2906 in
1497 2883 1578 2906 sese
1599 2870 1691 2916 ipsis

197 2907 399 2945 libertatem
428 2910 502 2947 fato
534 2913 594 2948 isti
623 2927 840 2962 nequaquam
870 2915 1058 2953 obnoxiam
1093 2917 1243 2953 habent:
1280 2922 1337 2954 est
1366 2917 1462 2955 enim
1490 2917 1693 2956 nativitatis
