1742 3184
184 191 283 239 308
460 246 463 250 ,
665 188 908 236 GEoRGn
937 186 1184 232 GEDRENI

186 324 264 363 μον
282 304 353 350 οὔκ
373 303 497 364 ἔφαγε
520 301 659 361 πάσχα
671 334 684 355 ,
715 301 812 345 ἀλλ’
841 300 965 352 αὐτὸς
981 298 1082 358 ὗπέρ
1102 297 1219 356 ἡμῶν
1238 296 1381 355 ἐτύθη.
1449 296 1512 343 ὅτι
1541 298 1587 342 δὲ
1614 299 1663 343 οὗ

189 375 293 420 κατὰ
318 375 392 431 τὴν
422 374 475 418 ιδ’
502 372 704 417 ἐπετέλεσε
735 371 781 414 τὸ
805 368 971 425 πάσχα,
1006 368 1110 412 ἀλλὰ
1135 368 1214 426 πρὸ
1235 366 1380 412 τούτου
1400 368 1446 411 τὸ
1469 369 1666 423 μυστικὸν

189 446 340 489 ἐτέλεσε
368 447 547 494 δεῖπνον,
583 440 648 485 ὅτε
677 442 746 483 καὶ
774 438 795 482 ὃ
831 438 1032 496 ἁγιασμὸς
1057 442 1138 482 τῶν
1166 437 1330 494 ἀζύμων
1347 439 1415 480 καὶ
1434 435 1460 493 ἦ
1479 455 1666 495 προετοι-

190 517 320 570 μασία
351 515 425 567 τῆς
455 509 597 568 ἑορτῆς
626 510 797 566 ἐγίνετο,
828 507 1055 566 εὑρίσκεται
1081 513 1167 558 τοῖς
1189 511 1400 562 μαθηταῖς
1420 506 1668 562 μεταδιδοὺς

192 584 240 627 οὗ
260 580 448 637 θύματος
467 580 560 623 οὐδὲ
581 577 767 633 ἀζύμων,
804 578 897 621 ἀλλ’
923 576 1050 635 ἄρτου
1073 578 1141 619 καὶ
1160 577 1368 634 ποτηρίου.
1678 582 1701 618 5

332 650 384 693 Οἳ
412 650 455 692 δὲ
482 649 555 703 τὴν
584 649 767 705 γέννησιν
797 652 870 690 τοῦ
898 649 1085 704 Χριστοῦ
1118 644 1425 703 ἀναγράφοντες
1446 645 1503 694 εἲς
1523 643 1569 687 τό
1592 641 1668 702 ‘esp'

190 718 280 770 ἔτος
296 720 363 762 καὶ
382 719 428 761 τὸ
447 715 584 767 πάθος
606 718 647 760 ἓν
665 721 724 776 τῷ
741 713 868 776 Ιεφλφί
886 714 1141 777 σφάλλουσι,
1174 715 1233 770 μὴ
1262 714 1337 769 τὴν
1365 713 1574 771 ἀκρίβειαν
1597 717 1670 756 τοῦ

193 788 307 839 ἔτους
337 786 606 842 ἐπιστάμενοι.

331 857 453 900 Κατὰ
484 856 581 906 τοὺς
607 852 783 912 χρόνους
808 857 881 909 τῆς
907 850 1104 911 ἓνσάρκου
1136 852 1350 908 ἐπιδημίας
1381 850 1570 909 Χριστοῦ
1599 855 1673 893 τοῦ

143 941 174 976 c
199 928 400 982 ἀληθινοῦ
429 929 533 968 θεοῦ
561 923 678 980 ἡμῶν
701 918 751 980 ἦν
771 941 833 974 τις
851 920 1058 980 τοπάρχης
1079 920 1235 972 πόλεως
1252 921 1470 976 Ἐδέσσης,
1504 917 1674 975 ὀνόματι
1687 928 1730 964 10

196 995 407 1053 Αἷίγαρος.
476 995 739 1049 διαδοθείσης
755 987 826 1036 οὖν
844 996 1052 1047 πανταχοῦ
1073 995 1149 1047 τῆς
1168 995 1249 1034 τῶν
1270 990 1518 1045 θαυμασίων
1537 988 1677 1047 φήμης

196 1068 386 1124 Χριστοῦ
418 1067 493 1107 τοῦ
523 1068 624 1107 θεοῦ
653 1061 770 1118 ἡμῶν
782 1094 795 1114 ,
826 1060 1006 1112 ἀκούσας
1029 1062 1097 1103 καὶ
1122 1060 1245 1111 αῧτὸς
1265 1058 1286 1102 ὃ
1307 1059 1450 1118 ῥηθεὶς
1470 1057 1678 1116 τοπάρχης

198 1136 380 1187 ἐξίστατο
403 1133 468 1176 ἐπὶ
489 1131 648 1183 τούτοις
670 1133 738 1174 καὶ
761 1129 901 1174 ἐπόθει
925 1132 1022 1173 ι’δεΐν
1044 1130 1114 1172 τὸν
1134 1127 1333 1187 Χριστόν.
1403 1128 1477 1171 οὐκ
1498 1126 1676 1184 ἠδύνατο

200 1205 244 1248 δὲ
273 1205 342 1246 διὰ
374 1202 420 1246 τὸ
452 1199 626 1252 ἀνιάτως
651 1207 794 1245 νοσεῖν.
863 1198 1011 1258 γράφει
1032 1200 1164 1242 τοίνυν
1183 1198 1397 1253 ἐπιστολὴν
1417 1196 1520 1255 πρὸς
1539 1195 1678 1248 αὐτόν,

199 1273 251 1330 ἦν
279 1272 484 1315 ἀπέστειλε
515 1271 573 1314 δι’
599 1271 783 1315 Ἀνανίου
812 1273 894 1313 τῶν
925 1268 1053 1312 αὐτοῦ
1083 1265 1376 1325 ταχυδρόμων,
1412 1266 1457 1318 ὃς
1487 1267 1528 1309 ἓν
1559 1267 1678 1325 πείρᾳ
1693 1276 1735 1311 15

202 1340 391 1399 ἐτύγχανε
433 1342 501 1384 καὶ
540 1344 613 1396 τῆς
653 1341 911 1397 ζωγραφικῆς
940 1338 1094 1393 τέχνης.
1161 1335 1400 1395 παρήγγειλε
1435 1336 1479 1378 δὲ
1515 1336 1625 1393 αὐτῷ
1659 1332 1681 1376 ὃ

203 1411 401 1469 Αῦγαρος
437 1413 577 1464 λαβεῖν
608 1411 649 1452 ἐν
680 1410 812 1452 σανίδι
844 1407 890 1451 τὸ
925 1406 1114 1462 ὁμοίωμα
1144 1410 1217 1462 τῆς
1249 1410 1323 1449 τοῦ
1345 1407 1531 1464 Χριστοῦ
1557 1404 1682 1454 mefac.

205 1480 231 1538 ἦ
258 1482 300 1524 δὲ
321 1478 512 1534 ἐπιστολὴ
533 1483 606 1522 τοῦ
624 1476 825 1536 Αὗγάρου
847 1477 951 1519 κατὰ
972 1475 1085 1534 ῥῆμα
1102 1476 1261 1527 διέξεισι
1281 1472 1393 1518 τάδε.
1455 1472 1685 1531 (ςΑῦγαρος

205 1549 416 1607 τοπάρχης
444 1547 599 1599 πόλεως
623 1549 818 1602 Ἐδέσσης
841 1547 976 1602 Ἰησοῦ
993 1549 1148 1602 σωτῆρι
1170 1545 1341 1603 ἀγαθῷ,
1377 1543 1619 1602 ἀναφανέντι
1644 1543 1686 1585 ἐν

206 1618 322 1662 πόλει
338 1617 631 1676 Ἱεροσολύμων
640 1649 654 1669 ,
686 1618 855 1674 χαίρειν.
923 1613 1125 1667 &novarat
1141 1631 1213 1669 μοι
1234 1613 1287 1657 τὰ
1308 1615 1398 1671 περὶ
1420 1617 1498 1657 σοῦ
1518 1614 1585 1656 καὶ
1606 1616 1742 1657 τῶνΞΟ

208 1693 293 1733 σῶν
328 1685 512 1742 ιάμάτων
545 1685 601 1737 ὥς
637 1684 731 1728 ἄνευ
769 1680 1001 1743 φαρμάκων
1029 1681 1109 1726 {md
1142 1700 1216 1726 σου
1249 1683 1487 1739 γινομένων·
1522 1680 1579 1733 ὦς
1607 1681 1688 1739 γὰρ

157 1772 190 1809 D
214 1757 332 1814 λόγος
341 1789 353 1809 ,
386 1755 567 1814 τυφλοὺς
596 1754 836 1809 ἀναβλέπειν
867 1759 1015 1805 ποιεῖς,
1041 1752 1204 1808 χωλοὺς
1229 1759 1482 1809 περιπατεῖν,
1517 1749 1691 1809 λεπροὺς

211 1827 472 1884 καθαρίζεις,
508 1826 577 1867 καὶ
606 1823 829 1881 ἀκάθαρτα
855 1821 1065 1878 πνεύματα
1087 1821 1194 1880 λόγῳ
1217 1820 1472 1874 ἀπελαύνεις,
1506 1820 1692 1870 καὶτοὺς

214 1896 256 1940 ἔν
283 1894 537 1957 μακρονοσιά
568 1892 913 1949 βασανιζομένους
940 1889 1183 1950 θεραπεύεις
1216 1892 1285 1934 καὶ
1321 1891 1486 1948 νεκροὺς
1517 1891 1693 1948 ἐγείρεις.

215 2052 296 2099 ipse
325 2061 391 2095 pro
422 2047 525 2084 nobis
557 2047 700 2083 victima
728 2046 843 2082 factus
867 2050 935 2082 est.
982 2046 1075 2092 quod
1099 2049 1215 2080 autem
1238 2056 1308 2080 non
1330 2043 1464 2079 decimo
1488 2047 1612 2090 quarto
1637 2043 1697 2079 die

215 2097 348 2144 pascha
371 2095 626 2139 celebraverit,
659 2093 723 2129 sed
745 2105 823 2129 eum
847 2093 1066 2139 anteceperit
1099 2091 1271 2138 mysticae
1301 2103 1433 2126 coenae
1461 2089 1697 2135 institutione,

216 2156 288 2190 quo
312 2148 472 2189 tempore
492 2142 818 2177 infermentatorum
841 2151 968 2186 panum
995 2138 1228 2174 sanctificatio
1253 2142 1290 2173 et
1311 2137 1519 2172 festivitatis
1543 2148 1698 2183 appara-

217 2196 278 2226 tus
311 2195 481 2235 aguntur,
513 2192 717 2233 argumento
751 2192 827 2231 est,
858 2186 942 2232 quia
959 2185 1140 2231 discipulis
1162 2196 1232 2220 non
1254 2185 1300 2220 de
1321 2184 1466 2220 victima
1489 2189 1527 2219 et
1546 2183 1699 2230 panibus

218 2235 501 2280 infermentatis,
525 2235 590 2270 sed
612 2245 738 2280 panem
762 2238 799 2268 et
819 2232 938 2268 vinum
962 2232 1122 2267 tradidit.

313 2282 388 2324 Qui
409 2282 589 2317 Christum
610 2280 770 2316 scribunt
792 2291 881 2314 anno
905 2278 996 2314 5500
1019 2284 1157 2324 natum,
1181 2289 1273 2313 anno
1296 2276 1388 2313 5533
1410 2275 1584 2324 supplicio
1608 2276 1700 2311 affe-

220 2333 336 2374 ctum,
362 2333 482 2364 errant
502 2339 617 2374 neque
641 2326 801 2373 praecise
823 2337 932 2361 annos
956 2330 1098 2360 norunt.

314 2376 372 2411 Eo
394 2381 553 2421 tempore
577 2386 646 2420 quo
671 2373 708 2408 in
730 2372 835 2409 terris
859 2373 959 2407 homo
982 2371 1144 2407 Christus
1169 2370 1264 2416 egit,
1286 2369 1355 2405 fuit
1380 2368 1521 2416 quidam
1540 2369 1703 2404 Edessae

222 2422 365 2468 regulus
397 2422 537 2457 nomine
564 2421 739 2466 Augarus.
788 2420 834 2455 ad
863 2419 955 2453 hunc
986 2430 1127 2464 quoque
1158 2417 1400 2452 miraculorum
1433 2428 1457 2451 a.
1489 2417 1555 2450 deo
1579 2419 1701 2450 nostro

224 2469 370 2504 Christo
405 2468 579 2504 editorum
609 2467 765 2512 undique
796 2477 920 2511 sparsa
952 2465 1116 2511 pervenit
1149 2465 1266 2506 fama3
1303 2474 1449 2509 quorum
1471 2462 1703 2497 admiratione

224 2515 406 2570 perculsus
429 2515 608 2550 Christum
630 2514 757 2549 videre
774 2512 1003 2548 desideravit.
1051 2510 1145 2558 quod
1165 2523 1210 2546 ne
1228 2511 1350 2554 fieret,
1373 2508 1562 2544 insanabili
1579 2509 1701 2543 morbo

225 2561 493 2607 impediebatur.
540 2561 662 2606 itaque
684 2561 730 2595 ad
754 2571 830 2594 eum
853 2558 962 2593 mittit
995 2557 1178 2605 epistolam
1201 2569 1266 2603 per
1286 2567 1390 2591 unum
1415 2555 1460 2590 de
1482 2555 1556 2590 suis
1580 2566 1703 2590 curso-

225 2607 325 2642 ribus
348 2607 516 2643 Ananiam
542 2607 700 2651 nomine,
723 2605 828 2651 eique
849 2606 954 2650 (nam
977 2611 1013 2639 et
1035 2604 1182 2650 pingere
1199 2604 1323 2647 norat)
1347 2603 1490 2637 mandat
1508 2606 1548 2636 ut
1565 2601 1704 2636 Christi

226 2653 372 2687 formam
405 2654 443 2688 in
476 2653 596 2689 tabula
628 2653 848 2700 depingeret.
897 2651 1066 2698 epistolae
1098 2650 1292 2696 exemplum
1321 2648 1415 2683 infra
1443 2648 1612 2694 scriptum
1635 2652 1703 2683 est.

226 2695 411 2744 “Augurus
433 2700 576 2746 regulus
597 2700 758 2735 Edessae
789 2698 886 2734 urbis
910 2699 992 2732 Iesu
1016 2696 1194 2732 servatori
1215 2697 1306 2731 bono
1320 2722 1330 2740 ,
1364 2695 1531 2730 existenti
1553 2695 1591 2729 in
1615 2695 1703 2728 urbe

227 2744 495 2790 Hierosolyma,
521 2746 680 2781 salutem.
730 2745 870 2781 allatum
893 2745 938 2780 ad
962 2756 1016 2779 me
1041 2749 1096 2779 est
1117 2748 1154 2778 te
1176 2742 1253 2778 sine
1277 2741 1538 2777 medicamentis
1561 2742 1702 2775 morbos

227 2790 422 2835 depellere:
457 2793 571 2827 fertur
593 2793 684 2828 enim
707 2794 771 2828 abs
794 2797 831 2827 te
854 2791 970 2826 caecis
994 2791 1128 2835 visum,
1165 2788 1297 2824 claudis
1329 2788 1524 2834 ingressum
1547 2787 1702 2828 restitui,

226 2835 387 2891 leprosos
417 2839 624 2883 repurgari,
667 2839 858 2884 verbisque
888 2837 958 2873 tuis
990 2837 1184 2872 immundos
1216 2834 1362 2882 spiritus
1394 2835 1513 2880 abigi,
1547 2845 1608 2869 eos
1641 2833 1703 2878 qui

229 2882 404 2918 diuturnis
427 2885 557 2919 morbis
579 2891 788 2932 torquentur
810 2884 947 2931 sanari,
981 2889 1134 2920 mortuos
1157 2883 1196 2918 in
1218 2882 1327 2918 vitam
1351 2880 1526 2917 revocari.
1575 2878 1703 2926 quibus
