1742 3184
221 166 319 223 318
556 199 558 202 v
703 161 943 221 GEoRGn
977 171 1225 219 GEDREM

350 290 573 336 Ἐντεῦθεν
589 290 726 335 τοίνυν
745 288 913 348 ἄρχεται
929 287 956 346 ἦ
972 286 1146 348 τετάρτη
1165 287 1380 345 βασιλεία,
1415 287 1468 346 ἣν
1486 286 1509 334 ὅ
1530 289 1692 347 Δανιὴλ

218 364 262 406 ἓν
281 367 335 420 τῇ
361 367 443 405 τῶν
467 359 677 419 τεσσάρων
702 362 862 417 θηρίων
889 360 1065 419 ὀπτασίᾳ
1097 360 1291 417 τέταρτον
1319 360 1468 417 θηρίον
1496 360 1692 419 διαφέρον

214 436 296 477 τῶν
317 430 451 474 ἄλλων
471 435 673 489 τροπικῶς
692 428 902 484 ὀνομάζει,
938 431 990 488 ἐφ
1015 423 1065 472 οὗ
1094 431 1162 472 καὶ
1193 426 1214 471 ὃ
1239 433 1321 472 τῶν
1348 426 1521 486 πρώτων
1541 427 1690 473 τεσσά-

214 519 296 560 ρων
315 502 521 557 στοιχείων
543 499 792 557 δημιουργὸς
812 501 878 542 καὶ
898 498 969 543 τὸν
987 499 1284 557 τετραπέρατον
1309 495 1464 553 κόσμον
1484 497 1690 555 συνδήσας

213 573 256 615 ἓν
273 569 432 621 τούτοις
444 571 610 625 Ἰησοῦς
625 568 810 626 Χριστὸς
835 567 1054 627 ἔσαρκώθη
1076 569 1144 611 διὰ
1163 567 1237 623 τὴν
1255 565 1453 625 ἡμετέραν
1473 570 1687 626 σωτηρίαν.
1701 576 1723 612 5

211 639 313 684 ὅθεν
339 638 504 690 εἰκότως
525 639 652 695 μέγας
682 637 877 693 βασιλεὺς
906 640 974 681 καὶ
1005 639 1202 693 ἐπίσημος
1235 635 1336 694 ὑπὲρ
1366 635 1522 688 πάντας
1545 635 1567 680 ὃ
1594 636 1691 681 Αὕ-

210 726 382 767 γουστος
421 710 488 751 καὶ
530 707 702 759 δυνατὸς
737 706 947 764 γενόμενος
977 706 1147 759 ὑπέταξε
1180 706 1255 757 τὰς
1280 706 1452 765 μερικὰς
1480 709 1691 761 βασιλείας

211 778 366 830 πάσας,
404 778 474 820 διὰ
502 777 572 820 τὸν
601 779 643 820 ἓν
674 783 764 828 ταῖς
797 775 971 834 ἡμέραις
1001 777 1127 821 αὐτοῦ
1155 776 1330 832 βασιλέα
1352 780 1427 819 τοῦ
1448 776 1600 827 παντὸς
1621 779 1690 819 καὶ

159 854 190 889 Β
215 848 354 906 κύριον
371 846 591 902 τεχθέντα,
626 846 732 890 κατὰ
753 846 827 901 τὴν
854 847 1031 890 Ἠσαίου
1055 847 1327 905 προφητείαν·
1369 847 1470 903 φησὶ
1489 844 1566 905 γάρ
1590 844 1689 888 “nai

212 917 325 961 ἔσται
358 918 399 959 ἐν
426 923 516 967 ταῖς
545 914 735 971 ἐσχάταις
764 914 936 974 ἡμέραις
966 917 1144 973 ἐμφανὲς
1175 915 1222 959 τὸ
1254 914 1350 973 ὅρος
1375 916 1539 973 κυρίου,
1574 917 1640 958 καὶ
1664 914 1742 957 510

213 985 322 1037 οἶκος
341 991 415 1029 τοῦ
440 990 544 1028 θεοῦ
563 986 627 1028 ἐπ’
655 985 792 1043 ἄκρων
812 990 893 1028 τῶν
917 986 1055 1042 ὀρέων.
1124 987 1191 1028 καὶ
1209 983 1483 1040 ὑψωθήσεται
1499 982 1688 1042 ὖπεράνω

211 1060 294 1099 τῶν
313 1059 494 1111 βουνῶν,
531 1056 598 1097 καὶ
622 1053 787 1110 ἥξουσιν
809 1056 876 1098 ἐπ’
905 1055 1029 1099 αὐτὸν
1048 1051 1182 1098 πάντα
1210 1055 1262 1097 τὰ
1291 1052 1392 1109 ἔθνη
1403 1086 1417 1106 ,
1451 1056 1519 1096 καὶ
1537 1052 1687 1112 πορεύ-

213 1142 355 1170 σονται
377 1126 469 1167 λαοὶ
490 1125 646 1176 πολλοί,
682 1126 748 1167 καὶ
766 1125 904 1182 ἐροῦσι
923 1127 1033 1167 δεῦτε
1052 1124 1267 1178 ἄναβῶμεν
1285 1125 1341 1174 εἷς
1360 1124 1405 1166 τὸ
1426 1121 1522 1181 ὅρος
1544 1125 1686 1181 κυρίου

213 1197 281 1237 καὶ
302 1197 359 1245 εἷς
377 1193 448 1237 τὸν
469 1192 578 1237 οἷκον
598 1198 672 1236 τοῦ
687 1198 789 1236 θεοῦ
804 1192 966 1248 Ἰακώβ.
1037 1195 1105 1236 καὶ
1124 1193 1336 1249 ἀναγγελεῖ
1358 1191 1456 1248 ἡμῖν
1485 1192 1561 1248 τὴν
1591 1190 1688 1235 ὁδὸν

213 1265 354 1316 αὐτοῦ,
381 1265 448 1306 καὶ
466 1261 757 1321 πορευσόμεθα
775 1263 817 1305 ἓν
835 1263 951 1320 αὐτῇ.
993 1263 1037 1306 ἐκ
1058 1262 1137 1321 γὰρ
1155 1262 1263 1305 Σιὼν
1282 1260 1526 1313 ἐξελεύσεται
1548 1260 1685 1317 νόμος,
1700 1266 1741 1302 15

211 1335 280 1376 καὶ
310 1332 430 1389 λόγος
458 1334 600 1390 κυρίου
633 1334 675 1384 ἐξ
701 1330 983 1389 Ἰερουσαλήμ.
1052 1334 1119 1376 καὶ
1145 1338 1277 1389 κρινεῖ
1304 1331 1382 1374 ἀνὰ
1402 1332 1528 1386 μέσον
1551 1333 1686 1374 ἐθνῶν

207 1407 384 1456 πολλῶν,
418 1404 486 1445 καὶ
510 1402 655 1458 ἐλέγξει
674 1401 937 1446 λαὸνπολύν.
1015 1404 1082 1445 καὶ
1106 1399 1361 1458 συγκόψουσι
1383 1400 1458 1452 τὰς
1477 1402 1686 1459 μαχαίρας

208 1473 343 1515 αὐτῶν
377 1474 432 1523 εἷς
462 1470 619 1530 ἄροτρα
649 1474 716 1514 καὶ
749 1471 824 1522 τὰς
851 1469 1015 1527 ζιβύνας
1046 1471 1180 1515 αὕτῶν
1204 1474 1260 1522 εἷς
1289 1470 1480 1527 δρέπανα.
1549 1473 1615 1513 καὶ
1636 1470 1685 1513 οὗ

156 1547 187 1583 C
209 1540 386 1597 λήψεται
405 1541 525 1592 ἔθνος
543 1541 609 1583 ἐπ’
633 1540 754 1591 ἔθνος
772 1539 995 1599 μάχαιραν,
1029 1543 1097 1584 καὶ
1119 1541 1166 1583 οὗ
1186 1541 1244 1596 μὴ
1262 1538 1459 1594 μάθωσιν
1482 1539 1540 1582 ἔτι
1563 1543 1684 1582 πολε-

205 1611 339 1667 μεΐν.”
412 1610 475 1654 ὅτι
497 1611 542 1652 δὲ
560 1610 630 1653 τὸν
651 1610 753 1665 μετὰ
783 1611 859 1665 τὴν
878 1615 953 1654 τοῦ
977 1611 1117 1668 κυρίου
1138 1610 1365 1667 παρουσίαν
1384 1610 1739 1667 προσημαίνον-20

205 1698 274 1723 ται
297 1684 427 1723 ταῦτα
456 1677 622 1743 καιρόν,
662 1679 714 1722 τὰ
734 1677 956 1737 πράγματα
989 1683 1135 1738 σαφῶς
1166 1683 1436 1737 μαρτυροῦσι.
1505 1678 1584 1737 πρὸ
1610 1679 1684 1734 μὲν

206 1750 286 1807 γὰρ
306 1754 378 1805 τῆς
392 1747 603 1804 Ῥωμαίων
619 1750 830 1803 βασιλείας
849 1751 991 1805 συχναὶ
1008 1753 1089 1792 τῶν
1107 1750 1241 1792 ἐθνῶν
1256 1748 1350 1791 κατ’
1372 1745 1560 1803 ἀλλήλων
1582 1750 1684 1792 ε’πα-

207 1818 420 1870 ναστάσεις
439 1819 627 1875 ἐγίνοντο,
656 1817 725 1861 ἅτε
749 1818 798 1873 δὴ
821 1819 925 1861 καθ’
952 1819 1120 1862 ἕκαστον
1143 1818 1263 1869 ἔθνος
1284 1822 1357 1873 τῆς
1375 1819 1586 1872 βασιλείας
1607 1835 1684 1873 με·

206 1888 471 1947 μερισμένης·
510 1886 646 1943 πάσης
677 1888 722 1930 δὲ
751 1886 966 1944 ’ἡγεμονίας
988 1891 1044 1938 εἷς
1069 1886 1295 1942 Ῥωμαίους
1317 1889 1608 1943 μετατεθείσης
1628 1890 1685 1931 εἵ-

298 1997 413 2043 Atque
435 1997 504 2032 hoc
526 2000 582 2032 est
600 1995 738 2031 initium
762 1996 879 2042 quarti
902 1996 1017 2042 regni,
1041 1996 1134 2041 quod
1155 1995 1335 2039 Danielus,
1360 2007 1436 2030 cum
1460 1995 1495 2031 ei
1518 2000 1685 2043 quattuor

207 2044 372 2079 animalia
395 2049 620 2090 apparerent,
645 2043 716 2077 sibi
733 2042 891 2078 animalis
910 2043 1029 2088 specie
1052 2055 1072 2077 a
1096 2042 1243 2088 reliquis
1265 2042 1453 2078 differente
1471 2054 1683 2089 repraesen-

205 2097 316 2126 tatum
340 2091 408 2136 ait,
445 2102 514 2137 quo
545 2090 735 2126 veheretur
766 2090 955 2135 primorum
979 2094 1147 2135 quattuor
1172 2089 1418 2124 elementorum
1443 2089 1585 2135 opifex,
1621 2089 1684 2135 qui

206 2138 505 2184 quatripatentum
530 2137 692 2171 mundum
716 2136 958 2179 concinnavit3
999 2147 1068 2181 quo
1092 2148 1202 2181 regno
1231 2136 1369 2171 scilicet
1391 2143 1535 2171 nostrae
1557 2136 1682 2171 salutis

162 2211 168 2215 -
206 2196 314 2220 causa
336 2185 438 2219 Iesus
463 2183 626 2218 Christus
659 2183 760 2217 homo
794 2188 895 2218 natus
927 2187 994 2217 est.
1043 2194 1153 2228 quare
1185 2182 1310 2217 merito
1345 2182 1504 2218 omnibus
1537 2182 1683 2228 regibus

202 2231 318 2267 maior
339 2230 581 2276 illustriorque
603 2229 673 2264 fuit
689 2232 879 2275 Augustus,
904 2229 1089 2274 omniaque
1111 2229 1338 2276 particularia
1356 2241 1467 2274 regna
1486 2240 1550 2264 suo
1569 2229 1682 2274 impe-

203 2278 259 2313 rio
284 2277 447 2322 subiecit,
483 2282 632 2324 propter
653 2287 731 2310 eum
754 2276 814 2321 qui
837 2275 950 2322 ipsius
974 2281 1091 2311 aetate
1111 2277 1209 2311 nasci
1231 2275 1354 2311 debuit
1376 2287 1440 2311 rex
1464 2282 1501 2311 et
1521 2276 1682 2311 dominus

203 2324 375 2369 universi,
393 2336 483 2369 quae
493 2323 621 2358 Esaias
634 2322 689 2357 his
702 2322 819 2357 verbis
831 2322 1058 2368 praedixerat
1067 2324 1163 2369 (cap.
1174 2324 1213 2367 2)
1227 2319 1381 2357 “ultimis
1393 2334 1500 2369 porro
1512 2322 1681 2368 tempori-

202 2371 269 2406 bus
283 2382 381 2405 mons
394 2370 524 2406 domini
540 2370 610 2405 erit
622 2368 781 2414 illustris,
798 2370 974 2414 aedesque
990 2369 1048 2404 dei
1063 2370 1100 2404 in
1116 2381 1246 2404 summo
1265 2369 1449 2404 montium:
1467 2369 1682 2404 exaltabitur

202 2429 312 2464 supra
334 2417 453 2462 colles,
479 2421 515 2452 et
537 2418 583 2451 ad
609 2426 685 2451 eam
710 2415 978 2463 proficiscentur
1002 2427 1121 2451 omnes
1145 2415 1319 2450 nationes.
1366 2415 1535 2461 multique
1557 2414 1680 2462 populi

200 2463 322 2508 ibunt,
359 2476 400 2498 ac
429 2463 567 2498 dicent:
611 2462 758 2508 agedum
799 2463 1070 2498 conscendamus
1107 2467 1258 2497 montem
1290 2461 1420 2497 domini
1452 2468 1489 2497 et
1516 2463 1680 2497 adeamus

202 2510 324 2544 aedem
348 2510 406 2544 dei
428 2510 591 2545 Iacobei:
624 2510 654 2544 is
685 2508 786 2544 nobis
818 2509 911 2543 viam
933 2520 1030 2544 suam
1059 2508 1286 2553 monstrabit,
1318 2509 1426 2554 inque
1450 2520 1492 2543 ea
1515 2520 1579 2544 nos
1604 2520 1677 2543 am-

199 2555 409 2592 bulabimus.
457 2568 536 2591 nam
560 2557 604 2591 de
623 2555 732 2590 Sione
751 2555 808 2590 lex
831 2556 1044 2601 egredietur,
1071 2560 1108 2590 et
1131 2567 1245 2590 sermo
1269 2554 1400 2589 domini
1417 2555 1678 2600 Hierosolymis

202 2602 330 2644 exibit3
355 2608 460 2648 atque
482 2614 605 2638 causas
629 2603 811 2637 multarum
832 2602 864 2636 is
887 2602 1064 2637 nationum
1089 2601 1316 2648 disceptabit,
1343 2606 1379 2636 et
1399 2601 1566 2648 populum
1589 2601 1679 2636 mul-

201 2653 273 2682 tum
298 2654 434 2693 arguet.
481 2655 565 2684 tunc
589 2650 632 2684 de
655 2648 781 2695 gladiis
810 2648 881 2683 suis
906 2660 1065 2684 vomeres
1090 2654 1126 2684 et
1149 2649 1194 2683 de
1219 2647 1362 2682 frameis
1384 2648 1458 2683 suis
1480 2648 1590 2683 falces
1615 2659 1677 2682 cu—

202 2694 299 2747 dent,
325 2706 438 2748 neque
462 2707 549 2753 gens
573 2702 697 2731 contra
719 2699 860 2742 gentem
882 2695 1033 2740 gladium
1055 2695 1215 2742 arripiet,
1239 2705 1354 2749 neque
1376 2705 1450 2730 rem
1472 2693 1677 2749 porro-bel-

201 2739 303 2773 licam
325 2741 474 2776 discent.
490 2739 499 2752 ’
544 2743 613 2778 iam
646 2754 703 2777 res
731 2743 832 2788 ipsae
860 2746 1036 2777 testantur
1067 2741 1123 2776 his
1151 2741 1271 2776 verbis
1295 2747 1431 2787 tempus
1455 2742 1589 2776 Christi
1613 2741 1678 2775 ad·-

203 2790 328 2821 ventus
352 2788 523 2831 praedici.
571 2794 758 2835 antequam
780 2788 871 2823 enim
889 2789 1080 2823 Romanum
1103 2787 1285 2834 imperium
1309 2787 1425 2834 inivit,
1449 2789 1573 2823 crebra
1596 2787 1697 2840 fue-—

200 2837 285 2867 runt
308 2832 513 2877 populorum
538 2835 681 2870 alterius
709 2836 878 2871 adversus
897 2834 1042 2869 alterum
1060 2833 1164 2879 bella,
1191 2834 1286 2880 quod
1309 2845 1454 2880 regnum
1476 2832 1676 2880 singulatim

201 2890 267 2925 per
291 2878 438 2925 populos
462 2880 612 2917 divisum
636 2886 742 2918 esset.
789 2887 974 2930 postquam
997 2893 1129 2920 summa
1150 2891 1269 2917 rerum
1290 2880 1336 2917 ad
1364 2881 1540 2918 Romanos
1563 2880 1675 2916 devo-
