1742 3184
166 133 266 183 784
653 134 898 182 GEoRGn
926 134 1174 182 CEDRENI

20 259 50 295 P
74 257 142 296 448
163 252 320 310 πατρὸς
351 250 479 297 αὐτοῦ·
508 250 693 311 μητέρα,
736 250 825 309 ἥτις
856 251 989 296 πολλὰ
1019 248 1219 296 ἐδυσώπει
1252 250 1377 296 αὐτὸν
1406 251 1467 309 μὴ
1499 250 1651 297 ἀνελεῖν

155 323 374 381 .Τιβε’ριον.
441 324 485 366 ἐν
508 320 668 373 τούτοις
688 320 891 378 Ἰωάννης
910 322 1048 366 ἐλθὼν
1063 323 1138 383 βίᾳ
1161 321 1394 381 ἀφαρπάζει
1415 327 1490 366 τοῦ
1508 321 1651 378 βήμα-

165 411 237 445 τος
261 393 332 437 τὸν
359 392 439 436 ἀπὸ
464 397 539 449 τῆς
563 390 766 449 Χαζάρας
797 392 1013 450 Τιβέριον,
1048 394 1117 436 καὶ
1151 393 1194 435 ἓν
1220 397 1279 452 τῷ
1304 397 1379 449 τῆς
1400 394 1649 436 Καλλινίκου

163 463 433 523 παραπορτίῳ
471 462 656 518 ἐκβαλών
689 462 803 517 δίκην
837 459 1048 519 προβάτου
1088 460 1478 520 ἐλαρυγγοτόμησεν.
1547 461 1570 506 ὃ
1605 463 1652 506 δὲ

159 533 310 588 Ἠλίας
339 535 396 585 εἷς
423 531 570 590 λόγους
594 530 731 574 ἐλθών
761 535 820 590 τῷ
849 531 955 587 μετὰ
983 536 1057 575 τοῦ
1080 531 1380 577 Ἰουστινιανοῦ
1398 536 1562 592 στρατῷ
1580 534 1683 576 καὶὸ

162 602 286 661 λόγον
311 603 516 652 ἀπαθείας
538 599 637 651 ’δοὺς
660 600 771 660 αὐτῷ
793 601 897 659 πρὸς
917 599 1064 645 ἑαυτὸν
1084 603 1256 647 εἵλκυσε.
1321 600 1452 658 μόνον
1477 603 1523 646 δὲ
1545 600 1651 646 ὕπο·-

162 674 404 731 λειφθὲντος
419 671 737 724 Ἰουστινιανοῦ,
772 671 816 714 ἓν
835 675 964 730 θυμῷ
983 670 1239 729 δραξάμενος
1255 677 1328 716 τοῦ
1346 671 1552 731 τραχήλου
1573 672 1652 715 αὗ·-

159 747 236 788 τοῦ
259 741 406 791 Ἠλίας
435 745 494 798 τῷ
525 742 775 801 παραμηρίῳ
798 741 873 797 τὴν
899 742 1082 799 κεφαλὴν
1113 741 1239 785 αὐτοῦ
1264 742 1420 797 ἐξέτεμε
1449 745 1518 786 καὶ
1547 742 1652 801 πρὸς

162 809 409 855 Φιλιππικὸν
461 809 707 854 ἀπέστειλεν.
777 810 902 863 αὐτὸς
953 811 998 854 δὲ
1042 810 1140 871 ἄχρι
1172 809 1334 868 Ῥώμης
1365 808 1518 868 ταύτην
1565 812 1651 864 ἐξέ-

157 892 335 938 πεμψεν.
1280 885 1282 887 ’
1661 884 1707 920 10

228 977 235 985 -
292 948 344 994 Ὅ
371 948 416 991 δὲ
442 951 686 1008 προλεχθεῖς
705 945 908 1005 μοναχός,
944 947 967 992 ὃ
988 950 1191 1010 αἱρετικὸς
1212 951 1282 994 καὶ
1298 947 1554 1009 ἀστρονόμος
1571 955 1652 993 τῶν

108 1027 138 1064 Β
163 1017 515 1078 Καλλιστράτων,
550 1019 642 1078 Δπρὸ
682 1024 758 1064 τοῦ
793 1023 1038 1075 βασιλεῦσαι
1075 1019 1322 1063 Φιλιππικὸν
1360 1019 1654 1079 ἓχρησμοδότει

162 1091 274 1149 αὐτῷ
293 1090 419 1146 λέγων
443 1087 557 1133 “inei
580 1088 606 1146 ἡ
631 1090 724 1146 ἕκτη
746 1088 920 1141 σύνοδος
937 1095 1072 1142 κακῶς
1093 1091 1268 1147 ἐγένετο,
1299 1090 1371 1133 ἐὰν
1388 1087 1652 1148 βασιλεύσῃς,

160 1160 286 1219 ῥῖψον
317 1157 446 1215 αὐτήν
455 1191 469 1212 ,
504 1161 572 1202 καὶ
606 1160 802 1216 γενέσθαι
832 1177 899 1203 σοι
926 1159 1006 1216 ἔχει
1028 1159 1056 1216 ἦ
1077 1161 1268 1216 βασιλεία
1292 1158 1560 1219 πολυχρόνιος
1584 1162 1653 1204 καὶ

159 1228 384 1288 mutand-'²
460 1228 481 1272 ὃ
505 1230 548 1272 δὲ
569 1230 763 1274 συνέθετο
781 1231 888 1286 μεθ’
917 1229 1042 1287 ὅρκου
1063 1234 1185 1275 τοῦτο
1206 1235 1388 1287 ποιῆσαι.
1455 1228 1650 1285 βασιλεύ-
1664 1232 1708 1269 15

159 1318 238 1351 σας
280 1300 326 1343 δὲ
365 1299 527 1355 ἐποίησε
572 1298 886 1355 ψευδοσύνοδον
923 1297 1154 1344 ἐπισκόπων
1187 1300 1294 1343 κατὰ
1325 1300 1396 1344 τὸν
1428 1299 1550 1358 λόγον
1578 1302 1654 1343 τοῦ

158 1369 388 1426 ψευδαββᾶ
398 1402 411 1422 ,
446 1371 515 1413 καὶ
537 1369 683 1428 ἔρριψε
704 1369 779 1426 τὴν
800 1368 919 1427 ἁγίαν
939 1372 1007 1413 καὶ
1027 1371 1307 1426 οἰκουμενικὴν
1326 1371 1446 1427 ἕκτην
1466 1368 1654 1414 σύνοδον.

158 1441 227 1483 καὶ
256 1444 315 1499 τῷ
347 1440 461 1497 αὐτῷ’
485 1438 625 1498 χρόνῳ
658 1438 882 1499 ἐτυφλώθη
916 1438 936 1483 ὅ
967 1438 1158 1496 μάταιος.
1227 1442 1371 1499 ,Κῦρον
1399 1441 1444 1484 δὲ
1471 1440 1542 1484 τὸν
1572 1458 1654 1484 πα-

156 1507 355 1567 τριάρχην
387 1509 607 1565 ἔξωθήσας
637 1514 712 1566 τῆς
745 1511 960 1567 ἐκκλησίας
967 1543 982 1564 ,
1007 1508 1208 1568 Ἰωάννην
1233 1510 1306 1555 τὸν
1331 1509 1460 1558 αὐτοῦ
1486 1507 1653 1566 συμμύ-

15 1602 32 1610 ‘
156 1596 257 1635 στην
278 1581 347 1622 καὶ
370 1579 651 1637 συναιρετικὸν
672 1578 938 1637 προεβάλετο.
1663 1583 1710 1619 20

299 1643 434 1700 Οὗτος
462 1647 484 1692 ὅ
517 1650 763 1701 Φιλιππικὸς
783 1648 804 1692 ὃ
823 1652 892 1693 καὶ
919 1646 1138 1709 Βαρδάνης
1156 1648 1199 1692 ἓν
1217 1649 1293 1705 μὲν
1314 1655 1405 1701 ταῖς
1423 1650 1655 1697 διαλαλιαῖς

157 1717 286 1761 αὐτοῦ
315 1716 453 1775 λόγιος
481 1721 549 1762 καὶ
580 1719 766 1778 ἐχέφρων
798 1719 1021 1777 ἐλογίζετο,
1057 1720 1100 1762 ἓν
1127 1720 1172 1762 δὲ
1192 1726 1283 1770 ταῖς
1302 1718 1497 1774 πράξεσιν
1524 1717 1652 1760 αὐτοῦ

103 1800 135 1836 c
162 1788 348 1844 ἀσὲμνως
364 1790 432 1831 καὶ
451 1786 650 1840 ἀνικάνως
671 1790 740 1832 καὶ
759 1791 940 1848 αἰσχρῶς
956 1789 1028 1833 τὸν
1044 1790 1137 1845 βίον
1158 1788 1285 1832 αὐτοῦ
1305 1787 1501 1830 διατελῶν
1519 1785 1653 1845 πάντῃ

156 1920 303 1957 stiniani
321 1924 454 1966 mater,
479 1919 598 1956 multis
620 1919 743 1956 verbis
767 1933 790 1957 a
814 1921 922 1957 caede
944 1919 1086 1956 Tiberii
1104 1919 1310 1955 dehortans.
1341 1919 1567 1966 ,supervenit
1588 1932 1654 1956 au-

156 1973 227 2003 tem
252 1968 422 2012 Ioannes,
449 1967 558 2013 vique
582 1979 604 2002 a
626 1968 795 2013 gradibus
815 1968 972 2004 avulsum
993 1966 1212 2002 Chazaricae
1232 1966 1388 2001 mulieris
1406 1966 1516 2002 filium
1536 1967 1654 2002 Tibe-

156 2014 248 2050 rium
272 2015 318 2050 ad
341 2014 552 2050 vestibulum
576 2020 701 2060 portae
723 2015 887 2050 Callinici
910 2014 1078 2058 extraxit,
1112 2013 1237 2059 ibique
1260 2013 1377 2048 instar
1399 2013 1547 2059 pecudis
1570 2015 1653 2049 fau-

158 2061 260 2096 cibus
279 2061 451 2108 praecisis
471 2061 624 2096 necavit.
672 2061 792 2106 Elias,
817 2067 856 2096 ut
877 2060 916 2095 in
939 2060 1150 2106 colloquium
1173 2072 1252 2095 cum
1274 2059 1443 2095 militibus
1464 2061 1654 2096 Iustiniani

157 2107 278 2151 venit,
312 2120 374 2142 eos
397 2107 570 2153 promissa
595 2108 787 2143 securitate
810 2109 856 2143 ad
879 2119 960 2142 sese
983 2107 1168 2153 perduxit,
1196 2106 1447 2154 desertumque
1469 2108 1513 2142 ab
1539 2108 1653 2143 omni-

159 2155 227 2190 bus
250 2154 484 2190 Iustinianum
506 2154 674 2190 iracunde
698 2154 787 2190 collo
811 2154 1060 2201 apprehendit,
1085 2159 1123 2189 et
1145 2153 1278 2199 gladio,
1301 2166 1405 2200 quem
1429 2155 1556 2189 femori
1575 2154 1654 2189 alli-

159 2207 279 2246 gatum
303 2202 489 2247 gestabat,
513 2207 619 2247 caput
641 2201 857 2249 amputavit,
882 2202 1021 2248 hocque
1038 2201 1085 2237 ad
1102 2200 1360 2249 Philippicum‚
1383 2201 1488 2249 isque
1507 2202 1654 2237 Romam

156 2258 270 2294 usque
294 2248 405 2283 misit.

254 2316 422 2353 Ceterum
445 2317 477 2353 is
502 2317 547 2353 de
570 2328 638 2363 quo
662 2321 745 2353 ante
766 2315 918 2352 diximus
941 2315 1200 2352 Callistraticus
1218 2315 1427 2364 monachus,
1451 2317 1654 2355 haereticus

156 2367 195 2400 et
218 2369 453 2409 astronomus,
478 2376 554 2399 cum
579 2365 779 2412 Philippico
804 2363 990 2411 imperium
1014 2364 1186 2400 vaticinio
1209 2365 1444 2412 promitteret,
1470 2366 1537 2401 hoc
1562 2377 1653 2412 quo-

156 2422 225 2457 que
258 2412 302 2446 ab
338 2424 380 2446 eo
415 2411 604 2458 stipulatus
638 2413 778 2456 fuerat,
814 2417 856 2446 ut
881 2422 923 2445 eo
948 2411 1085 2457 potitus
1108 2416 1245 2447 sextam
1277 2413 1483 2458 Synodum,
1517 2413 1651 2459 quippe

154 2469 268 2503 prave
303 2463 436 2503 actam,
473 2458 652 2493 aboleret:
685 2459 738 2493 ita
770 2457 956 2504 imperium
991 2457 1026 2492 ei
1061 2458 1263 2494 diuturnum
1296 2458 1522 2505 validumque
1556 2459 1649 2495 fore.

155 2504 289 2540 iuravit
318 2505 384 2539 hoc
409 2517 449 2540 se
472 2505 645 2540 facturum
666 2505 907 2551 Philippicas,
936 2509 973 2539 et
995 2504 1145 2550 imperio
1170 2505 1328 2552 potitus,
1353 2506 1407 2542 uti
1429 2507 1545 2542 iussus
1569 2507 1651 2541 fue-

156 2556 214 2585 rat
237 2553 281 2586 ab
304 2551 496 2598 impostore
520 2552 710 2598 monacho,
741 2552 831 2587 falso
857 2551 1105 2598 episcoporum
1127 2552 1262 2587 indicto
1287 2553 1460 2598 concilio,
1494 2559 1650 2588 sanctam

158 2601 195 2631 et
226 2598 460 2633 universalem
490 2605 625 2634 sextam
648 2600 819 2645 synodum
842 2597 978 2633 irritam
1002 2599 1259 2645 pronuntiavit.
1308 2610 1377 2646 quo
1400 2605 1561 2647 tempore
1584 2611 1649 2634 va-

158 2654 223 2677 nus
256 2644 357 2679 homo
393 2645 497 2680 etiam
531 2652 587 2682 est
624 2651 845 2682 excaecatus.
903 2646 1001 2690 Cyro
1037 2657 1179 2692 quoque
1210 2646 1415 2694 patriarcha
1448 2649 1649 2693 exturbato,

156 2689 324 2725 Ioannem
348 2703 435 2727 suae
458 2692 652 2738 impietatis
676 2693 808 2729 socium
834 2692 868 2727 ei
892 2691 982 2727 solio
1006 2693 1195 2739 praefecit.

251 2759 338 2795 Fuit
360 2760 417 2795 hic
440 2761 664 2808 Philippicus
678 2790 688 2807 ,
722 2766 954 2808 cognomento
978 2762 1182 2808 Bardanes,
1218 2762 1256 2798 in
1280 2762 1455 2809 colloquio
1478 2764 1651 2799 facundus

159 2808 266 2850 atque
289 2808 442 2851 prudens
466 2808 627 2852 habitus,
654 2811 717 2845 sed
741 2809 779 2844 in
802 2809 1002 2845 actionibus
1026 2810 1100 2846 suis
1125 2811 1259 2855 absque
1281 2809 1461 2855 gravitate
1486 2816 1524 2846 et
1545 2810 1651 2845 indu-

157 2852 247 2890 stria
270 2852 340 2889 ulla
363 2866 534 2899 versans3
569 2856 794 2903 turpiterque
826 2856 952 2893 vivens
977 2861 1169 2894 extremam
1194 2856 1264 2893 sibi
1287 2857 1467 2894 infamiam
1493 2856 1649 2905 paravit.
