1742 3184
199 187 301 236 424
472 163 474 166 ’
671 184 922 235 GEoRou
955 181 1204 228 GEDRENI

199 302 385 362 μελάνων
420 301 673 363 πορεύεσθαι
705 302 893 359 σημαίνει
915 298 972 352 ὥς
991 301 1061 344 καὶ
1086 299 1126 344 οἳ
1150 295 1394 350 Μακεδόνες
1414 296 1490 354 τὴν
1504 298 1683 356 Περσῶν

147 381 178 416 D
203 376 412 432 βασιλείαν
436 372 730 433 χειρώσονται.“
784 370 832 415 τὸ
864 370 909 415 δὲ
936 370 1035 422 τοὺς
1061 369 1229 427 ψαροῦς
1253 368 1316 412 ἐπὶ
1342 366 1461 412 νότον
1487 366 1684 424 ἔρχεσθαι

201 449 327 502 δηλοῖ
343 443 399 496 ὥς
422 443 589 500 ἔμελλον
603 441 798 497 Ῥωμαῖοι
820 437 1054 499 στρατεύειν
1072 439 1180 484 κατὰ
1208 443 1282 494 τῆς
1299 433 1603 496 Ἶερουσαλήμ’
1639 438 1683 480 ἓν

200 517 280 574 γὰρ
299 519 357 574 τῷ
374 511 479 573 νότῳ
497 519 625 556 κεῖται
643 509 669 567 ἦ
688 509 819 562 πόλις.
886 510 933 554 τὸ
955 510 999 553 δὲ
1017 508 1356 567 προσταχθέντας
1376 506 1526 557 αὖτοὺς
1543 523 1683 563 περιο-

202 588 344 629 δεῦσαι
374 583 448 638 τὴν
479 587 555 640 γῆν
586 580 770 626 διδάσκει
800 577 921 623 πάλιν
951 578 1007 631 ὡς
1038 578 1106 624 διὰ
1133 582 1208 622 τοῦ
1231 582 1337 622 θεοῦ
1359 580 1473 621 πᾶσα
1494 577 1716 631 βασιλεία5

202 654 454 700 συνίσταται.
487 680 490 682 Α

336 723 528 765 Γίνονται
557 715 628 764 οὖν
656 718 737 762 ἀπὸ
763 723 836 763 τοῦ
854 718 987 773 Ἀδὰμ
1011 717 1088 769 ἕως
1106 720 1180 773 τῆς
1198 713 1372 772 ἒσχάτης
1391 712 1584 765 ἁλώσεως
1600 712 1685 757 Ἱε-

206 791 422 851 ρουσαλὴμ,
442 790 510 847 ἴτη
529 786 667 849 ,εσξβζ
702 788 782 832 ἀπὸ
803 789 848 832 δὲ
864 793 938 845 τῆς
955 785 1120 846 πρώτης
1135 787 1354 841 οἰκοδομῆς
1371 789 1444 828 τοῦ
1463 787 1685 839 Σολομων-

204 863 314 906 τειόυ
335 865 436 904 ναοῦ
458 862 527 904 καὶ
548 864 621 916 τῆς
640 856 798 910 πόλεως
819 858 887 915 ἔτη
910 857 1033 918 ,απη’,
1069 857 1150 900 ἀπὸ
1182 856 1226 899 δὲ
1243 859 1343 912 ,τῆς
1362 854 1554 912 δευτέρας
1575 856 1685 896 οἷκο-

206 934 338 987 δομῆς
373 928 442 986 ἴτη
474 927 588 989 φςξ,
633 929 713 972 ἀπὸ
749 930 795 972 δὲ
825 933 900 984 τῆς
929 927 1035 971 κατὰ
1071 927 1274 983 Ἀντίοχον
1303 925 1541 982 πολιορκίας
1571 920 1684 979 σμη’,
1698 927 1742 964 10

205 1001 287 1044 ἀπὸ
331 1000 378 1044 δὲ
416 1004 491 1056 τῆς
529 997 775 1055 ἀναλήψεως
806 1000 995 1057 Χριστοῦ
1025 997 1101 1049 ἕως
1124 1000 1199 1052 τῆς
1225 993 1304 1039 ὑπὸ
1340 995 1466 1038 Τίτου
1495 991 1689 1044 ἁλώσεως

205 1070 273 1127 ἔτη
300 1068 389 1125 μβ’.

61 1147 90 1183 Ρ
115 1148 184 1184 242
226 1165 229 1172 -
347 1142 422 1199 Τῷ
441 1137 563 1197 τρίτῳ
585 1135 662 1181 ἔτει
692 1141 767 1192 τῆς
790 1137 1002 1191 βασιλείας
1022 1136 1150 1180 Τίτου
1177 1133 1270 1177 υἳοῦ
1300 1132 1613 1176 Οὐεσπασιανοῦ
1639 1130 1686 1174 τὸ

202 1209 383 1264 Βέσβιον
416 1206 514 1266 ὅρος
547 1208 589 1250 ἓν
620 1211 670 1265 τῇ
702 1205 814 1250 δύσει
841 1206 948 1250 κατὰ
981 1209 1168 1264 κορυφῆς
1197 1203 1316 1263 ῥαγέν
1347 1199 1572 1260 ἐξεφύσησε
1603 1203 1687 1258 πῦρ

202 1283 397 1322 τοσοῦτον
425 1275 481 1327 ὥς
499 1277 754 1334 καταφλέξαι
776 1276 851 1331 τὴν
870 1276 1169 1334 παρακειμένην
1184 1271 1328 1331 χώραν
1348 1273 1418 1315 καὶ
1437 1272 1514 1322 τὰς
1536 1268 1686 1321 πόλεις.
1700 1275 1742 1312 15

204 1346 302 1406 ὅπερ
324 1344 574 1402 θεασάμενοι
598 1346 636 1388 οἲ
658 1345 869 1401 Ἕλληνες,
908 1347 976 1388 καὶ
998 1343 1165 1403 σφόδρα
1189 1341 1539 1399 καταπλαγέντες,
1574 1337 1689 1398 ἠρώ-

202 1434 284 1461 των
305 1417 419 1467 τινὰς
446 1420 528 1459 τῶν
557 1417 780 1472 ἐλλογίμων
799 1417 1064 1472 Χριστιανῶν
1092 1417 1180 1465 πῶς
1209 1413 1278 1456 καὶ
1307 1406 1621 1466 πόθενῗξῆλθε
1640 1409 1687 1453 τὸ

203 1491 285 1545 πῦρ
309 1488 353 1530 ἐκ
371 1489 454 1530 τῶν
472 1483 735 1541 μυχαιτάτων
752 1488 825 1540 τῆς
845 1489 934 1540 γῆς.
979 1485 1018 1528 οἳ
1042 1483 1089 1527 δέ
1110 1498 1249 1542 φασιν,
1278 1481 1323 1524 ἐκ
1341 1485 1417 1533 τῆς
1433 1478 1689 1536 ἡτοιμασμέ-

203 1573 278 1612 νης
295 1559 354 1614 τῷ
373 1553 556 1613 διαβόλῳ
578 1556 645 1597 καὶ
664 1560 749 1605 τοῖς
768 1554 951 1610 ἀγγέλοις
968 1554 1095 1597 αὗτοῦ
1117 1554 1185 1596 καὶ
1203 1556 1303 1595 πᾶσι
1322 1557 1408 1601 τοῖς
1429 1548 1690 1606 ἁμαρτωλοῖς

205 1626 275 1668 καὶ
306 1624 493 1679 ἀσεβέσιν
522 1622 759 1681 ἀνθρώποις
791 1622 949 1679 γεέννης
979 1620 1159 1678 ἀνεδόθη
1182 1621 1286 1679 πρὸς
1305 1619 1596 1677 σωφρονισμὸν
1619 1617 1742 1662 naim

205 1694 418 1750 ἐπίγνωσιν
435 1697 517 1736 τῶν
539 1691 871 1750 ἁμαρτανόντων.
942 1694 1010 1735 καὶ
1032 1694 1156 1747 δῆλον
1175 1692 1217 1742 ἐξ
1238 1685 1294 1733 ὧν
1312 1691 1381 1732 καὶ
1405 1687 1426 1732 ὅ
1448 1687 1691 1746 περιβόητος

204 1760 321 1818 ὑμῶν
353 1760 601 1813 διδάσκαλος
636 1759 820 1804 Πλάτων
854 1760 959 1819 ἔφη,
1008 1758 1308 1818 διεξερχόμενος
1339 1760 1382 1802 ἐν
1413 1763 1472 1816 τῷ
1506 1759 1692 1801 Φαίδωνι

157 1838 189 1874 Β
211 1834 303 1889 περὶ
334 1836 416 1874 τῶν
448 1830 602 1887 λήξεων
634 1832 703 1873 καὶ
737 1828 1066 1888 ἀποπληρώσεων
1094 1834 1176 1874 τῶν
1202 1833 1350 1885 ψυχῶν
1358 1854 1382 1881 ,2
1407 1827 1470 1871 ὅτι
1495 1828 1534 1870 οἲ
1555 1832 1692 1878 κακῶς

207 1899 453 1956 βεβιωκότες
481 1898 719 1953 κολάζονται
745 1901 788 1943 ἐν
807 1904 865 1959 τῷ
885 1901 1073 1959 Κωκυτῷ
1098 1899 1229 1942 καὶιέν
1254 1902 1313 1958 τῷ
1333 1897 1692 1956 Πυριφλεγέθοντι

207 2009 330 2055 nigros
357 2021 379 2045 a
403 2012 507 2056 tergo
528 2010 812 2055 subsequuntur,
843 2007 882 2043 id
907 2008 1063 2043 ostendit
1085 2008 1301 2043 Macedonas
1324 2006 1513 2042 Persarum
1542 2019 1691 2053 regnum

208 2068 398 2092 eversuros
419 2057 546 2092 fuisse.
595 2060 630 2091 et
650 2057 744 2102 quod
766 2054 942 2100 variegati
966 2056 1011 2090 ad
1036 2060 1189 2090 austrum
1209 2055 1364 2099 vadunt,
1389 2065 1432 2088 eo
1454 2054 1692 2089 Romanorum

207 2108 332 2138 contra
354 2103 605 2148 Hierosolyma
631 2102 812 2149 expeditio
836 2103 1084 2136 adumbratur:
1122 2102 1168 2137 ad
1194 2105 1348 2136 austrum
1381 2099 1473 2135 enim
1503 2101 1590 2135 urbs
1620 2100 1692 2136 sita

205 2150 307 2205 Τιτίὼ..
340 2151 436 2197 quod
465 2154 597 2186 terram
628 2149 796 2185 iubentur
827 2149 997 2195 circuire,
1034 2149 1139 2183 docet
1171 2159 1193 2183 a
1223 2148 1292 2183 deo
1326 2146 1443 2182 omnia
1467 2158 1580 2193 regna
1603 2157 1690 2183 con-

207 2201 356 2278 smuiib
379 2243 513 2278 Adamo
535 2253 649 2289 usque
673 2242 718 2277 ad
740 2244 932 2276 extremum
954 2241 1225 2287 Hierosolymae
1253 2240 1431 2276 excidium·
1451 2243 1692 2286 supputantur

207 2300 378 2324 annorum
400 2289 557 2336 quinque
580 2289 676 2324 milia
697 2293 734 2324 et
757 2287 899 2323 ducenti
930 2289 1116 2334 sexaginta
1136 2289 1226 2333 duo,
1259 2300 1280 2323 a
1306 2288 1418 2334 prima
1438 2286 1559 2333 templi
1583 2287 1692 2321 Solo-

208 2336 322 2371 monis
347 2340 385 2371 et
406 2336 506 2372 urbis
529 2335 779 2372 aedificatione
801 2335 886 2369 anni
911 2336 1021 2380 1088,
1055 2337 1101 2371 ab
1127 2335 1386 2370 instauratione
1410 2334 1480 2369 596
1505 2332 1610 2377 anni,
1644 2334 1689 2368 ab

206 2382 471 2428 oppugnatione
505 2382 673 2418 Antiochi
705 2382 787 2419 248.
837 2392 859 2416 a
891 2381 1028 2417 Christi
1057 2382 1096 2417 in
1127 2381 1261 2417 caelum
1293 2382 1467 2417 adscensu
1497 2391 1612 2426 usque
1644 2380 1691 2415 ad

207 2429 387 2464 excidium
414 2429 513 2465 urbis
539 2431 605 2464 sub
631 2429 717 2464 Tito
741 2427 825 2463 anni
848 2428 907 2463 42.

300 2476 429 2511 Tertio
461 2487 552 2511 anno
584 2476 664 2511 Titi
696 2474 909 2521 Vespasiani
932 2473 982 2509 fil.
1006 2474 1159 2510 Besbius
1182 2485 1280 2509 mons
1302 2473 1341 2508 in
1364 2483 1492 2508 occasu
1516 2484 1538 2507 a
1554 2471 1693 2508 vertice

208 2532 339 2558 summo
362 2526 488 2568 ruptus
514 2526 651 2558 tantum
676 2522 770 2568 ignis
798 2521 956 2565 efflavit,
984 2527 1025 2557 ut
1050 2533 1093 2556 eo
1116 2522 1218 2567 regio
1237 2522 1415 2566 urbesque
1439 2519 1691 2555 circumiacen-

209 2573 266 2603 tes
286 2569 453 2604 incensae
475 2569 622 2604 fuerint.
671 2569 767 2615 quod
789 2579 867 2603 cum
889 2568 1065 2603 vidissent
1091 2568 1225 2603 Graeci
1253 2567 1486 2602 vehementer
1515 2566 1691 2611 admirati,

211 2617 379 2658 quosdam
418 2615 698 2651 Christianorum
734 2614 921 2662 primarios
956 2615 1223 2660 interrogarunt
1262 2624 1412 2659 quonam
1447 2613 1549 2647 modo
1585 2617 1693 2658 atque

210 2661 304 2695 unde
327 2662 420 2707 ignis
444 2675 489 2698 ex
514 2662 756 2709 penetralibus
777 2667 896 2697 terrae
921 2662 1111 2707 erupisset.
1159 2661 1196 2695 hi
1226 2660 1488 2706 responderunt
1516 2670 1594 2694 eum
1626 2659 1691 2693 ad-

211 2709 459 2744 monendorum
493 2709 764 2755 resipiscentiae
795 2716 902 2743 causa
929 2714 1156 2754 peccatorum
1180 2707 1312 2742 editum
1336 2706 1448 2741 fuisse
1471 2717 1516 2740 ex
1539 2717 1690 2751 geenne,

210 2763 301 2796 quae
326 2754 464 2791 diabolo
488 2756 635 2802 eiusque
657 2754 793 2801 angelis
817 2760 854 2790 et
871 2755 1031 2790 omnibus
1055 2754 1301 2801 peccatoribus
1323 2758 1448 2798 parata
1465 2757 1533 2787 est.
1575 2751 1691 2797 «idque

209 2799 432 2835 manifestum
466 2814 544 2837 esse
581 2802 685 2837 etiam
715 2814 759 2837 ex
792 2801 846 2836 his
875 2813 967 2848 quae
1002 2801 1153 2836 celebris
1186 2800 1342 2846 ipsorum
1376 2797 1629 2834 doctorPlato
1651 2798 1691 2832 in

209 2843 399 2879 Phaedone
423 2847 468 2882 de
491 2849 683 2884 animarum
713 2847 898 2884 ordinibus
926 2853 1033 2893 atque
1056 2852 1152 2883 statu
1175 2851 1316 2892 narrat,
1351 2845 1514 2880 nimirum
1541 2856 1603 2879 eos
1628 2843 1692 2890 qui

209 2890 299 2926 male
340 2891 534 2938 vixissent,
580 2895 619 2930 in
647 2896 788 2941 Cocyto
819 2895 926 2942 igneo
959 2894 1219 2940 Phlegethonte
1249 2897 1287 2929 et
1318 2892 1476 2929 Tartaro
1505 2891 1691 2938 suppliciis
