1742 3184
261 177 359 226 402
735 176 975 223 GEORGII
1007 175 1255 222 CEDRENI

262 294 334 338 λὸν
352 292 557 350 ἇνὲβαινεν
574 290 642 337 ἐπ’
662 289 856 348 ἕσχάτων.
924 291 992 334 καὶ
1012 287 1118 335 εἶδον
1132 290 1202 335 τὸν
1222 291 1337 346 κριὸν
1353 291 1610 350 κερατίζοντα
1627 291 1732 334 κατὰ

211 370 241 406 Β
265 362 485 408 θάλασσαν
502 364 570 407 καὶ
586 367 744 420 βορρᾶν
764 364 829 405 καὶ
848 359 987 413 νότον,
1017 363 1084 404 καὶ
1104 361 1156 404 τὰ
1174 363 1304 418 θηρία
1324 360 1456 406 πάντα
1474 362 1522 405 οὗ
1541 359 1733 416 στήσεται

261 432 430 478 ἐνώπιον
448 433 576 476 αὐτοῦ
587 465 600 484 ,
628 434 696 474 καὶ
719 431 792 474 οὐκ
814 425 864 486 ἦν
885 428 907 472 ὅ
931 429 1214 488 ἐξαιρούμενος
1233 433 1278 474 ἐκ
1297 431 1435 490 χειρὸς
1455 430 1596 474 αὐτοῦ.
1664 432 1733 473 καὶ

263 504 423 558 ἐποίησε
455 501 559 545 κατὰ
589 501 635 544 τὸ
664 501 830 556 θέλημα
851 500 977 542 αὐτοῦ
1000 501 1067 542 καὶ
1092 499 1392 558 ἔμεγαλύνθη.”
1462 500 1536 555 τὴν
1560 498 1733 553 δύναμιν

262 573 365 628 λέγει
391 571 465 626 τὴν
489 569 720 627 Περσικήν,
755 570 781 625 ἢ
805 573 939 612 πᾶσαν
960 569 1160 625 ἐπέδραμε
1180 569 1254 625 τὴν
1270 574 1356 626 γῆν.
1427 566 1512 612 εἶτα
1538 570 1629 626 περὶ
1659 571 1733 611 τοῦ

261 638 509 690 Μακεδόνος
518 637 784 697 Ἀλεξάνδρου
803 635 1083 694 διαλεγόμενός
1099 656 1200 696 φησι
1223 637 1321 682 “nai
1339 638 1430 681 ἰδοὺ
1446 636 1596 696 τράγος
1609 640 1735 693 αἶγεῦν

261 709 408 767 ἤρχετο
439 709 518 751 ἀπὸ
546 708 688 763 Λιβὸς
716 710 783 751 καὶ
812 708 874 749 ἐπὶ
896 706 1115 765 πρόσωπον
1135 706 1269 763 πάσης
1286 712 1359 763 τῆς
1375 711 1471 763 γῆς,
1506 709 1573 750 καὶ
1595 706 1668 750 οὒκ
1686 702 1736 762 ἦν

261 777 486 832 ἁπτόμενος
514 781 587 832 τῆς
617 781 702 833 γῆς.
772 778 839 820 καὶ
866 780 926 834 τῷ
951 775 1088 835 τράγῳ
1122 777 1258 836 ἐκείνῳ
1281 778 1403 834 κε’ρας
1422 778 1635 833 ἕθεωρεῖτο
1658 775 1735 818 ἀνὰ

260 848 385 903 μέσον
416 851 497 890 τῶν
524 847 761 904 ὀφθαλμῶν
792 845 965 889 athesi-²²
1036 843 1122 888 εἶτα
1162 847 1287 903 λέγων
1321 845 1395 902 τὴν
1426 845 1528 903 πρὸς
1557 846 1736 903 Δαρεῖον

260 916 499 973 προσβολὴν
532 917 601 958 καὶ
633 915 846 970 συμβολὴν
877 914 1006 958 αὐτοῦ
1031 916 1248 971 γενομένην
1278 917 1344 958 καὶ
1367 914 1442 971 τὴν
1466 914 1570 958 κατὰ
1588 912 1738 972 κράτος

259 987 394 1041 νίκην,
433 980 600 1040 ί(ἦλθεῃ
632 986 757 1042 φησίν
780 982 833 1027 “ὅ
864 978 1013 1041 τράγος
1044 985 1119 1036 ἕως
1147 989 1220 1028 τοῦ
1249 988 1367 1042 κριοῦ
1397 989 1470 1028 τοῦ
1503 984 1555 1027 τὰ
1585 985 1737 1041 κέρατα

261 1053 444 1109 ἔχοντος,
490 1055 558 1096 καὶ
592 1052 805 1111 ἠγριώθη,
852 1057 921 1095 καὶ
950 1053 1086 1096 ἔπαισε
1116 1053 1187 1096 τὸν
1222 1053 1362 1111 κριόν,
1397 1055 1466 1096 καὶ
1498 1054 1738 1111 συνέτριψεν

208 1130 241 1167 C
266 1121 481 1181 ἀμφότερα
510 1121 563 1165 τὰ
593 1123 743 1176 κέρατα
767 1122 919 1174 αὐτοῦ,
944 1124 1011 1165 καὶ
1034 1122 1108 1165 οὒκ
1131 1117 1180 1178 ἦν
1202 1121 1222 1165 ὃ
1243 1121 1525 1178 ἐξαιρούμενος
1543 1123 1586 1165 ἔκ
1601 1121 1739 1179 χειρὸς

261 1192 438 1236 adrev-'²
510 1190 647 1234 ἔπειτα
677 1190 938 1247 διηγούμενος
971 1191 1046 1246 τὴν
1069 1191 1335 1250 Ἀλεξάνδρου
1365 1191 1553 1247 τελευτὴν
1574 1193 1641 1234 καὶ
1665 1190 1738 1246 τὴν

262 1266 344 1306 τῶν
365 1257 574 1318 τεσσάρων
591 1262 793 1315 βασιλέων
815 1258 1033 1315 διαδοχήν,
1069 1260 1206 1318 ἐπάγει
1224 1262 1348 1317 λέγων
1366 1259 1463 1304 “zai
1483 1261 1525 1303 ἓν
1543 1265 1602 1319 τῷ
1620 1262 1733 1315 ἰσχῦ-

243 1346 332 1374 ’σαι
353 1329 477 1373 αὐτὸν
499 1331 712 1387 συνετρίβη
732 1330 777 1372 τὸ
797 1330 917 1387 κέρας
934 1330 981 1373 τὸ
997 1330 1101 1386 με’γα
1110 1362 1123 1382 ,
1158 1332 1225 1373 καὶ
1248 1330 1371 1386 ἀνέβη
1389 1331 1541 1388 κέρατα
1556 1330 1739 1386 τέσσαρα

261 1397 531 1442 ὑποκάτωθεν
563 1399 714 1451 αὐτοῦ,
758 1400 814 1450 εἷς
842 1399 939 1449 τοὺς
970 1400 1174 1456 τέσσαρας
1204 1400 1378 1454 ἀνέμους
1405 1403 1479 1442 τοῦ
1509 1397 1735 1457 οὖρανοῦ.”

261 1469 450 1512 ἐντεῦθεν
482 1468 623 1510 λοιπὸν
657 1468 720 1510 ἐπὶ
750 1468 823 1522 τὴν
842 1465 1047 1521 Ἀντιόχου
1071 1471 1283 1522 βασιλείαν
1304 1467 1438 1511 ἐλθών
1448 1500 1462 1521 ,
1493 1470 1560 1510 καὶ
1583 1466 1740 1517 δεικνὺς

263 1537 326 1581 ὅτι
350 1538 391 1589 ἓξ
414 1535 502 1587 ἑνὸς
523 1537 682 1579 ἐκείνων
704 1541 784 1579 τῶν
809 1534 1018 1594 τεσσάρων
1035 1538 1141 1588 ἐστι’,
1177 1536 1298 1579 πάλιν
1320 1538 1426 1594 φησί
1449 1535 1548 1579 “nai
1567 1537 1739 1592 ἐξῆλθεν

263 1607 307 1649 ἔκ
340 1610 414 1649 τοῦ
445 1604 534 1655 ἑνὸς
564 1603 754 1663 ἰσχυρόν,
785 1607 851 1648 καὶ
887 1604 1144 1661 ἔμεγαλύνθη
1176 1611 1378 1663 περισσῶς
1402 1605 1505 1662 πρὸς
1527 1604 1644 1650 νότον
1671 1606 1738 1648 καὶ

263 1674 367 1733 πρὸς
407 1672 652 1728 ἅνατολήν.”
726 1676 793 1716 καὶ
831 1675 1038 1729 σημαίνων
1070 1673 1133 1716 ὅτι
1166 1674 1240 1729 τὴν
1267 1675 1493 1730 Ἰουδαΐκὴν
1534 1675 1739 1718 πολιτείαν

263 1747 453 1795 καθελεῖ,
489 1740 637 1800 φάσκει
664 1740 764 1785 ακαὶ
796 1743 852 1784 δι’
887 1742 1011 1784 αὐτὸν
1037 1744 1163 1786 θυσία
1186 1742 1399 1801 ἐταράχθη
1422 1743 1738 1802 παραπτώματι,

263 1815 333 1858 καὶ
356 1809 529 1870 ἐγενήθη
550 1813 618 1856 καὶ
635 1809 913 1867 κατευωὸιόθη
932 1809 1047 1855 αὐτό.
1118 1814 1186 1855 καὶ
1205 1813 1251 1856 τὸ
1276 1813 1391 1870 ἅγιον
1409 1811 1739 1872 ἐρημωθήσεται,

263 1988 372 2036 idque
403 1987 602 2035 posteriore
633 1987 711 2024 loco
741 1989 923 2035 surgebat.
967 1989 1113 2036 vidique
1145 2001 1222 2026 eum
1249 1990 1415 2026 cornibus
1440 1990 1548 2026 ictum
1578 1988 1738 2024 edentem

265 2038 437 2072 adversus
460 2047 575 2081 mare,
598 2036 794 2081 aquilonem
817 2042 855 2071 et
875 2040 1050 2080 austrum;
1082 2049 1198 2084 neque
1220 2037 1324 2072 ullum
1348 2037 1476 2073 animal
1498 2041 1638 2082 poterat
1661 2047 1739 2070 eum

265 2083 479 2127 subsistere,
504 2094 619 2127 neque
642 2088 719 2117 erat
739 2082 800 2140 qui
823 2083 867 2117 ab
893 2095 934 2117 eo
960 2084 1179 2119 defenderet.
1226 2083 1347 2130 itaque
1367 2096 1431 2119 suo
1453 2084 1627 2119 arbitratu
1651 2094 1738 2126 age—-

264 2131 327 2165 bat
350 2140 392 2164 ac
414 2128 620 2173 magnificus
643 2126 746 2163 erat.'
805 2128 859 2163 his
881 2130 1000 2164 verbis
1024 2130 1232 2176 exprimitur
1251 2142 1394 2175 regnum
1414 2130 1615 2174 Persicum,
1640 2128 1738 2163 cuius

263 2175 425 2222 potentia
460 2177 580 2210 orbem
614 2179 786 2210 terrarum
818 2182 1013 2230 pervagata
1045 2181 1112 2211 est.
1159 2177 1242 2211 inde
1273 2176 1429 2223 loquitur
1461 2178 1506 2212 de
1539 2175 1738 2211 Alexandro

266 2223 482 2258 Macedone:
515 2218 624 2256 “ecce
656 2227 770 2256 autem
799 2221 917 2256 lutcus
941 2222 1106 2269 caprinus
1133 2222 1320 2268 ingruebat
1347 2236 1369 2259 a
1398 2228 1499 2269 parte
1528 2234 1600 2268 qua
1626 2222 1740 2267 spirat

266 2267 427 2312 Africus,
452 2278 560 2314 super
580 2267 778 2302 universam
802 2273 949 2313 terram,
977 2281 1092 2314 neque
1114 2273 1229 2304 tamen
1252 2275 1382 2305 terram
1406 2270 1626 2314 attingebat3
1652 2279 1739 2302 con-

263 2314 553 2360 spiciebaturque
574 2315 668 2350 inter
691 2314 809 2349 oculos
832 2315 907 2349 eius
933 2327 1041 2350 cornu
1066 2311 1245 2351 exstans.'’
1291 2322 1417 2362 postea
1441 2316 1639 2350 conflictum
1663 2314 1739 2348 eius

264 2372 342 2395 cum
375 2361 484 2396 Dario
509 2373 551 2396 ac
572 2360 757 2396 victoriam
788 2360 832 2395 de
866 2372 908 2394 eo
941 2361 1146 2397 describens
1177 2360 1322 2397 “venit’'
1352 2362 1468 2408 inquit
1497 2358 1639 2396 “hircus
1670 2360 1741 2395 iste

263 2417 378 2453 usque
401 2407 447 2441 ad
470 2412 650 2442 cornutum
674 2407 770 2442 illum
793 2406 960 2452 arietem,
993 2413 1029 2442 et
1051 2409 1219 2443 efferatus
1243 2420 1320 2443 eum
1344 2408 1537 2455 percussit,
1569 2408 1740 2452 amboque

267 2452 343 2487 eius
375 2464 507 2487 cornua
537 2453 726 2498 contrivit,
763 2464 876 2498 neque
906 2459 983 2489 erat
1005 2454 1068 2500 qui
1091 2454 1160 2489 vim
1185 2454 1261 2489 eius
1285 2456 1329 2490 ab
1354 2455 1466 2490 ariete
1493 2450 1740 2489 defenderet.”

265 2498 349 2533 inde
366 2499 557 2534 Alexandri
582 2500 712 2535 exitum
734 2499 929 2545 depingens
950 2506 1185 2547 quattuorque
1206 2513 1326 2546 regum
1345 2501 1626 2544 successionem,
1650 2499 1739 2534 haec

265 2544 376 2580 infert
406 2541 507 2581 “cum
540 2550 655 2581 autem
689 2546 807 2580 hircus
839 2557 995 2590 magnam
1029 2552 1123 2582 esset
1153 2547 1346 2592 potentiam
1377 2548 1547 2594 adeptus,
1578 2557 1740 2591 magnum

267 2602 377 2626 cornu
403 2592 477 2626 eius
500 2592 696 2638 frangitur,
731 2596 838 2637 atque
869 2591 964 2627 infra
996 2592 1082 2628 illud
1116 2599 1301 2639 erumpunt
1324 2593 1393 2628 alia
1417 2598 1582 2638 quattuor
1608 2603 1741 2627 cornua.

267 2638 464 2680 spectantia
485 2639 530 2673 ad
551 2644 717 2684 quattuor
744 2639 867 2684 plagas
890 2636 1047 2674 mundi.''
1092 2651 1198 2685 porro
1224 2641 1270 2675 ad
1295 2639 1461 2675 Antiochi
1488 2650 1634 2684 regnum
1658 2649 1742 2692 per-

268 2682 437 2729 veniens,
462 2683 625 2730 illumque
647 2691 843 2720 monstrans
865 2695 910 2718 ex
933 2696 1001 2719 uno
1024 2684 1160 2720 illorum
1179 2691 1347 2731 quattuor
1363 2697 1529 2721 cornuum
1548 2684 1741 2728 exstitisse,

268 2737 406 2763 rursum
429 2729 516 2766 dicit
543 2727 604 2765 “et
627 2732 715 2766 exiit
737 2731 781 2766 de
807 2742 875 2765 uno
900 2730 1034 2766 illorum
1058 2743 1167 2766 cornu
1191 2731 1362 2777 validum,
1393 2732 1588 2777 ingensque
1610 2731 1742 2764 sactum

270 2777 325 2806 est
348 2785 469 2810 versus
493 2776 674 2812 meridiem
697 2782 734 2812 et
757 2773 907 2812 ortum.'’
952 2784 1025 2813 tum
1060 2777 1218 2812 indicans
1243 2779 1286 2813 ab
1311 2790 1352 2813 eo
1376 2778 1554 2813 Iudaicam
1577 2788 1650 2811 rem
1673 2788 1742 2821 pu-

267 2817 393 2872 blicam
417 2822 580 2858 abolitum
603 2823 670 2868 iri,
707 2823 806 2859 addit
837 2823 935 2869 (cap.
960 2825 1022 2869 11)
1043 2820 1126 2858 “ille
1149 2830 1294 2870 peccato
1316 2824 1528 2860 sacrificium
1550 2824 1742 2858 conturba-

267 2863 342 2910 bit,
373 2872 566 2913 contraque
587 2869 626 2905 id
648 2881 722 2906 rem
744 2881 918 2918 prospero
942 2869 1077 2918 gessit,
1111 2881 1153 2907 ac
1176 2869 1342 2920 templum
1365 2870 1580 2915 vastabitur,
1606 2874 1642 2905 et
1663 2867 1742 2905 loco
