1742 3184
207 173 277 221 30
549 148 554 211 J
677 168 931 216 eEoRGn
964 168 1212 215 neumam

207 290 262 336 τὰ
283 288 385 335 ὄστᾶ
409 286 536 333 αὗτοῦ
562 287 665 345 μετὰ
685 287 760 344 τὴν
778 290 922 331 καῦσιν
951 285 1173 341 ἀναλαβεῖν
1199 286 1266 329 καὶ
1295 280 1516 345 φυλάττειν
1538 281 1692 335 αὖτοὺς

162 370 194 406 C
216 363 284 406 καὶ
303 364 451 417 τιμᾶν·
485 361 553 402 καὶ
579 360 654 410 ἕως
674 352 744 411 οὗ,
781 358 896 416 φησί,
931 354 1119 400 σώσεσθε
1138 361 1293 408 ταῦτα,
1321 357 1368 400 τὸ
1388 357 1597 411 βασίλειον
1619 359 1693 410 τῆς

208 430 326 488 ὑμῶν
355 429 498 488 χώρας
527 429 600 472 οὐκ
631 430 821 483 ἐκλείψει.
891 425 1021 480 οὕτως
1038 422 1109 469 οὖν
1130 424 1277 470 τούτου
1302 427 1400 485 πυρὶ
1424 425 1601 484 οὐρανίῳ
1624 441 1692 468 τε-

211 501 452 562 φρωθέντος
470 500 522 543 τὰ
545 500 721 554 λείψανα
742 497 869 541 αὐτοῦ
889 495 958 539 διὰ
976 501 1097 552 τιμῆς
1119 495 1223 552 εἶχον
1246 495 1284 539 οἷ
1295 497 1474 555 Πέρσαι,
1499 496 1574 547 ἕως
1594 491 1692 538 τού-

209 588 284 615 του
314 568 694 628 καταφρονήσαντες
723 569 790 611 καὶ
819 571 893 622 τῆς
922 568 1134 620 βασιλείας
1164 567 1362 618 ἐξέπεσον.
1429 566 1565 609 τοίνυν
1587 562 1726 621 μετὰ5

211 645 340 686 Νῖνον
369 640 440 684 τὸν
468 643 543 682 τοῦ
564 639 668 690 Διὸς
697 637 877 695 ἀδελφὸν
910 636 1073 694 Θοῦρος
1101 640 1182 679 τῶν
1208 636 1452 694 Ἀσσυρίων
1473 634 1694 691 βασιλεύει.

213 715 358 755 τοῦτον
391 708 412 752 ὅ
438 708 571 765 πατὴρ
605 708 730 751 αὐτοῦ
751 706 910 762 Ζάμις,
946 705 992 758 ὃς
1021 702 1072 763 ἦν
1095 711 1168 762 τῆς
1183 704 1298 758 Ῥέας
1318 703 1518 764 ἀδελφός,
1553 707 1618 750 ἐπὶ
1637 709 1695 764 τῷ

212 779 382 836 ὀνόματι
412 783 486 822 τοῦ
513 776 716 834 πλάνητος
745 777 915 832 ἀστέρος
938 775 1083 834 ”Λρεα
1115 774 1313 820 ἐκάλεσεν.
1381 771 1433 833 ἦν
1463 776 1507 819 δὲ
1529 775 1550 818 ὃ
1573 775 1697 833 Ἄρης

212 845 332 901 οὗτος
351 848 493 907 πικρὸς
513 850 580 891 καὶ
600 848 705 905 ἄγαν
727 845 1105 904 δυσκαταγώνιστος
1125 845 1392 902 πολεμιστής,
1421 844 1467 898 ὃς
1483 844 1697 905 Καυκάσῳ

214 922 292 964 τινὶ
312 920 429 977 ἀνδρὶ
450 922 722 976 γιγαντογενεῒ
737 919 920 976 δυνατῷ,
956 917 1000 960 ἐκ
1027 921 1101 972 τῆς
1123 921 1257 975 φυλῆς
1281 915 1430 975 'quue-9
1453 915 1695 975 ὡρμημένῳ,
1709 922 1742 959 1<

218 990 402 1033 ἐπελθὼν
425 991 492 1032 καὶ
513 987 854 1043 καταπολεμήσας
875 989 942 1030 καὶ
963 987 1115 1030 ἀνελὼν
1135 988 1342 1045 παρέλαβε
1365 988 1439 1043 τὴν
1456 986 1600 1043 χώραν
1620 986 1699 1029 αὗ-

163 1074 197 1110 D
220 1064 318 1112 τοῦ,
353 1060 420 1102 καὶ
450 1060 514 1101 ἐπὶ
540 1060 614 1115 τὴν
639 1056 811 1118 Θρᾴκην
842 1057 978 1100 ἐλθών
1007 1060 1074 1101 καὶ
1101 1056 1344 1113 τελευτήσας
1371 1059 1455 1100 ἐκεῖ
1480 1056 1700 1100 θάπτεται.

218 1128 349 1188 τούτῳ
376 1132 436 1187 τῷ
461 1128 576 1185 Ἄρεΐ
604 1126 770 1186 πρώτην
800 1126 952 1183 στήλην
972 1127 1197 1183 ἀνέστησαν
1217 1128 1254 1170 οἱ
1275 1125 1506 1184 Ἀσσύριοι,
1550 1128 1619 1170 καὶ
1644 1124 1701 1177 ὥς

218 1200 319 1243 θεὸν
339 1203 624 1256 προσκυνοῦσι,
647 1197 770 1240 Βάαλ
793 1196 1077 1252 ὀνομάζοντες,
1113 1197 1135 1240 ὃ
1157 1196 1418 1255 ἑρμηνεύεται
1433 1196 1558 1255 ’Άρης
1578 1196 1702 1240 πολέ-

218 1286 309 1325 μων
328 1266 441 1319 θεός.
513 1268 618 1324 μετὰ
639 1272 784 1311 τοῦτον
803 1266 952 1322 Λάμις
969 1272 1051 1311 τῶν
1068 1268 1292 1325 Ἀσσυρίων
1312 1269 1584 1322 ἐβασίλευσεν,
1614 1265 1701 1310 εἶτα
1713 1282 1742 1318 1!

220 1336 546 1396 Σαρδανάπαλος
568 1336 589 1380 ὅ
611 1338 761 1394 μέγας,
797 1337 844 1381 ὃν
864 1340 931 1380 καὶ
954 1335 974 1380 ὃ
999 1337 1104 1389 Διὸς
1124 1339 1193 1380 καὶ
1217 1336 1390 1393 Δανάης
1405 1336 1495 1389 υἱὸς
1513 1337 1702 1395 Περσεὺς

217 1408 475 1460 ἀποκτείνας,
511 1409 579 1450 καὶ
602 1407 682 1450 ἀπὸ
700 1408 926 1465 Ἀσσυρίων
948 1408 1024 1463 τὴν
1042 1408 1256 1462 βασιλείαν
1277 1405 1541 1466 ἀφελόμενος,
1578 1409 1635 1457 εἷς
1654 1406 1701 1449 τὸ

215 1477 321 1521 ἴδιον
339 1477 468 1534 ὄνομα
484 1478 656 1536 Πέρσας
671 1476 958 1533 μετωνόμασεν
980 1475 1152 1530 αὐτούς,
1197 1479 1264 1520 καὶ
1286 1479 1546 1533 ἐβασίλευσεν
1567 1476 1704 1521 αὐτῶν

217 1547 286 1604 ’ἕτη
309 1546 384 1605 νγ’.
1137 1542 1143 1549 ’

358 1616 439 1673 Μὴ
463 1615 701 1659 λανθανέτω
730 1616 776 1659 δὲ
803 1616 961 1672 μηδένα
992 1613 1227 1675 ἀνθρώπων
1252 1620 1335 1661 τῶν
1365 1615 1566 1673 ἀληθείας
1590 1616 1742 1668 ἄντι-21

218 1687 492 1743 ποιουμένων,
534 1685 597 1729 ὅτι
618 1688 751 1737 Πῖκος
774 1680 893 1737 οὗτος
917 1684 937 1728 ὃ
959 1685 1066 1737 Ζεὺς
1086 1684 1249 1731 πάντων
1271 1684 1506 1745 ἀνθρώπων
1523 1690 1605 1730 τῶν
1625 1686 1700 1729 ἀπ’

98 1774 129 1810 p
155 1772 199 1810 17
223 1759 370 1808 αἰῶνος
386 1756 703 1813 ἒξεγηγερμὲνων
718 1754 904 1808 πλάνων,
949 1755 1129 1813 γοήτων,
1175 1761 1515 1815 φαντασιαστῶν,
1561 1754 1706 1813 μάγων

225 1829 379 1880 δεινῶν,
414 1831 626 1886 μυσαρῶν,
660 1829 857 1870 τελεστῶν
876 1825 1055 1870 ἐκτόπων
1061 1858 1075 1881 ,
1111 1826 1236 1879 αὐτὸς
1255 1822 1305 1883 ἦν
1326 1825 1619 1886 μυσαρώτερος
1637 1828 1707 1870 καὶ

319 1970 340 2006 1
360 1964 491 2004 aizoi?

226 2094 477 2141 mandavitque
500 2094 622 2131 Persis
647 2100 687 2132 ut
713 2109 797 2133 ossa
821 2108 886 2132 sua
914 2109 957 2133 ex
975 2095 1138 2134 incendio
1160 2098 1322 2144 legerent
1345 2110 1387 2134 ac
1409 2099 1630 2135 custodirent
1652 2101 1711 2134 at-

226 2154 297 2188 que
319 2148 595 2188 venerarentur,
631 2144 841 2191 promittens
865 2156 1010 2190 regnum
1045 2157 1090 2179 ex
1115 2146 1271 2192 ipsorum
1295 2147 1439 2182 natione
1461 2148 1614 2183 ablatum
1638 2158 1711 2181 non

225 2189 274 2224 iri
297 2188 462 2235 quamdiu
492 2202 534 2225 ea
553 2190 722 2226 colerent.
772 2203 814 2226 eo
837 2191 958 2238 itaque
982 2191 1126 2228 fulmine
1149 2193 1185 2227 in
1212 2194 1348 2228 cineres
1371 2195 1517 2230 redacto
1540 2194 1712 2241 reliquias

227 2236 305 2272 eius
322 2238 455 2271 Persae
476 2237 670 2282 coluerunt,
693 2239 805 2273 donec
828 2238 873 2273 iis
898 2238 1069 2284 neglectis
1090 2251 1236 2285 regnum
1258 2241 1362 2276 etiam
1381 2242 1588 2277 amiserunt.
1613 2246 1712 2276 cete-

228 2294 305 2318 rum
323 2283 419 2319 Nino
442 2284 540 2319 Iovis
563 2285 668 2319 fratri
692 2285 836 2320 Thur-us
860 2285 898 2320 in
918 2297 1065 2331 regnum
1087 2287 1271 2332 Assyrium
1294 2289 1478 2324 successit.
1527 2289 1620 2324 hunc
1639 2288 1713 2321 Za-

230 2330 294 2364 mis
316 2336 430 2377 pater,
454 2331 567 2366 frater
585 2332 719 2377 Rheae,
746 2333 897 2367 Martem
919 2333 1060 2368 nomine
1084 2334 1245 2379 planetae
1267 2335 1472 2381 appellavit.
1498 2342 1576 2372 erat
1595 2341 1714 2370 autem

229 2388 312 2411 acer
333 2377 436 2412 valde
463 2384 500 2413 et
521 2384 691 2424 superatu
713 2379 941 2415 difficillimus
965 2380 1127 2416 bellator.
1162 2381 1193 2416 is
1215 2383 1422 2429 Caucasum,
1446 2388 1626 2430 potentem
1647 2382 1714 2416 ho-

230 2423 359 2458 minem
382 2430 419 2459 et
442 2424 726 2471 gigantigenam‚
762 2438 807 2461 ex
829 2427 947 2473 Iapeti
970 2427 1170 2463 dicionibus
1193 2430 1391 2475 profectum
1412 2441 1600 2476 aggressus
1619 2429 1715 2464 bello

229 2469 320 2504 vicit
342 2474 378 2505 et
396 2472 546 2517 occidit,
579 2473 727 2519 eiusque
749 2473 923 2509 dicionem
950 2475 1149 2520 occupavit.
1198 2467 1281 2521 post'
1308 2477 1346 2511 in
1375 2477 1568 2512 Thraciam
1600 2476 1716 2521 venit,

232 2515 353 2561 ibique
385 2518 458 2552 vita
481 2520 621 2555 functus
646 2526 684 2555 et
705 2520 894 2555 tumulatus
919 2528 987 2557 est.
1035 2522 1116 2556 huic
1139 2522 1248 2557 Marti
1271 2524 1384 2570 primo
1410 2529 1560 2559 statuam
1583 2534 1716 2570 posue-

233 2567 317 2597 runt
341 2562 503 2610 Assyrii,
537 2572 644 2611 atque
680 2572 721 2602 ut
754 2569 857 2603 deum
888 2568 1145 2614 adoraverunt,
1178 2570 1322 2606 Baalum
1347 2572 1587 2614 nominantes3
1621 2570 1717 2616 quod

234 2614 338 2643 sonat
355 2610 504 2646 Martem
527 2613 698 2648 bellorum
719 2613 835 2650 deum.
883 2621 966 2661 post
990 2615 1081 2650 hunc
1105 2616 1223 2652 Lamis
1246 2618 1407 2664 Assyriis
1428 2618 1631 2663 imperavit.
1682 2617 1719 2652 ei

235 2654 493 2702 Sardanapalus
515 2666 743 2704 cognomento
767 2673 912 2707 magnus
937 2663 1129 2707 successit,
1155 2676 1257 2710 quem
1279 2666 1434 2700 Perseus
1457 2665 1555 2700 Iovis
1578 2677 1623 2700 ex
1640 2664 1718 2699 Da-

236 2713 305 2756 nqe
330 2701 645 2758 fliius-*interseciu
678 2720 858 2754 regnoque
887 2709 1046 2755 Assyriis
1070 2710 1233 2758 adempto
1258 2724 1320 2747 eos
1344 2723 1366 2747 a
1388 2724 1429 2747 se
1450 2712 1580 2747 Persas
1603 2712 1716 2746 deno-

237 2755 396 2793 mmawt,
422 2761 537 2796 usque
558 2764 623 2798 per
646 2754 691 2789 53
714 2768 824 2791 annos
842 2756 1046 2803 imperavit.

330 2796 457 2840 Neque
481 2810 564 2833 vero
589 2801 769 2846 quisquam
788 2803 951 2839 veritat-is
972 2803 1151 2839 studiosus
1174 2804 1318 2850 ignoret
1347 2804 1471 2839 Picum
1499 2804 1626 2849 istum,
1655 2803 1718 2850 qui

237 2844 276 2875 et
293 2841 455 2888 Iuppiter
475 2844 615 2891 dicitur,
641 2849 790 2884 omnium
811 2856 986 2897 quotquot
1007 2852 1052 2886 ab
1076 2851 1170 2886 omni
1194 2863 1283 2886 aevo
1307 2854 1520 2887 exstiterunt
1547 2852 1719 2898 imposto-

238 2898 327 2935 rum,
351 2890 669 2939 praestigiatorum,
691 2895 790 2932 falsis
810 2897 1022 2945 imaginibus
1043 2897 1250 2944 ludentium,
1273 2898 1362 2934 diris
1385 2904 1494 2946 atque
1510 2899 1716 2935 abominan-
