<?xml version="1.0" encoding="UTF-8"?>
<!DOCTYPE html PUBLIC "-//W3C//DTD XHTML 1.0 Transitional//EN"
    "http://www.w3.org/TR/xhtml1/DTD/xhtml1-transitional.dtd">
<html xmlns="http://www.w3.org/1999/xhtml" xml:lang="en" lang="en">
 <head>
  <title>
</title>
<meta http-equiv="Content-Type" content="text/html;charset=utf-8" />
  <meta name='ocr-system' content='tesseract 3.04.00' />
  <meta name='ocr-capabilities' content='ocr_page ocr_carea ocr_par ocr_line ocrx_word'/>
</head>
<body>
  <div class='ocr_page' id='page_1' title='image "./corpusscriptorum13niebuoft_0760.png"; bbox 0 0 1742 3184; ppageno 0'>
   <div class='ocr_carea' id='block_1_1' title="bbox 217 120 1227 209">
    <p class='ocr_par' dir='ltr' id='par_1_1' title="bbox 217 120 1227 209">
     <span class='ocr_line' id='line_1_1' title="bbox 217 120 1227 209; baseline -0.001 -1"><span class='ocrx_word' id='word_1_1' title='bbox 217 120 318 209; x_wconf 22' lang='lat'>7⁵36</span> <span class='ocrx_word' id='word_1_2' title='bbox 621 189 627 200; x_wconf 47' lang='grc' dir='ltr'><strong><em>ι</em></strong></span> <span class='ocrx_word' id='word_1_3' title='bbox 701 162 944 209; x_wconf 87' lang='lat' dir='ltr'>GEORGII</span> <span class='ocrx_word' id='word_1_4' title='bbox 978 150 1227 208; x_wconf 71' lang='lat' dir='ltr'><strong>CEDRENI</strong></span> 
     </span>
    </p>
   </div>
   <div class='ocr_carea' id='block_1_2' title="bbox 157 274 1742 1871">
    <p class='ocr_par' dir='ltr' id='par_1_2' title="bbox 213 274 1699 474">
     <span class='ocr_line' id='line_1_2' title="bbox 213 274 1699 336; baseline 0.001 -16"><span class='ocrx_word' id='word_1_5' title='bbox 213 275 306 332; x_wconf 73' lang='grc' dir='ltr'><strong><em>ἥτις</em></strong></span> <span class='ocrx_word' id='word_1_6' title='bbox 322 278 390 320; x_wconf 81' lang='grc' dir='ltr'><strong><em>καὶ</em></strong></span> <span class='ocrx_word' id='word_1_7' title='bbox 413 274 608 335; x_wconf 71' lang='grc' dir='ltr'><strong><em>ἐκράτησε</em></strong></span> <span class='ocrx_word' id='word_1_8' title='bbox 626 280 760 334; x_wconf 82' lang='grc' dir='ltr'><strong><em>μῆνας</em></strong></span> <span class='ocrx_word' id='word_1_9' title='bbox 779 274 813 330; x_wconf 86' lang='grc' dir='ltr'><strong>ζ’</strong></span> <span class='ocrx_word' id='word_1_10' title='bbox 835 277 904 321; x_wconf 76' lang='grc' dir='ltr'><strong><em>καὶ</em></strong></span> <span class='ocrx_word' id='word_1_11' title='bbox 921 277 1153 333; x_wconf 72' lang='grc' dir='ltr'><strong><em>διαδέχεται</em></strong></span> <span class='ocrx_word' id='word_1_12' title='bbox 1173 277 1287 336; x_wconf 75' lang='grc' dir='ltr'><strong><em>παρὰ</em></strong></span> <span class='ocrx_word' id='word_1_13' title='bbox 1303 275 1522 336; x_wconf 84' lang='grc' dir='ltr'><strong><em>Ὁρμίσδα.</em></strong></span> <span class='ocrx_word' id='word_1_14' title='bbox 1543 275 1699 323; x_wconf 84' lang='grc' dir='ltr'><strong><em>’τούτου</em></strong></span> 
     </span>
     <span class='ocr_line' id='line_1_3' title="bbox 215 345 1698 407; baseline 0.001 -18"><span class='ocrx_word' id='word_1_15' title='bbox 215 345 295 390; x_wconf 72' lang='grc' dir='ltr'><strong><em>ὕπὸ</em></strong></span> <span class='ocrx_word' id='word_1_16' title='bbox 318 349 570 404; x_wconf 80' lang='grc' dir='ltr'><strong><em>Σαρακηνιῦν</em></strong></span> <span class='ocrx_word' id='word_1_17' title='bbox 598 347 846 402; x_wconf 72' lang='grc' dir='ltr'><strong><em>διωχθέντος</em></strong></span> <span class='ocrx_word' id='word_1_18' title='bbox 868 345 1076 405; x_wconf 69' lang='grc' dir='ltr'><strong><em>γίνεταίῆ</em></strong></span> <span class='ocrx_word' id='word_1_19' title='bbox 1098 349 1287 403; x_wconf 85' lang='grc' dir='ltr'><strong><em>βασιλεία</em></strong></span> <span class='ocrx_word' id='word_1_20' title='bbox 1315 353 1397 392; x_wconf 80' lang='grc' dir='ltr'><strong>τῶν</strong></span> <span class='ocrx_word' id='word_1_21' title='bbox 1417 350 1595 407; x_wconf 80' lang='grc' dir='ltr'><strong><em>Περσῶν</em></strong></span> <span class='ocrx_word' id='word_1_22' title='bbox 1618 346 1698 392; x_wconf 71' lang='grc' dir='ltr'><strong><em>ὕπὸ</em></strong></span> 
     </span>
     <span class='ocr_line' id='line_1_4' title="bbox 215 415 955 474; baseline 0 -14"><span class='ocrx_word' id='word_1_23' title='bbox 215 417 314 468; x_wconf 79' lang='grc' dir='ltr'><strong><em>τοὺς</em></strong></span> <span class='ocrx_word' id='word_1_24' title='bbox 328 415 512 474; x_wconf 80' lang='grc' dir='ltr'><strong><em>Ἄραβας</em></strong></span> <span class='ocrx_word' id='word_1_25' title='bbox 530 416 648 474; x_wconf 83' lang='grc' dir='ltr'><strong><em>με’χρι</em></strong></span> <span class='ocrx_word' id='word_1_26' title='bbox 671 420 746 472; x_wconf 86' lang='grc' dir='ltr'><strong>τῆς</strong></span> <span class='ocrx_word' id='word_1_27' title='bbox 764 415 955 474; x_wconf 79' lang='grc' dir='ltr'><strong><em>σήμερον.</em></strong></span> 
     </span>
    </p>

    <p class='ocr_par' dir='ltr' id='par_1_3' title="bbox 214 482 1730 686">
     <span class='ocr_line' id='line_1_5' title="bbox 357 482 1699 545; baseline 0.002 -18"><span class='ocrx_word' id='word_1_28' title='bbox 357 490 433 544; x_wconf 74' lang='grc' dir='ltr'><strong>Τῷ</strong></span> <span class='ocrx_word' id='word_1_29' title='bbox 460 485 496 528; x_wconf 79' lang='grc' dir='ltr'><strong>κ’</strong></span> <span class='ocrx_word' id='word_1_30' title='bbox 530 485 607 528; x_wconf 69' lang='grc' dir='ltr'><strong><em>ἔτει</em></strong></span> <span class='ocrx_word' id='word_1_31' title='bbox 638 483 1097 544; x_wconf 55' lang='grc' dir='ltr'><strong><em>ὄντος-(Ηρακλείου’·ἕν</em></strong></span> <span class='ocrx_word' id='word_1_32' title='bbox 1116 482 1361 543; x_wconf 75' lang='grc' dir='ltr'><strong><em>Ἱεραπόλει,</em></strong></span> <span class='ocrx_word' id='word_1_33' title='bbox 1409 483 1699 545; x_wconf 67' lang='grc' dir='ltr'><strong><em>ἴρχεταιπρὸς</em></strong></span> 
     </span>
     <span class='ocr_line' id='line_1_6' title="bbox 214 553 1730 621; baseline 0.001 -22"><span class='ocrx_word' id='word_1_34' title='bbox 214 554 341 599; x_wconf 79' lang='grc' dir='ltr'><strong><em>αὐτὸν</em></strong></span> <span class='ocrx_word' id='word_1_35' title='bbox 353 553 603 605; x_wconf 72' lang='grc' dir='ltr'><strong><em>Ἀθανάσιος</em></strong></span> <span class='ocrx_word' id='word_1_36' title='bbox 625 553 647 598; x_wconf 81' lang='grc' dir='ltr'><strong>ὃ</strong></span> <span class='ocrx_word' id='word_1_37' title='bbox 668 554 924 614; x_wconf 74' lang='grc' dir='ltr'><strong><em>πατριάρχης</em></strong></span> <span class='ocrx_word' id='word_1_38' title='bbox 943 561 1024 599; x_wconf 85' lang='grc' dir='ltr'><strong>τῶν</strong></span> <span class='ocrx_word' id='word_1_39' title='bbox 1049 556 1295 610; x_wconf 79' lang='grc' dir='ltr'><strong><em>Ἰακωβιτῶν</em></strong></span> <span class='ocrx_word' id='word_1_40' title='bbox 1304 587 1318 608; x_wconf 84' lang='lat'><strong>,</strong></span> <span class='ocrx_word' id='word_1_41' title='bbox 1354 555 1485 621; x_wconf 64' lang='grc' dir='ltr'><strong><em>δεινὸς</em></strong></span> <span class='ocrx_word' id='word_1_42' title='bbox 1499 555 1695 613; x_wconf 79' lang='grc' dir='ltr'><strong><em>’ἀνὴρκαὶ</em></strong></span> <span class='ocrx_word' id='word_1_43' title='bbox 1708 565 1730 601; x_wconf 88' lang='grc'>5</span> 
     </span>
     <span class='ocr_line' id='line_1_7' title="bbox 216 623 1698 686; baseline 0 -18"><span class='ocrx_word' id='word_1_44' title='bbox 216 630 443 682; x_wconf 83' lang='grc' dir='ltr'><strong><em>κακοῦργος</em></strong></span> <span class='ocrx_word' id='word_1_45' title='bbox 461 629 514 682; x_wconf 84' lang='grc' dir='ltr'><strong><em>τῇ</em></strong></span> <span class='ocrx_word' id='word_1_46' title='bbox 533 629 616 667; x_wconf 84' lang='grc' dir='ltr'><strong>τῶν</strong></span> <span class='ocrx_word' id='word_1_47' title='bbox 637 623 785 682; x_wconf 79' lang='grc' dir='ltr'><strong><em>Σύρων</em></strong></span> <span class='ocrx_word' id='word_1_48' title='bbox 805 624 974 685; x_wconf 78' lang='grc' dir='ltr'><strong><em>ἓμφύτῳ</em></strong></span> <span class='ocrx_word' id='word_1_49' title='bbox 997 626 1224 686; x_wconf 77' lang='grc' dir='ltr'><strong><em>πανουργίᾳ</em></strong></span> <span class='ocrx_word' id='word_1_50' title='bbox 1235 658 1248 678; x_wconf 83' lang='grc'>,</span> <span class='ocrx_word' id='word_1_51' title='bbox 1284 627 1352 668; x_wconf 84' lang='grc' dir='ltr'><strong><em>καὶ</em></strong></span> <span class='ocrx_word' id='word_1_52' title='bbox 1373 632 1479 668; x_wconf 87' lang='grc' dir='ltr'><strong>κινεῖ</strong></span> <span class='ocrx_word' id='word_1_53' title='bbox 1499 626 1603 682; x_wconf 83' lang='grc' dir='ltr'><strong><em>πρὸς</em></strong></span> <span class='ocrx_word' id='word_1_54' title='bbox 1627 625 1698 668; x_wconf 82' lang='grc' dir='ltr'><strong>τὸν</strong></span> 
     </span>
    </p>

    <p class='ocr_par' dir='ltr' id='par_1_4' title="bbox 160 692 1742 1311">
     <span class='ocr_line' id='line_1_8' title="bbox 160 692 1697 754; baseline -0.001 -15"><span class='ocrx_word' id='word_1_55' title='bbox 160 703 192 739; x_wconf 86' lang='lat' dir='ltr'>C</span> <span class='ocrx_word' id='word_1_56' title='bbox 213 696 390 750; x_wconf 73' lang='grc' dir='ltr'><strong><em>βασιλέα</em></strong></span> <span class='ocrx_word' id='word_1_57' title='bbox 417 692 563 750; x_wconf 77' lang='grc' dir='ltr'><em>λόγους</em></span> <span class='ocrx_word' id='word_1_58' title='bbox 583 696 674 751; x_wconf 84' lang='grc' dir='ltr'><strong><em>περὶ</em></strong></span> <span class='ocrx_word' id='word_1_59' title='bbox 699 696 894 748; x_wconf 84' lang='grc' dir='ltr'><strong><em>πίστεως,</em></strong></span> <span class='ocrx_word' id='word_1_60' title='bbox 910 704 913 708; x_wconf 76' lang='grc'>’</span> <span class='ocrx_word' id='word_1_61' title='bbox 929 696 998 738; x_wconf 83' lang='grc' dir='ltr'><strong><em>καὶ</em></strong></span> <span class='ocrx_word' id='word_1_62' title='bbox 1021 693 1270 751; x_wconf 73' lang='grc' dir='ltr'><strong><em>ὑπισχνεῖται</em></strong></span> <span class='ocrx_word' id='word_1_63' title='bbox 1302 694 1413 754; x_wconf 77' lang='grc' dir='ltr'><strong><em>αὐτῷ</em></strong></span> <span class='ocrx_word' id='word_1_64' title='bbox 1441 693 1697 752; x_wconf 53' lang='grc' dir='ltr'><strong><em>(Ηράκλειος,</em></strong></span> 
     </span>
     <span class='ocr_line' id='line_1_9' title="bbox 213 762 1698 827; baseline 0 -20"><span class='ocrx_word' id='word_1_65' title='bbox 213 767 249 807; x_wconf 78' lang='grc' dir='ltr'><strong><em>εἴ</em></strong></span> <span class='ocrx_word' id='word_1_66' title='bbox 268 764 342 820; x_wconf 81' lang='grc' dir='ltr'><strong>τὴν</strong></span> <span class='ocrx_word' id='word_1_67' title='bbox 361 765 403 806; x_wconf 73' lang='grc' dir='ltr'><strong><em>ἐν</em></strong></span> <span class='ocrx_word' id='word_1_68' title='bbox 419 762 660 819; x_wconf 75' lang='grc' dir='ltr'><strong><em>Χαλκηδόνι</em></strong></span> <span class='ocrx_word' id='word_1_69' title='bbox 683 762 858 807; x_wconf 78' lang='grc' dir='ltr'><strong><em>σύνοδον</em></strong></span> <span class='ocrx_word' id='word_1_70' title='bbox 876 764 1137 817; x_wconf 72' lang='grc' dir='ltr'><strong><em>ἀποδέξεται,</em></strong></span> <span class='ocrx_word' id='word_1_71' title='bbox 1162 762 1418 827; x_wconf 77' lang='grc' dir='ltr'><strong><em>πατριάρχην</em></strong></span> <span class='ocrx_word' id='word_1_72' title='bbox 1435 764 1559 808; x_wconf 74' lang='grc' dir='ltr'><strong><em>αὐτὸν</em></strong></span> <span class='ocrx_word' id='word_1_73' title='bbox 1577 769 1698 821; x_wconf 81' lang='grc' dir='ltr'><strong><em>ποιῆ-</em></strong></span> 
     </span>
     <span class='ocr_line' id='line_1_10' title="bbox 211 831 1697 892; baseline 0 -15"><span class='ocrx_word' id='word_1_74' title='bbox 211 851 282 877; x_wconf 88' lang='grc' dir='ltr'><strong><em>σαι</em></strong></span> <span class='ocrx_word' id='word_1_75' title='bbox 299 834 554 888; x_wconf 74' lang='grc' dir='ltr'><strong><em>Ἀντιοχείας.</em></strong></span> <span class='ocrx_word' id='word_1_76' title='bbox 626 831 647 875; x_wconf 83' lang='grc' dir='ltr'><em>ὃ</em></span> <span class='ocrx_word' id='word_1_77' title='bbox 669 834 713 876; x_wconf 77' lang='grc' dir='ltr'><strong><em>δὲ</em></strong></span> <span class='ocrx_word' id='word_1_78' title='bbox 732 831 974 892; x_wconf 71' lang='grc' dir='ltr'><strong><em>’ὗποκριθεὶς</em></strong></span> <span class='ocrx_word' id='word_1_79' title='bbox 992 835 1156 886; x_wconf 61' lang='grc' dir='ltr'><strong><em>ἐδέξατο</em></strong></span> <span class='ocrx_word' id='word_1_80' title='bbox 1175 834 1255 890; x_wconf 83' lang='grc' dir='ltr'><strong><em>’τὴν</em></strong></span> <span class='ocrx_word' id='word_1_81' title='bbox 1270 833 1456 888; x_wconf 81' lang='grc' dir='ltr'><strong><em>σύνοδον,</em></strong></span> <span class='ocrx_word' id='word_1_82' title='bbox 1492 833 1697 891; x_wconf 80' lang='grc' dir='ltr'><strong><em>ὁμολογή-</em></strong></span> 
     </span>
     <span class='ocr_line' id='line_1_11' title="bbox 209 901 1742 962; baseline -0.001 -16"><span class='ocrx_word' id='word_1_83' title='bbox 209 919 289 954; x_wconf 90' lang='grc' dir='ltr'><strong>σας</strong></span> <span class='ocrx_word' id='word_1_84' title='bbox 310 903 386 954; x_wconf 81' lang='grc' dir='ltr'><strong>τὰς</strong></span> <span class='ocrx_word' id='word_1_85' title='bbox 413 901 488 946; x_wconf 80' lang='grc' dir='ltr'><strong><em>δύο</em></strong></span> <span class='ocrx_word' id='word_1_86' title='bbox 518 904 560 945; x_wconf 78' lang='grc' dir='ltr'><strong><em>ἐν</em></strong></span> <span class='ocrx_word' id='word_1_87' title='bbox 581 904 756 962; x_wconf 76' lang='grc' dir='ltr'><strong><em>Χριστῷ</em></strong></span> <span class='ocrx_word' id='word_1_88' title='bbox 776 902 986 959; x_wconf 75' lang='grc' dir='ltr'><strong><em>ἦνωμένας</em></strong></span> <span class='ocrx_word' id='word_1_89' title='bbox 1016 903 1179 962; x_wconf 83' lang='grc' dir='ltr'><strong><em>φύσεις·</em></strong></span> <span class='ocrx_word' id='word_1_90' title='bbox 1213 902 1401 961; x_wconf 79' lang='grc' dir='ltr'><strong><em>ἠρώτησέ</em></strong></span> <span class='ocrx_word' id='word_1_91' title='bbox 1418 922 1461 947; x_wconf 89' lang='grc' dir='ltr'><strong>τε</strong></span> <span class='ocrx_word' id='word_1_92' title='bbox 1482 905 1554 948; x_wconf 84' lang='grc' dir='ltr'><strong>τὸν</strong></span> <span class='ocrx_word' id='word_1_93' title='bbox 1570 908 1695 959; x_wconf 80' lang='grc' dir='ltr'><strong><em>βασι·-</em></strong></span> <span class='ocrx_word' id='word_1_94' title='bbox 1707 909 1742 945; x_wconf 87' lang='grc'><strong>1(</strong></span> 
     </span>
     <span class='ocr_line' id='line_1_12' title="bbox 212 970 1697 1030; baseline 0.001 -15"><span class='ocrx_word' id='word_1_95' title='bbox 212 973 285 1015; x_wconf 76' lang='grc' dir='ltr'><strong><em>λέα</em></strong></span> <span class='ocrx_word' id='word_1_96' title='bbox 306 974 397 1030; x_wconf 81' lang='grc' dir='ltr'><strong><em>περὶ</em></strong></span> <span class='ocrx_word' id='word_1_97' title='bbox 418 977 491 1027; x_wconf 85' lang='grc' dir='ltr'><strong>τῆς</strong></span> <span class='ocrx_word' id='word_1_98' title='bbox 507 973 708 1030; x_wconf 75' lang='grc' dir='ltr'><strong><em>ἐνεργείας</em></strong></span> <span class='ocrx_word' id='word_1_99' title='bbox 729 975 797 1016; x_wconf 86' lang='grc' dir='ltr'><strong><em>καὶ</em></strong></span> <span class='ocrx_word' id='word_1_100' title='bbox 817 978 900 1017; x_wconf 75' lang='grc' dir='ltr'><strong>τῶν</strong></span> <span class='ocrx_word' id='word_1_101' title='bbox 915 971 1178 1030; x_wconf 76' lang='grc' dir='ltr'><strong><em>θελημάτων,</em></strong></span> <span class='ocrx_word' id='word_1_102' title='bbox 1207 978 1295 1025; x_wconf 77' lang='grc' dir='ltr'><strong><em>’πῶς</em></strong></span> <span class='ocrx_word' id='word_1_103' title='bbox 1315 974 1382 1016; x_wconf 81' lang='grc' dir='ltr'><strong>δεῖ</strong></span> <span class='ocrx_word' id='word_1_104' title='bbox 1395 970 1547 1025; x_wconf 86' lang='grc' dir='ltr'><strong><em>ταύτας</em></strong></span> <span class='ocrx_word' id='word_1_105' title='bbox 1570 974 1697 1030; x_wconf 77' lang='grc' dir='ltr'><strong><em>λέγειν</em></strong></span> 
     </span>
     <span class='ocr_line' id='line_1_13' title="bbox 211 1041 1699 1102; baseline 0.001 -18"><span class='ocrx_word' id='word_1_106' title='bbox 211 1041 254 1084; x_wconf 77' lang='grc' dir='ltr'><strong><em>ἓν</em></strong></span> <span class='ocrx_word' id='word_1_107' title='bbox 276 1044 472 1100; x_wconf 80' lang='grc' dir='ltr'><strong><em>Χριστῷ,</em></strong></span> <span class='ocrx_word' id='word_1_108' title='bbox 518 1044 665 1094; x_wconf 82' lang='grc' dir='ltr'><strong><em>διπλᾶς</em></strong></span> <span class='ocrx_word' id='word_1_109' title='bbox 694 1041 722 1098; x_wconf 81' lang='grc' dir='ltr'><em>ἢ</em></span> <span class='ocrx_word' id='word_1_110' title='bbox 750 1041 989 1097; x_wconf 81' lang='grc' dir='ltr'><strong><em>μοναδικάς.</em></strong></span> <span class='ocrx_word' id='word_1_111' title='bbox 1059 1041 1081 1086; x_wconf 82' lang='grc' dir='ltr'><strong>ὅ</strong></span> <span class='ocrx_word' id='word_1_112' title='bbox 1112 1044 1157 1086; x_wconf 81' lang='grc' dir='ltr'><strong><em>δὲ</em></strong></span> <span class='ocrx_word' id='word_1_113' title='bbox 1187 1042 1390 1099; x_wconf 74' lang='grc' dir='ltr'><strong><em>βασιλεὺς</em></strong></span> <span class='ocrx_word' id='word_1_114' title='bbox 1411 1041 1561 1102; x_wconf 78' lang='grc' dir='ltr'><strong><em>γράφει</em></strong></span> <span class='ocrx_word' id='word_1_115' title='bbox 1594 1042 1699 1102; x_wconf 76' lang='grc' dir='ltr'><strong><em>πρὸς</em></strong></span> 
     </span>
     <span class='ocr_line' id='line_1_14' title="bbox 210 1111 1697 1172; baseline 0.001 -18"><span class='ocrx_word' id='word_1_116' title='bbox 210 1112 382 1169; x_wconf 76' lang='grc' dir='ltr'><strong><em>Σέργιον</em></strong></span> <span class='ocrx_word' id='word_1_117' title='bbox 417 1112 489 1155; x_wconf 84' lang='grc' dir='ltr'><strong>τὸν</strong></span> <span class='ocrx_word' id='word_1_118' title='bbox 516 1111 1011 1166; x_wconf 82' lang='grc' dir='ltr'><strong><em>Κωνσταντινουπόλεως,</em></strong></span> <span class='ocrx_word' id='word_1_119' title='bbox 1057 1117 1347 1172; x_wconf 83' lang='grc' dir='ltr'><strong><em>προσκαλεῖται</em></strong></span> <span class='ocrx_word' id='word_1_120' title='bbox 1380 1113 1426 1155; x_wconf 79' lang='grc' dir='ltr'><strong><em>δὲ</em></strong></span> <span class='ocrx_word' id='word_1_121' title='bbox 1455 1115 1523 1156; x_wconf 82' lang='grc' dir='ltr'><strong><em>καὶ</em></strong></span> <span class='ocrx_word' id='word_1_122' title='bbox 1555 1114 1697 1170; x_wconf 78' lang='grc' dir='ltr'><strong><em>Κῦρον</em></strong></span> 
     </span>
     <span class='ocr_line' id='line_1_15' title="bbox 209 1177 1698 1242; baseline -0.001 -17"><span class='ocrx_word' id='word_1_123' title='bbox 209 1181 282 1225; x_wconf 87' lang='grc' dir='ltr'><strong>τὸν</strong></span> <span class='ocrx_word' id='word_1_124' title='bbox 305 1180 514 1233; x_wconf 82' lang='grc' dir='ltr'><strong><em>Φάσιδος,</em></strong></span> <span class='ocrx_word' id='word_1_125' title='bbox 544 1181 869 1239; x_wconf 71' lang='grc' dir='ltr'><strong><em>Μονοθελήταις</em></strong></span> <span class='ocrx_word' id='word_1_126' title='bbox 896 1182 1146 1242; x_wconf 74' lang='grc' dir='ltr'><strong><em>ἀμφοτέροις</em></strong></span> <span class='ocrx_word' id='word_1_127' title='bbox 1176 1177 1288 1235; x_wconf 67' lang='grc' dir='ltr'><strong><em>οὖσι,</em></strong></span> <span class='ocrx_word' id='word_1_128' title='bbox 1324 1183 1393 1226; x_wconf 84' lang='grc' dir='ltr'><strong><em>καὶ</em></strong></span> <span class='ocrx_word' id='word_1_129' title='bbox 1413 1177 1526 1241; x_wconf 71' lang='grc' dir='ltr'><strong><em>εὗρεν</em></strong></span> <span class='ocrx_word' id='word_1_130' title='bbox 1547 1182 1698 1234; x_wconf 80' lang='grc' dir='ltr'><strong><em>αὖτοὺς</em></strong></span> 
     </span>
     <span class='ocr_line' id='line_1_16' title="bbox 209 1248 1742 1311; baseline 0.002 -17"><span class='ocrx_word' id='word_1_131' title='bbox 209 1249 449 1310; x_wconf 74' lang='grc' dir='ltr'><strong><em>ὁμόφρονας</em></strong></span> <span class='ocrx_word' id='word_1_132' title='bbox 468 1251 735 1295; x_wconf 75' lang='grc' dir='ltr'><strong><em>Ἀθανασιόυ.</em></strong></span> <span class='ocrx_word' id='word_1_133' title='bbox 816 1251 966 1311; x_wconf 80' lang='grc' dir='ltr'><strong><em>γράφει</em></strong></span> <span class='ocrx_word' id='word_1_134' title='bbox 999 1248 1070 1296; x_wconf 72' lang='grc' dir='ltr'><strong><em>οὖν</em></strong></span> <span class='ocrx_word' id='word_1_135' title='bbox 1100 1253 1204 1311; x_wconf 86' lang='grc' dir='ltr'><strong><em>πρὸς</em></strong></span> <span class='ocrx_word' id='word_1_136' title='bbox 1233 1251 1424 1308; x_wconf 80' lang='grc' dir='ltr'><strong><em>Ἰωάννην</em></strong></span> <span class='ocrx_word' id='word_1_137' title='bbox 1452 1253 1524 1296; x_wconf 86' lang='grc' dir='ltr'><strong>τὸν</strong></span> <span class='ocrx_word' id='word_1_138' title='bbox 1551 1251 1693 1295; x_wconf 82' lang='grc' dir='ltr'><strong><em>πάπαν</em></strong></span> <span class='ocrx_word' id='word_1_139' title='bbox 1707 1261 1742 1297; x_wconf 75' lang='grc'><strong>15</strong></span> 
     </span>
    </p>

    <p class='ocr_par' dir='ltr' id='par_1_5' title="bbox 157 1319 1742 1871">
     <span class='ocr_line' id='line_1_17' title="bbox 157 1319 1696 1382; baseline 0.001 -19"><span class='ocrx_word' id='word_1_140' title='bbox 157 1319 369 1382; x_wconf 24' lang='grc' dir='ltr'><strong><em>ΒὶῬώμης</em></strong></span> <span class='ocrx_word' id='word_1_141' title='bbox 392 1321 638 1379; x_wconf 75' lang='grc' dir='ltr'><strong><em>ἀμφοτέρων</em></strong></span> <span class='ocrx_word' id='word_1_142' title='bbox 661 1321 735 1377; x_wconf 85' lang='grc' dir='ltr'><strong>τὴν</strong></span> <span class='ocrx_word' id='word_1_143' title='bbox 754 1321 942 1379; x_wconf 87' lang='grc' dir='ltr'><strong><em>γνώμην·</em></strong></span> <span class='ocrx_word' id='word_1_144' title='bbox 978 1321 1000 1366; x_wconf 82' lang='grc' dir='ltr'><em>ὃ</em></span> <span class='ocrx_word' id='word_1_145' title='bbox 1025 1323 1069 1365; x_wconf 81' lang='grc' dir='ltr'><strong><em>δὲ</em></strong></span> <span class='ocrx_word' id='word_1_146' title='bbox 1093 1323 1140 1366; x_wconf 84' lang='grc' dir='ltr'><strong>οὗ</strong></span> <span class='ocrx_word' id='word_1_147' title='bbox 1165 1322 1421 1374; x_wconf 72' lang='grc' dir='ltr'><strong><em>κατεδέξατο.</em></strong></span> <span class='ocrx_word' id='word_1_148' title='bbox 1488 1324 1530 1365; x_wconf 94' lang='grc' dir='ltr'>Γ</span> <span class='ocrx_word' id='word_1_149' title='bbox 1526 1324 1696 1380; x_wconf 85' lang='grc' dir='ltr'><strong><em>εωργιόυ</em></strong></span> 
     </span>
     <span class='ocr_line' id='line_1_18' title="bbox 207 1391 1698 1450; baseline 0.001 -17"><span class='ocrx_word' id='word_1_150' title='bbox 207 1391 253 1434; x_wconf 78' lang='grc' dir='ltr'><strong><em>δὲ</em></strong></span> <span class='ocrx_word' id='word_1_151' title='bbox 270 1395 345 1434; x_wconf 80' lang='grc' dir='ltr'><strong><em>τοῦ</em></strong></span> <span class='ocrx_word' id='word_1_152' title='bbox 361 1391 667 1449; x_wconf 79' lang='grc' dir='ltr'><strong><em>Ἀλεξανδρείας</em></strong></span> <span class='ocrx_word' id='word_1_153' title='bbox 684 1391 997 1448; x_wconf 78' lang='grc' dir='ltr'><strong><em>τελευτήσαντος</em></strong></span> <span class='ocrx_word' id='word_1_154' title='bbox 1007 1394 1150 1450; x_wconf 77' lang='grc' dir='ltr'><strong><em>Κῦρος</em></strong></span> <span class='ocrx_word' id='word_1_155' title='bbox 1167 1393 1384 1443; x_wconf 77' lang='grc' dir='ltr'><strong><em>ἐπίσκοπος</em></strong></span> <span class='ocrx_word' id='word_1_156' title='bbox 1393 1393 1698 1450; x_wconf 80' lang='grc' dir='ltr'><strong><em>Ἀλεξανδρείας</em></strong></span> 
     </span>
     <span class='ocr_line' id='line_1_19' title="bbox 203 1459 1695 1521; baseline 0.001 -18"><span class='ocrx_word' id='word_1_157' title='bbox 203 1461 369 1517; x_wconf 85' lang='grc' dir='ltr'><strong><em>γίνεται,</em></strong></span> <span class='ocrx_word' id='word_1_158' title='bbox 408 1462 476 1503; x_wconf 83' lang='grc' dir='ltr'><strong><em>καὶ</em></strong></span> <span class='ocrx_word' id='word_1_159' title='bbox 497 1459 666 1512; x_wconf 73' lang='grc' dir='ltr'><strong><em>ἕνωθεὶς</em></strong></span> <span class='ocrx_word' id='word_1_160' title='bbox 691 1460 897 1520; x_wconf 83' lang='grc' dir='ltr'><strong><em>Θεοδώρῳ</em></strong></span> <span class='ocrx_word' id='word_1_161' title='bbox 911 1467 971 1521; x_wconf 70' lang='grc' dir='ltr'><strong><em>τῷ</em></strong></span> <span class='ocrx_word' id='word_1_162' title='bbox 989 1461 1193 1521; x_wconf 75' lang='grc' dir='ltr'><strong><em>ἕπισκόπῳ</em></strong></span> <span class='ocrx_word' id='word_1_163' title='bbox 1217 1460 1391 1519; x_wconf 83' lang='grc' dir='ltr'><strong><em>Φαράν,,</em></strong></span> <span class='ocrx_word' id='word_1_164' title='bbox 1407 1462 1601 1518; x_wconf 79' lang='grc' dir='ltr'><strong><em>ἐποίησαν</em></strong></span> <span class='ocrx_word' id='word_1_165' title='bbox 1620 1461 1695 1518; x_wconf 84' lang='grc' dir='ltr'><strong>τὴν</strong></span> 
     </span>
     <span class='ocr_line' id='line_1_20' title="bbox 202 1528 1693 1591; baseline 0.001 -18"><span class='ocrx_word' id='word_1_166' title='bbox 202 1528 429 1590; x_wconf 73' lang='grc' dir='ltr'><strong><em>ὓδροβαφῆ</em></strong></span> <span class='ocrx_word' id='word_1_167' title='bbox 453 1531 604 1587; x_wconf 74' lang='grc' dir='ltr'><strong><em>ἐκείνην</em></strong></span> <span class='ocrx_word' id='word_1_168' title='bbox 627 1532 783 1584; x_wconf 71' lang='grc' dir='ltr'><strong><em>ἕνωσιν,</em></strong></span> <span class='ocrx_word' id='word_1_169' title='bbox 817 1533 917 1587; x_wconf 84' lang='grc' dir='ltr'><strong><em>μίαν</em></strong></span> <span class='ocrx_word' id='word_1_170' title='bbox 949 1533 1017 1575; x_wconf 79' lang='grc' dir='ltr'><strong><em>καὶ</em></strong></span> <span class='ocrx_word' id='word_1_171' title='bbox 1049 1533 1165 1576; x_wconf 79' lang='grc' dir='ltr'><strong><em>αὐτοὶ</em></strong></span> <span class='ocrx_word' id='word_1_172' title='bbox 1194 1530 1431 1590; x_wconf 78' lang='grc' dir='ltr'><strong><em>γράψαντες</em></strong></span> <span class='ocrx_word' id='word_1_173' title='bbox 1458 1533 1500 1574; x_wconf 76' lang='grc' dir='ltr'><strong><em>ἐν</em></strong></span> <span class='ocrx_word' id='word_1_174' title='bbox 1519 1534 1693 1591; x_wconf 75' lang='grc' dir='ltr'><strong><em>Χριστῷ</em></strong></span> 
     </span>
     <span class='ocr_line' id='line_1_21' title="bbox 205 1599 1742 1659; baseline 0.001 -15"><span class='ocrx_word' id='word_1_175' title='bbox 205 1600 387 1658; x_wconf 80' lang='grc' dir='ltr'><strong><em>φυσικὴν</em></strong></span> <span class='ocrx_word' id='word_1_176' title='bbox 405 1601 619 1657; x_wconf 71' lang='grc' dir='ltr'><strong><em>ἐνέργειαν.</em></strong></span> <span class='ocrx_word' id='word_1_177' title='bbox 683 1601 725 1644; x_wconf 74' lang='grc' dir='ltr'><strong><em>ἓν</em></strong></span> <span class='ocrx_word' id='word_1_178' title='bbox 745 1599 906 1653; x_wconf 87' lang='grc' dir='ltr'><strong><em>τούτοις</em></strong></span> <span class='ocrx_word' id='word_1_179' title='bbox 926 1600 1055 1645; x_wconf 76' lang='grc' dir='ltr'><strong><em>ὄντων</em></strong></span> <span class='ocrx_word' id='word_1_180' title='bbox 1075 1607 1157 1646; x_wconf 85' lang='grc' dir='ltr'><strong>τῶν</strong></span> <span class='ocrx_word' id='word_1_181' title='bbox 1179 1599 1431 1659; x_wconf 82' lang='grc' dir='ltr'><strong><em>πραγμάτων</em></strong></span> <span class='ocrx_word' id='word_1_182' title='bbox 1451 1600 1742 1659; x_wconf 72' lang='grc' dir='ltr'><strong><em>ΣωφρόνιοςΞΟ</em></strong></span> 
     </span>
     <span class='ocr_line' id='line_1_22' title="bbox 198 1669 1690 1729; baseline 0 -17"><span class='ocrx_word' id='word_1_183' title='bbox 198 1676 489 1727; x_wconf 77' lang='grc' dir='ltr'><strong><em>χειροτονεῖται</em></strong></span> <span class='ocrx_word' id='word_1_184' title='bbox 512 1671 730 1722; x_wconf 74' lang='grc' dir='ltr'><strong><em>ἐπίσκοπος</em></strong></span> <span class='ocrx_word' id='word_1_185' title='bbox 751 1669 1071 1729; x_wconf 83' lang='grc' dir='ltr'><strong><em>Ἱεροσολύμων·</em></strong></span> <span class='ocrx_word' id='word_1_186' title='bbox 1106 1672 1174 1714; x_wconf 82' lang='grc' dir='ltr'><strong><em>καὶ</em></strong></span> <span class='ocrx_word' id='word_1_187' title='bbox 1193 1672 1477 1729; x_wconf 74' lang='grc' dir='ltr'><strong><em>συναθροίσας</em></strong></span> <span class='ocrx_word' id='word_1_188' title='bbox 1499 1671 1595 1722; x_wconf 77' lang='grc' dir='ltr'><strong><em>τούς</em></strong></span> <span class='ocrx_word' id='word_1_189' title='bbox 1614 1669 1690 1713; x_wconf 70' lang='grc' dir='ltr'><strong>ὕπ’</strong></span> 
     </span>
     <span class='ocr_line' id='line_1_23' title="bbox 202 1738 1693 1797; baseline 0.001 -16"><span class='ocrx_word' id='word_1_190' title='bbox 202 1739 328 1783; x_wconf 80' lang='grc' dir='ltr'><strong><em>αὐτὸν</em></strong></span> <span class='ocrx_word' id='word_1_191' title='bbox 348 1738 595 1791; x_wconf 73' lang='grc' dir='ltr'><strong><em>ἐπισκόπους</em></strong></span> <span class='ocrx_word' id='word_1_192' title='bbox 615 1741 661 1783; x_wconf 84' lang='grc' dir='ltr'><strong><em>τὸ</em></strong></span> <span class='ocrx_word' id='word_1_193' title='bbox 685 1742 966 1797; x_wconf 73' lang='grc' dir='ltr'><strong><em>μονοθέλητον</em></strong></span> <span class='ocrx_word' id='word_1_194' title='bbox 989 1739 1123 1797; x_wconf 86' lang='grc' dir='ltr'><strong><em>δόγμα</em></strong></span> <span class='ocrx_word' id='word_1_195' title='bbox 1143 1738 1434 1795; x_wconf 70' lang='grc' dir='ltr'><strong><em>ἀνεθεμάτισε,</em></strong></span> <span class='ocrx_word' id='word_1_196' title='bbox 1481 1742 1549 1783; x_wconf 85' lang='grc' dir='ltr'><strong><em>καὶ</em></strong></span> <span class='ocrx_word' id='word_1_197' title='bbox 1570 1757 1693 1783; x_wconf 85' lang='grc' dir='ltr'><strong><em>συνο-</em></strong></span> 
     </span>
     <span class='ocr_line' id='line_1_24' title="bbox 202 1807 1693 1871; baseline 0.001 -20"><span class='ocrx_word' id='word_1_198' title='bbox 202 1809 328 1860; x_wconf 82' lang='grc' dir='ltr'><strong><em>δικῶς</em></strong></span> <span class='ocrx_word' id='word_1_199' title='bbox 358 1811 516 1868; x_wconf 77' lang='grc' dir='ltr'><strong><em>Σεργίῳ</em></strong></span> <span class='ocrx_word' id='word_1_200' title='bbox 544 1813 605 1868; x_wconf 75' lang='grc' dir='ltr'><strong><em>τῷ</em></strong></span> <span class='ocrx_word' id='word_1_201' title='bbox 634 1809 1106 1862; x_wconf 85' lang='grc' dir='ltr'><strong><em>Κωνσταντινουπόλεως</em></strong></span> <span class='ocrx_word' id='word_1_202' title='bbox 1134 1811 1204 1853; x_wconf 82' lang='grc' dir='ltr'><strong><em>καὶ</em></strong></span> <span class='ocrx_word' id='word_1_203' title='bbox 1237 1807 1405 1869; x_wconf 78' lang='grc' dir='ltr'><strong><em>Ἰωάννῃ</em></strong></span> <span class='ocrx_word' id='word_1_204' title='bbox 1442 1814 1501 1871; x_wconf 76' lang='grc' dir='ltr'><strong><em>τῷ</em></strong></span> <span class='ocrx_word' id='word_1_205' title='bbox 1532 1808 1693 1867; x_wconf 82' lang='grc' dir='ltr'><strong><em>Ῥώμης</em></strong></span> 
     </span>
    </p>
   </div>
   <div class='ocr_carea' id='block_1_3' title="bbox 292 1903 813 1943">
    <p class='ocr_par' dir='ltr' id='par_1_6' title="bbox 292 1903 813 1943">
     <span class='ocr_line' id='line_1_25' title="bbox 292 1903 813 1943; baseline 0 -1"><span class='ocrx_word' id='word_1_206' title='bbox 292 1905 317 1942; x_wconf 84' lang='grc'>4</span> <span class='ocrx_word' id='word_1_207' title='bbox 339 1903 392 1941; x_wconf 83' lang='grc' dir='ltr'><strong>κε’</strong></span> <span class='ocrx_word' id='word_1_208' title='bbox 415 1906 464 1941; x_wconf 80' lang='lat' dir='ltr'><strong>P:</strong></span> <span class='ocrx_word' id='word_1_209' title='bbox 490 1904 647 1943; x_wconf 85' lang='lat' dir='ltr'><strong>correxit</strong></span> <span class='ocrx_word' id='word_1_210' title='bbox 670 1906 813 1942; x_wconf 82' lang='lat' dir='ltr'><strong>Goarus</strong></span> 
     </span>
    </p>
   </div>
   <div class='ocr_carea' id='block_1_4' title="bbox 189 1985 1740 2925">
    <p class='ocr_par' dir='ltr' id='par_1_7' title="bbox 189 1985 1740 2925">
     <span class='ocr_line' id='line_1_26' title="bbox 199 1985 1692 2035; baseline 0.003 -14"><span class='ocrx_word' id='word_1_211' title='bbox 199 1997 338 2022; x_wconf 88' lang='lat' dir='ltr'><strong>menses</strong></span> <span class='ocrx_word' id='word_1_212' title='bbox 362 1990 512 2032; x_wconf 81' lang='lat' dir='ltr'><strong>septem.</strong></span> <span class='ocrx_word' id='word_1_213' title='bbox 560 1986 732 2022; x_wconf 87' lang='lat' dir='ltr'><strong>successit</strong></span> <span class='ocrx_word' id='word_1_214' title='bbox 756 1986 790 2022; x_wconf 87' lang='lat' dir='ltr'><strong>ei</strong></span> <span class='ocrx_word' id='word_1_215' title='bbox 815 1985 1046 2030; x_wconf 86' lang='lat' dir='ltr'><strong>Hormisdas;</strong></span> <span class='ocrx_word' id='word_1_216' title='bbox 1080 1996 1151 2033; x_wconf 88' lang='lat' dir='ltr'><strong>quo</strong></span> <span class='ocrx_word' id='word_1_217' title='bbox 1181 1999 1204 2024; x_wconf 88' lang='lat' dir='ltr'><strong>a</strong></span> <span class='ocrx_word' id='word_1_218' title='bbox 1229 1987 1419 2024; x_wconf 75' lang='lat' dir='ltr'><strong>Saracenis</strong></span> <span class='ocrx_word' id='word_1_219' title='bbox 1445 1988 1547 2035; x_wconf 89' lang='lat' dir='ltr'><strong>pulso</strong></span> <span class='ocrx_word' id='word_1_220' title='bbox 1569 1988 1692 2025; x_wconf 80' lang='lat' dir='ltr'><strong>Persi-</strong></span> 
     </span>
     <span class='ocr_line' id='line_1_27' title="bbox 198 2033 1692 2080; baseline 0.003 -12"><span class='ocrx_word' id='word_1_221' title='bbox 198 2044 278 2068; x_wconf 87' lang='lat' dir='ltr'><strong>cum</strong></span> <span class='ocrx_word' id='word_1_222' title='bbox 301 2045 447 2078; x_wconf 85' lang='lat' dir='ltr'><strong>regnum</strong></span> <span class='ocrx_word' id='word_1_223' title='bbox 472 2033 651 2069; x_wconf 85' lang='lat' dir='ltr'><strong>Arabibus</strong></span> <span class='ocrx_word' id='word_1_224' title='bbox 674 2033 870 2069; x_wconf 85' lang='lat' dir='ltr'><strong>subiectum</strong></span> <span class='ocrx_word' id='word_1_225' title='bbox 894 2040 968 2077; x_wconf 85' lang='lat' dir='ltr'><strong>est,</strong></span> <span class='ocrx_word' id='word_1_226' title='bbox 991 2034 1100 2079; x_wconf 88' lang='lat' dir='ltr'><strong>inque</strong></span> <span class='ocrx_word' id='word_1_227' title='bbox 1121 2036 1213 2070; x_wconf 79' lang='lat' dir='ltr'><strong>hunc</strong></span> <span class='ocrx_word' id='word_1_228' title='bbox 1235 2047 1348 2080; x_wconf 84' lang='lat' dir='ltr'><strong>usque</strong></span> <span class='ocrx_word' id='word_1_229' title='bbox 1370 2036 1462 2071; x_wconf 78' lang='lat' dir='ltr'><strong>diem</strong></span> <span class='ocrx_word' id='word_1_230' title='bbox 1485 2036 1537 2071; x_wconf 88' lang='lat' dir='ltr'><strong>ita</strong></span> <span class='ocrx_word' id='word_1_231' title='bbox 1560 2042 1692 2072; x_wconf 85' lang='lat' dir='ltr'><strong>manet.</strong></span> 
     </span>
     <span class='ocr_line' id='line_1_28' title="bbox 295 2079 1692 2127; baseline 0.003 -13"><span class='ocrx_word' id='word_1_232' title='bbox 295 2080 397 2114; x_wconf 86' lang='lat' dir='ltr'><strong>Anno</strong></span> <span class='ocrx_word' id='word_1_233' title='bbox 430 2079 624 2125; x_wconf 85' lang='lat' dir='ltr'><strong>vigesimo,</strong></span> <span class='ocrx_word' id='word_1_234' title='bbox 661 2092 738 2116; x_wconf 92' lang='lat' dir='ltr'><strong>cum</strong></span> <span class='ocrx_word' id='word_1_235' title='bbox 773 2082 923 2126; x_wconf 80' lang='lat' dir='ltr'><strong>degeret</strong></span> <span class='ocrx_word' id='word_1_236' title='bbox 944 2080 1132 2127; x_wconf 84' lang='lat' dir='ltr'><strong>Hierapoli</strong></span> <span class='ocrx_word' id='word_1_237' title='bbox 1156 2081 1364 2127; x_wconf 82' lang='lat' dir='ltr'><strong>Heraclius,</strong></span> <span class='ocrx_word' id='word_1_238' title='bbox 1398 2083 1499 2118; x_wconf 80' lang='lat' dir='ltr'><strong>venit</strong></span> <span class='ocrx_word' id='word_1_239' title='bbox 1532 2083 1578 2118; x_wconf 88' lang='lat' dir='ltr'><strong>ad</strong></span> <span class='ocrx_word' id='word_1_240' title='bbox 1612 2095 1692 2118; x_wconf 87' lang='lat' dir='ltr'><strong>eum</strong></span> 
     </span>
     <span class='ocr_line' id='line_1_29' title="bbox 200 2125 1692 2176; baseline 0.003 -15"><span class='ocrx_word' id='word_1_241' title='bbox 200 2125 417 2162; x_wconf 80' lang='lat' dir='ltr'>Athanasius</span> <span class='ocrx_word' id='word_1_242' title='bbox 455 2127 693 2162; x_wconf 88' lang='lat' dir='ltr'><strong>Iacobitarum</strong></span> <span class='ocrx_word' id='word_1_243' title='bbox 732 2127 955 2174; x_wconf 82' lang='lat' dir='ltr'><strong>patriarcha,</strong></span> <span class='ocrx_word' id='word_1_244' title='bbox 1001 2127 1104 2162; x_wconf 90' lang='lat' dir='ltr'><strong>homo</strong></span> <span class='ocrx_word' id='word_1_245' title='bbox 1134 2129 1280 2164; x_wconf 88' lang='lat' dir='ltr'><strong>callidus</strong></span> <span class='ocrx_word' id='word_1_246' title='bbox 1325 2133 1362 2164; x_wconf 84' lang='lat' dir='ltr'><strong>et</strong></span> <span class='ocrx_word' id='word_1_247' title='bbox 1399 2134 1439 2164; x_wconf 87' lang='lat' dir='ltr'><strong>ut</strong></span> <span class='ocrx_word' id='word_1_248' title='bbox 1478 2135 1560 2165; x_wconf 91' lang='lat' dir='ltr'><strong>sunt</strong></span> <span class='ocrx_word' id='word_1_249' title='bbox 1603 2130 1692 2176; x_wconf 84' lang='lat' dir='ltr'><strong>Syri</strong></span> 
     </span>
     <span class='ocr_line' id='line_1_30' title="bbox 201 2173 1692 2214; baseline 0.003 -7"><span class='ocrx_word' id='word_1_250' title='bbox 201 2185 322 2208; x_wconf 88' lang='lat' dir='ltr'><strong>omnes</strong></span> <span class='ocrx_word' id='word_1_251' title='bbox 347 2179 473 2208; x_wconf 85' lang='lat' dir='ltr'><strong>natura</strong></span> <span class='ocrx_word' id='word_1_252' title='bbox 498 2174 544 2208; x_wconf 85' lang='lat' dir='ltr'><strong>ad</strong></span> <span class='ocrx_word' id='word_1_253' title='bbox 569 2173 659 2208; x_wconf 87' lang='lat' dir='ltr'><strong>mala</strong></span> <span class='ocrx_word' id='word_1_254' title='bbox 683 2174 842 2209; x_wconf 81' lang='lat' dir='ltr'><strong>facinora</strong></span> <span class='ocrx_word' id='word_1_255' title='bbox 859 2174 1018 2209; x_wconf 86' lang='lat' dir='ltr'><strong>versutia</strong></span> <span class='ocrx_word' id='word_1_256' title='bbox 1033 2174 1241 2214; x_wconf 85' lang='lat' dir='ltr'><strong>instructus.</strong></span> <span class='ocrx_word' id='word_1_257' title='bbox 1265 2175 1297 2210; x_wconf 86' lang='lat' dir='ltr'><strong>is</strong></span> <span class='ocrx_word' id='word_1_258' title='bbox 1317 2187 1395 2211; x_wconf 88' lang='lat' dir='ltr'><strong>cum</strong></span> <span class='ocrx_word' id='word_1_259' title='bbox 1414 2176 1459 2211; x_wconf 90' lang='lat' dir='ltr'><strong>im</strong></span> <span class='ocrx_word' id='word_1_260' title='bbox 1488 2182 1628 2212; x_wconf 80' lang='lat' dir='ltr'><strong>oratore</strong></span> <span class='ocrx_word' id='word_1_261' title='bbox 1645 2177 1692 2212; x_wconf 89' lang='lat' dir='ltr'><strong>de</strong></span> 
     </span>
     <span class='ocr_line' id='line_1_31' title="bbox 199 2219 1691 2267; baseline 0.003 -13"><span class='ocrx_word' id='word_1_262' title='bbox 199 2220 272 2255; x_wconf 84' lang='lat' dir='ltr'><strong>fide</strong></span> <span class='ocrx_word' id='word_1_263' title='bbox 298 2219 520 2266; x_wconf 77' lang='lat' dir='ltr'>colloquitur,</span> <span class='ocrx_word' id='word_1_264' title='bbox 549 2220 655 2266; x_wconf 75' lang='lat' dir='ltr'><strong>eique</strong></span> <span class='ocrx_word' id='word_1_265' title='bbox 675 2220 869 2267; x_wconf 88' lang='lat' dir='ltr'><strong>imperator</strong></span> <span class='ocrx_word' id='word_1_266' title='bbox 891 2221 1068 2267; x_wconf 86' lang='lat' dir='ltr'><strong>promittit</strong></span> <span class='ocrx_word' id='word_1_267' title='bbox 1087 2234 1126 2257; x_wconf 92' lang='lat' dir='ltr'><strong>se</strong></span> <span class='ocrx_word' id='word_1_268' title='bbox 1151 2234 1241 2267; x_wconf 89' lang='lat' dir='ltr'><strong>eum,</strong></span> <span class='ocrx_word' id='word_1_269' title='bbox 1262 2223 1364 2258; x_wconf 83' lang='lat' dir='ltr'><strong>modo</strong></span> <span class='ocrx_word' id='word_1_270' title='bbox 1389 2223 1465 2258; x_wconf 71' lang='lat' dir='ltr'><strong>Cha</strong></span> <span class='ocrx_word' id='word_1_271' title='bbox 1503 2224 1691 2259; x_wconf 79' lang='lat' dir='ltr'><strong>edunensis</strong></span> 
     </span>
     <span class='ocr_line' id='line_1_32' title="bbox 198 2266 1692 2315; baseline 0.003 -15"><span class='ocrx_word' id='word_1_272' title='bbox 198 2266 342 2301; x_wconf 88' lang='lat' dir='ltr'><strong>concilii</strong></span> <span class='ocrx_word' id='word_1_273' title='bbox 366 2267 510 2302; x_wconf 81' lang='lat' dir='ltr'><strong>decreta</strong></span> <span class='ocrx_word' id='word_1_274' title='bbox 533 2268 721 2312; x_wconf 82' lang='lat' dir='ltr'><strong>approbet,</strong></span> <span class='ocrx_word' id='word_1_275' title='bbox 744 2267 965 2303; x_wconf 82' lang='lat' dir='ltr'><strong>Antiocheae</strong></span> <span class='ocrx_word' id='word_1_276' title='bbox 991 2269 1194 2315; x_wconf 87' lang='lat' dir='ltr'><strong>episcopum</strong></span> <span class='ocrx_word' id='word_1_277' title='bbox 1219 2275 1429 2305; x_wconf 84' lang='lat' dir='ltr'><strong>creaturum.</strong></span> <span class='ocrx_word' id='word_1_278' title='bbox 1476 2270 1692 2305; x_wconf 79' lang='lat' dir='ltr'>Athanasius</span> 
     </span>
     <span class='ocr_line' id='line_1_33' title="bbox 198 2313 1690 2359; baseline 0.003 -11"><span class='ocrx_word' id='word_1_279' title='bbox 198 2313 237 2348; x_wconf 86' lang='lat' dir='ltr'><strong>id</strong></span> <span class='ocrx_word' id='word_1_280' title='bbox 262 2313 420 2359; x_wconf 86' lang='lat' dir='ltr'>simulat,</span> <span class='ocrx_word' id='word_1_281' title='bbox 457 2326 499 2349; x_wconf 92' lang='lat' dir='ltr'><strong>ac</strong></span> <span class='ocrx_word' id='word_1_282' title='bbox 522 2314 656 2349; x_wconf 84' lang='lat' dir='ltr'><strong>fatetur</strong></span> <span class='ocrx_word' id='word_1_283' title='bbox 686 2314 773 2349; x_wconf 87' lang='lat' dir='ltr'><strong>duas</strong></span> <span class='ocrx_word' id='word_1_284' title='bbox 805 2315 842 2349; x_wconf 89' lang='lat' dir='ltr'><strong>in</strong></span> <span class='ocrx_word' id='word_1_285' title='bbox 867 2314 1011 2349; x_wconf 90' lang='lat' dir='ltr'><strong>Christo</strong></span> <span class='ocrx_word' id='word_1_286' title='bbox 1037 2327 1116 2350; x_wconf 88' lang='lat' dir='ltr'><strong>esse</strong></span> <span class='ocrx_word' id='word_1_287' title='bbox 1139 2315 1254 2351; x_wconf 87' lang='lat' dir='ltr'><strong>unitas</strong></span> <span class='ocrx_word' id='word_1_288' title='bbox 1279 2321 1437 2351; x_wconf 86' lang='lat' dir='ltr'><strong>naturas.</strong></span> <span class='ocrx_word' id='word_1_289' title='bbox 1486 2317 1589 2352; x_wconf 89' lang='lat' dir='ltr'><strong>simul</strong></span> <span class='ocrx_word' id='word_1_290' title='bbox 1612 2317 1690 2352; x_wconf 88' lang='lat' dir='ltr'><strong>He-</strong></span> 
     </span>
     <span class='ocr_line' id='line_1_34' title="bbox 196 2359 1691 2408; baseline 0.003 -14"><span class='ocrx_word' id='word_1_291' title='bbox 196 2359 307 2394; x_wconf 87' lang='lat' dir='ltr'><strong>raclio</strong></span> <span class='ocrx_word' id='word_1_292' title='bbox 340 2361 584 2406; x_wconf 86' lang='lat' dir='ltr'><strong>quaestionem</strong></span> <span class='ocrx_word' id='word_1_293' title='bbox 612 2362 780 2407; x_wconf 81' lang='lat' dir='ltr'><strong>proponit</strong></span> <span class='ocrx_word' id='word_1_294' title='bbox 815 2362 859 2396; x_wconf 90' lang='lat' dir='ltr'><strong>de</strong></span> <span class='ocrx_word' id='word_1_295' title='bbox 890 2361 1090 2396; x_wconf 83' lang='lat' dir='ltr'><strong>actionibus</strong></span> <span class='ocrx_word' id='word_1_296' title='bbox 1120 2368 1158 2397; x_wconf 85' lang='lat' dir='ltr'><strong>et</strong></span> <span class='ocrx_word' id='word_1_297' title='bbox 1187 2362 1449 2408; x_wconf 85' lang='lat' dir='ltr'><strong>voluntatibus,</strong></span> <span class='ocrx_word' id='word_1_298' title='bbox 1480 2371 1596 2399; x_wconf 77' lang='lat' dir='ltr'><strong>utrum</strong></span> <span class='ocrx_word' id='word_1_299' title='bbox 1626 2376 1691 2399; x_wconf 86' lang='lat' dir='ltr'><strong>eae</strong></span> 
     </span>
     <span class='ocr_line' id='line_1_35' title="bbox 196 2406 1692 2456; baseline 0.004 -15"><span class='ocrx_word' id='word_1_300' title='bbox 196 2406 355 2452; x_wconf 86' lang='lat' dir='ltr'><strong>duplices</strong></span> <span class='ocrx_word' id='word_1_301' title='bbox 378 2407 415 2442; x_wconf 87' lang='lat' dir='ltr'><strong>in</strong></span> <span class='ocrx_word' id='word_1_302' title='bbox 431 2407 576 2442; x_wconf 82' lang='lat' dir='ltr'><strong>Christo</strong></span> <span class='ocrx_word' id='word_1_303' title='bbox 598 2419 643 2442; x_wconf 90' lang='lat' dir='ltr'><strong>an</strong></span> <span class='ocrx_word' id='word_1_304' title='bbox 662 2420 749 2442; x_wconf 89' lang='lat' dir='ltr'><strong>vero</strong></span> <span class='ocrx_word' id='word_1_305' title='bbox 769 2407 947 2454; x_wconf 85' lang='lat' dir='ltr'><strong>simplices</strong></span> <span class='ocrx_word' id='word_1_306' title='bbox 972 2408 1143 2444; x_wconf 87' lang='lat' dir='ltr'><strong>dicendae</strong></span> <span class='ocrx_word' id='word_1_307' title='bbox 1169 2409 1254 2445; x_wconf 88' lang='lat' dir='ltr'><strong>sint.</strong></span> <span class='ocrx_word' id='word_1_308' title='bbox 1302 2421 1344 2445; x_wconf 82' lang='lat' dir='ltr'><strong>ea</strong></span> <span class='ocrx_word' id='word_1_309' title='bbox 1368 2410 1412 2446; x_wconf 86' lang='lat' dir='ltr'><strong>de</strong></span> <span class='ocrx_word' id='word_1_310' title='bbox 1435 2421 1475 2445; x_wconf 82' lang='lat' dir='ltr'><strong>re</strong></span> <span class='ocrx_word' id='word_1_311' title='bbox 1497 2411 1692 2456; x_wconf 85' lang='lat' dir='ltr'><strong>imperator</strong></span> 
     </span>
     <span class='ocr_line' id='line_1_36' title="bbox 194 2453 1688 2504; baseline 0.003 -16"><span class='ocrx_word' id='word_1_312' title='bbox 194 2454 241 2488; x_wconf 86' lang='lat' dir='ltr'><strong>ad</strong></span> <span class='ocrx_word' id='word_1_313' title='bbox 265 2453 430 2498; x_wconf 85' lang='lat' dir='ltr'><strong>Sergium</strong></span> <span class='ocrx_word' id='word_1_314' title='bbox 454 2454 680 2500; x_wconf 89' lang='lat' dir='ltr'><strong>Cpolitanum</strong></span> <span class='ocrx_word' id='word_1_315' title='bbox 706 2460 742 2489; x_wconf 90' lang='lat' dir='ltr'><strong>et</strong></span> <span class='ocrx_word' id='word_1_316' title='bbox 765 2455 897 2499; x_wconf 88' lang='lat' dir='ltr'>Cyrum</span> <span class='ocrx_word' id='word_1_317' title='bbox 923 2455 1088 2490; x_wconf 87' lang='lat' dir='ltr'><strong>Phasidis</strong></span> <span class='ocrx_word' id='word_1_318' title='bbox 1115 2456 1319 2503; x_wconf 88' lang='lat' dir='ltr'><strong>episcopum</strong></span> <span class='ocrx_word' id='word_1_319' title='bbox 1351 2457 1491 2492; x_wconf 84' lang='lat' dir='ltr'><strong>scribit.</strong></span> <span class='ocrx_word' id='word_1_320' title='bbox 1541 2469 1688 2504; x_wconf 79' lang='lat' dir='ltr'><strong>quorum</strong></span> 
     </span>
     <span class='ocr_line' id='line_1_37' title="bbox 194 2501 1686 2549; baseline 0.005 -15"><span class='ocrx_word' id='word_1_321' title='bbox 194 2510 271 2534; x_wconf 91' lang='lat' dir='ltr'><strong>cum</strong></span> <span class='ocrx_word' id='word_1_322' title='bbox 297 2506 448 2546; x_wconf 85' lang='lat' dir='ltr'><strong>uterque</strong></span> <span class='ocrx_word' id='word_1_323' title='bbox 475 2513 496 2536; x_wconf 86' lang='lat' dir='ltr'><strong>a</strong></span> <span class='ocrx_word' id='word_1_324' title='bbox 520 2507 619 2536; x_wconf 88' lang='lat' dir='ltr'><strong>secta</strong></span> <span class='ocrx_word' id='word_1_325' title='bbox 642 2501 962 2537; x_wconf 81' lang='lat' dir='ltr'><strong>Monotheletarum</strong></span> <span class='ocrx_word' id='word_1_326' title='bbox 986 2507 1099 2547; x_wconf 86' lang='lat' dir='ltr'><strong>esset,</strong></span> <span class='ocrx_word' id='word_1_327' title='bbox 1125 2503 1192 2538; x_wconf 89' lang='lat' dir='ltr'><strong>hoc</strong></span> <span class='ocrx_word' id='word_1_328' title='bbox 1217 2509 1304 2547; x_wconf 46' lang='lat' dir='ltr'><strong>ests</strong></span> <span class='ocrx_word' id='word_1_329' title='bbox 1321 2515 1439 2538; x_wconf 88' lang='lat' dir='ltr'><strong>eorum</strong></span> <span class='ocrx_word' id='word_1_330' title='bbox 1463 2503 1525 2549; x_wconf 88' lang='lat' dir='ltr'><strong>qui</strong></span> <span class='ocrx_word' id='word_1_331' title='bbox 1547 2504 1686 2542; x_wconf 76' lang='lat' dir='ltr'><strong>unicam</strong></span> 
     </span>
     <span class='ocr_line' id='line_1_38' title="bbox 196 2545 1683 2593; baseline 0.003 -12"><span class='ocrx_word' id='word_1_332' title='bbox 196 2545 342 2582; x_wconf 87' lang='lat' dir='ltr'><strong>Christo</strong></span> <span class='ocrx_word' id='word_1_333' title='bbox 368 2547 586 2583; x_wconf 87' lang='lat' dir='ltr'><strong>voluntatem</strong></span> <span class='ocrx_word' id='word_1_334' title='bbox 610 2548 816 2593; x_wconf 85' lang='lat' dir='ltr'><strong>adsignant,</strong></span> <span class='ocrx_word' id='word_1_335' title='bbox 850 2548 989 2583; x_wconf 84' lang='lat' dir='ltr'><strong>invenit</strong></span> <span class='ocrx_word' id='word_1_336' title='bbox 1019 2561 1081 2584; x_wconf 88' lang='lat' dir='ltr'><strong>eos</strong></span> <span class='ocrx_word' id='word_1_337' title='bbox 1103 2550 1195 2584; x_wconf 92' lang='lat' dir='ltr'><strong>idem</strong></span> <span class='ocrx_word' id='word_1_338' title='bbox 1220 2562 1296 2585; x_wconf 91' lang='lat' dir='ltr'><strong>cum</strong></span> <span class='ocrx_word' id='word_1_339' title='bbox 1319 2550 1513 2585; x_wconf 82' lang='lat' dir='ltr'><strong>Athanasio</strong></span> <span class='ocrx_word' id='word_1_340' title='bbox 1535 2552 1683 2586; x_wconf 86' lang='lat' dir='ltr'><strong>sentire.</strong></span> 
     </span>
     <span class='ocr_line' id='line_1_39' title="bbox 192 2594 1686 2642; baseline 0.004 -15"><span class='ocrx_word' id='word_1_341' title='bbox 192 2603 341 2637; x_wconf 87' lang='lat' dir='ltr'><strong>quorum</strong></span> <span class='ocrx_word' id='word_1_342' title='bbox 366 2594 577 2629; x_wconf 84' lang='lat' dir='ltr'><strong>sententiam</strong></span> <span class='ocrx_word' id='word_1_343' title='bbox 602 2606 679 2629; x_wconf 89' lang='lat' dir='ltr'><strong>cum</strong></span> <span class='ocrx_word' id='word_1_344' title='bbox 710 2596 755 2630; x_wconf 82' lang='lat' dir='ltr'><strong>ad</strong></span> <span class='ocrx_word' id='word_1_345' title='bbox 781 2595 946 2630; x_wconf 85' lang='lat' dir='ltr'><strong>Ioannem</strong></span> <span class='ocrx_word' id='word_1_346' title='bbox 972 2607 1096 2641; x_wconf 86' lang='lat' dir='ltr'><strong>papam</strong></span> <span class='ocrx_word' id='word_1_347' title='bbox 1122 2597 1315 2631; x_wconf 89' lang='lat' dir='ltr'><strong>Romanum</strong></span> <span class='ocrx_word' id='word_1_348' title='bbox 1337 2597 1595 2642; x_wconf 86' lang='lat' dir='ltr'><strong>perscriberet,</strong></span> <span class='ocrx_word' id='word_1_349' title='bbox 1629 2604 1686 2634; x_wconf 89' lang='lat' dir='ltr'><strong>est</strong></span> 
     </span>
     <span class='ocr_line' id='line_1_40' title="bbox 192 2638 1684 2689; baseline 0.005 -16"><span class='ocrx_word' id='word_1_350' title='bbox 192 2638 283 2674; x_wconf 92' lang='lat' dir='ltr'><strong>haec</strong></span> <span class='ocrx_word' id='word_1_351' title='bbox 308 2642 351 2676; x_wconf 87' lang='lat' dir='ltr'><strong>ab</strong></span> <span class='ocrx_word' id='word_1_352' title='bbox 377 2653 419 2675; x_wconf 92' lang='lat' dir='ltr'><strong>eo</strong></span> <span class='ocrx_word' id='word_1_353' title='bbox 442 2641 655 2687; x_wconf 88' lang='lat' dir='ltr'><strong>improbata.</strong></span> <span class='ocrx_word' id='word_1_354' title='bbox 703 2641 845 2677; x_wconf 86' lang='lat' dir='ltr'><strong>interim</strong></span> <span class='ocrx_word' id='word_1_355' title='bbox 878 2642 1038 2687; x_wconf 84' lang='lat' dir='ltr'><strong>Georgio</strong></span> <span class='ocrx_word' id='word_1_356' title='bbox 1070 2642 1313 2678; x_wconf 82' lang='lat' dir='ltr'><strong>Alexandreae</strong></span> <span class='ocrx_word' id='word_1_357' title='bbox 1343 2644 1512 2689; x_wconf 88' lang='lat' dir='ltr'><strong>episcopo</strong></span> <span class='ocrx_word' id='word_1_358' title='bbox 1545 2647 1684 2680; x_wconf 75' lang='lat' dir='ltr'><strong>mortuo</strong></span> 
     </span>
     <span class='ocr_line' id='line_1_41' title="bbox 192 2685 1683 2737; baseline 0.004 -17"><span class='ocrx_word' id='word_1_359' title='bbox 192 2685 311 2729; x_wconf 86' lang='lat' dir='ltr'><strong>Cyrus</strong></span> <span class='ocrx_word' id='word_1_360' title='bbox 337 2688 529 2722; x_wconf 86' lang='lat' dir='ltr'><strong>sufficitur.</strong></span> <span class='ocrx_word' id='word_1_361' title='bbox 554 2688 612 2723; x_wconf 89' lang='lat' dir='ltr'><strong>hic</strong></span> <span class='ocrx_word' id='word_1_362' title='bbox 634 2688 672 2722; x_wconf 91' lang='lat' dir='ltr'><strong>in</strong></span> <span class='ocrx_word' id='word_1_363' title='bbox 695 2688 903 2723; x_wconf 86' lang='lat' dir='ltr'><strong>societatem</strong></span> <span class='ocrx_word' id='word_1_364' title='bbox 927 2688 1064 2724; x_wconf 84' lang='lat' dir='ltr'><strong>adscito</strong></span> <span class='ocrx_word' id='word_1_365' title='bbox 1089 2690 1281 2725; x_wconf 88' lang='lat' dir='ltr'><strong>Theodoro</strong></span> <span class='ocrx_word' id='word_1_366' title='bbox 1304 2689 1491 2725; x_wconf 87' lang='lat' dir='ltr'><strong>Pharaneo</strong></span> <span class='ocrx_word' id='word_1_367' title='bbox 1514 2691 1683 2737; x_wconf 86' lang='lat' dir='ltr'><strong>episcopo</strong></span> 
     </span>
     <span class='ocr_line' id='line_1_42' title="bbox 192 2731 1685 2781; baseline 0.005 -16"><span class='ocrx_word' id='word_1_368' title='bbox 192 2731 387 2767; x_wconf 82' lang='lat' dir='ltr'><strong>unitionem</strong></span> <span class='ocrx_word' id='word_1_369' title='bbox 409 2733 503 2769; x_wconf 88' lang='lat' dir='ltr'><strong>illam</strong></span> <span class='ocrx_word' id='word_1_370' title='bbox 530 2746 621 2779; x_wconf 84' lang='lat' dir='ltr'><strong>aqua</strong></span> <span class='ocrx_word' id='word_1_371' title='bbox 645 2735 935 2780; x_wconf 84' lang='lat' dir='ltr'><strong>submergendam</strong></span> <span class='ocrx_word' id='word_1_372' title='bbox 961 2735 1166 2781; x_wconf 89' lang='lat' dir='ltr'><strong>constituit,</strong></span> <span class='ocrx_word' id='word_1_373' title='bbox 1204 2737 1341 2771; x_wconf 86' lang='lat' dir='ltr'><strong>unicam</strong></span> <span class='ocrx_word' id='word_1_374' title='bbox 1367 2737 1512 2772; x_wconf 89' lang='lat' dir='ltr'><strong>Christo</strong></span> <span class='ocrx_word' id='word_1_375' title='bbox 1537 2744 1685 2773; x_wconf 87' lang='lat' dir='ltr'><strong>natura—-</strong></span> 
     </span>
     <span class='ocr_line' id='line_1_43' title="bbox 190 2776 1684 2830; baseline 0.005 -19"><span class='ocrx_word' id='word_1_376' title='bbox 190 2776 258 2812; x_wconf 88' lang='lat' dir='ltr'><strong>lem</strong></span> <span class='ocrx_word' id='word_1_377' title='bbox 283 2779 456 2814; x_wconf 87' lang='lat' dir='ltr'><strong>actionem</strong></span> <span class='ocrx_word' id='word_1_378' title='bbox 488 2781 694 2816; x_wconf 85' lang='lat' dir='ltr'><strong>decernens.</strong></span> <span class='ocrx_word' id='word_1_379' title='bbox 743 2782 811 2816; x_wconf 89' lang='lat' dir='ltr'><strong>hoc</strong></span> <span class='ocrx_word' id='word_1_380' title='bbox 841 2794 958 2817; x_wconf 89' lang='lat' dir='ltr'><strong>rerum</strong></span> <span class='ocrx_word' id='word_1_381' title='bbox 991 2788 1087 2817; x_wconf 88' lang='lat' dir='ltr'><strong>statu</strong></span> <span class='ocrx_word' id='word_1_382' title='bbox 1111 2783 1332 2829; x_wconf 81' lang='lat' dir='ltr'><strong>Sophronias</strong></span> <span class='ocrx_word' id='word_1_383' title='bbox 1355 2783 1684 2830; x_wconf 87' lang='lat' dir='ltr'><strong>Hierosolymorum</strong></span> 
     </span>
     <span class='ocr_line' id='line_1_44' title="bbox 191 2824 1683 2876; baseline 0.005 -19"><span class='ocrx_word' id='word_1_384' title='bbox 191 2824 380 2870; x_wconf 79' lang='lat' dir='ltr'><strong>episcopus</strong></span> <span class='ocrx_word' id='word_1_385' title='bbox 407 2827 588 2870; x_wconf 79' lang='lat' dir='ltr'><strong>deligitur.</strong></span> <span class='ocrx_word' id='word_1_386' title='bbox 625 2828 684 2862; x_wconf 85' lang='lat' dir='ltr'><strong>hic</strong></span> <span class='ocrx_word' id='word_1_387' title='bbox 707 2828 912 2863; x_wconf 88' lang='lat' dir='ltr'><strong>convocatis</strong></span> <span class='ocrx_word' id='word_1_388' title='bbox 937 2828 1128 2875; x_wconf 84' lang='lat' dir='ltr'><strong>episcopis,</strong></span> <span class='ocrx_word' id='word_1_389' title='bbox 1152 2830 1279 2876; x_wconf 83' lang='lat' dir='ltr'><strong>quib‘us</strong></span> <span class='ocrx_word' id='word_1_390' title='bbox 1302 2836 1478 2876; x_wconf 86' lang='lat' dir='ltr'><strong>praeerat,</strong></span> <span class='ocrx_word' id='word_1_391' title='bbox 1503 2831 1683 2866; x_wconf 86' lang='lat' dir='ltr'><strong>decretum</strong></span> 
     </span>
     <span class='ocr_line' id='line_1_45' title="bbox 189 2869 1740 2925; baseline 0.006 -21"><span class='ocrx_word' id='word_1_392' title='bbox 189 2869 501 2908; x_wconf 81' lang='lat' dir='ltr'><strong>Monotheutarum</strong></span> <span class='ocrx_word' id='word_1_393' title='bbox 527 2873 757 2919; x_wconf 84' lang='lat' dir='ltr'><strong>condemnat;</strong></span> <span class='ocrx_word' id='word_1_394' title='bbox 789 2881 940 2922; x_wconf 78' lang='lat' dir='ltr'><strong>actaque</strong></span> <span class='ocrx_word' id='word_1_395' title='bbox 973 2875 1115 2912; x_wconf 84' lang='lat' dir='ltr'><strong>concilii</strong></span> <span class='ocrx_word' id='word_1_396' title='bbox 1146 2877 1203 2913; x_wconf 88' lang='lat' dir='ltr'><strong>sui</strong></span> <span class='ocrx_word' id='word_1_397' title='bbox 1231 2878 1278 2914; x_wconf 81' lang='lat' dir='ltr'><strong>ad</strong></span> <span class='ocrx_word' id='word_1_398' title='bbox 1306 2876 1469 2924; x_wconf 82' lang='lat' dir='ltr'><strong>Sergium</strong></span> <span class='ocrx_word' id='word_1_399' title='bbox 1500 2877 1624 2925; x_wconf 84' lang='lat' dir='ltr'><strong>Cpolis</strong></span> <span class='ocrx_word' id='word_1_400' title='bbox 1646 2882 1684 2913; x_wconf 82' lang='lat' dir='ltr'><strong>et</strong></span> <span class='ocrx_word' id='word_1_401' title='bbox 1738 2879 1740 2881; x_wconf 80' lang='grc'><strong>’</strong></span> 
     </span>
    </p>
   </div>
  </div>
 </body>
</html>
