1742 3184
372 199 771 246 HISTORIARUM
802 198 1193 245 COMPENDIUM.
1417 198 1517 246 335

49 336 140 372 τος,
175 318 245 361 καὶ
265 316 337 361 διὰ
358 313 483 369 ξύλου
504 313 532 372 ἦ
553 313 660 371 ζωή,
693 312 830 370 ἐπειδὴ
849 310 1015 365 ἑπτάκις
1031 316 1184 371 νεκρῶν
1205 308 1428 356 ἆνάστασιν
1453 311 1520 357 εῦ-

51 405 174 446 ρομεν
193 387 237 430 ἓν
256 390 311 444 τῇ
329 387 425 447 θείᾳ
447 389 612 444 γραφῇ,
646 385 716 427 καὶ
741 382 847 439 μετὰ
875 382 972 435 τοῦς
999 381 1101 426 ἔπτὰ
1131 381 1277 438 ὄγδοος
1305 382 1348 424 ἐκ
1371 386 1521 438 νεκρῶν

51 457 197 511 ἀνέστη
218 453 240 498 ὅ
260 453 399 512 κύριος
417 453 440 498 ὅ
455 456 610 511 ἐγείρας
626 453 723 504 τοῦς
742 450 856 496 ἑπτά.
924 451 1004 510 πρὸ
1024 451 1104 510 γὰρ
1123 455 1198 507 τῆς
1211 453 1399 508 Χριστοῦ
1419 451 1520 494 ἄνα,
1543 454 1573 490 Ρ
1599 456 1665 492 191

51 524 232 576 στάσεως
250 522 353 567 ἔπτὰ
371 521 495 578 μόναι
517 521 760 573 ἀναστάσεις
783 526 934 577 νεκρῶν
951 521 1128 578 ἐγένοντο
1138 552 1152 573 ,
1185 518 1325 578 πρώτη
1344 521 1419 575 μὲν
1446 518 1521 575 [ἢ]

18 596 95 640 ὄὲν
123 598 173 651 τῇ
202 596 360 652 παλαιᾷ
385 591 413 647 ἦ
433 597 506 635 τοῦ
536 591 629 634 υἱοῦ
653 595 727 646 τῆς
747 588 883 647 χήρας
909 594 982 645 τῆς
1000 591 1274 648 Σαραφθίας,
1305 589 1352 632 ὃν
1369 589 1525 647 ἤγειρεν

46 663 207 714 Ἠλίας,
235 662 404 719 δευτέρα
425 658 453 717 ἦ
475 664 549 704 τοῦ
571 661 664 703 υἱοῦ
685 664 759 715 τῆς
776 660 1068 714 Σωμανίτιδος,
1093 658 1140 701 ὃν
1155 659 1357 709 Ἔλισαῖος
1376 658 1526 715 ἤγειρε,

50 733 164 789 τρίτη
191 729 218 786 ἦ
246 734 322 773 τοῦ
347 727 601 788 στρατιώτου
632 727 679 771 ὃν
706 728 823 785 ἔγγὺς
844 728 1049 771 Ἐλισαίου
1075 726 1314 783 θάψαντες,
1362 725 1418 778 ὥς
1445 727 1527 769 ἀπὸ

51 800 180 859 πυρὸς
200 797 442 855 ἐξεπήδησε,
477 796 649 855 τετάρτη
680 798 726 840 δὲ
756 799 799 840 ἓν
830 802 880 854 τῇ
911 802 1031 855 καινῇ
1050 795 1077 852 ἦ
1099 801 1174 841 τοῦ
1193 797 1527 855 ἀρχισυναγωγοῦ

52 874 125 926 τῆς
142 867 372 925 θυγατρός,
406 868 566 923 πέμπτη
586 865 611 923 ἦ
632 871 706 910 τοῦ
723 867 814 910 υἱοῦ
837 871 912 922 τῆς
928 865 1086 924 χήρας,
1114 868 1206 922 ἕκτη
1229 865 1255 922 ἦ
1280 870 1354 910 τοῦ
1374 864 1528 918 Λαζά-

0 946 44 982 1⁰
56 956 130 998 ρου
139 970 154 991 ,
194 936 352 993 ἑβδόμη
378 936 440 980 ὅτι
465 935 597 980 πολλὰ
619 934 792 990 σώματα
810 940 891 978 τῶν
910 936 1207 991 κεκοιμημένων
1226 933 1350 991 ἁγίων
1369 935 1530 990 ἀνέστη,

53 1009 122 1051 καὶ
140 1005 265 1063 ὀγδόη
285 1005 312 1062 ἦ
331 1011 405 1049 τοῦ
423 1007 563 1064 κυρίου
586 1003 808 1056 ἀνάστασις
824 1005 928 1059 μετὰ
947 1004 993 1048 τὸ
1014 1003 1213 1062 σωτήριον
1234 1003 1387 1055 πάθος.
1428 1004 1528 1047 καθ’

53 1076 100 1120 ὃν
114 1076 257 1134 καιρὸν
273 1080 346 1120 τοῦ
364 1075 531 1126 πάθους
550 1075 764 1132 γενομένου
783 1078 952 1128 σεισμοῦ
969 1076 1010 1116 ἓν
1031 1077 1196 1125 πολλοῖς
1213 1071 1362 1131 εὖρέθη
1380 1071 1529 1128 Ἑλλη-

53 1152 178 1197 νικοῖς
199 1142 486 1201 ὗπομνήμασιν
505 1143 567 1187 ὅτι
589 1143 755 1198 σεισμὸς
772 1143 920 1199 ἐγένετο
940 1144 1068 1199 μέγας
1088 1144 1155 1185 καὶ
1179 1141 1323 1194 σκότος
1344 1142 1406 1200 ἐφ’
1430 1142 1527 1197 ὅλην
1550 1145 1582 1180 Β

54 1214 129 1271 τὴν
145 1214 403 1270 οἰκουμένην,
438 1212 541 1257 ὥστε
562 1214 631 1255 καὶ
657 1213 831 1270 ἀστέρας
858 1216 1048 1270 φανῆναι.
1118 1212 1275 1269 ἱστορεῖ
1287 1213 1332 1254 δὲ
1354 1213 1422 1254 καὶ
1439 1209 1529 1255 Ἰώ-

1 1289 45 1327 15
57 1301 186 1340 σηπος
208 1282 399 1341 χρησμόν
427 1299 519 1325 τινα
550 1282 592 1325 ἓν
621 1282 742 1339 ἱεροῖς
761 1279 998 1338 γράμμασιν
1022 1279 1265 1339 εὑρεθῆναι,
1295 1282 1531 1338 περιέχοντα

55 1351 112 1404 ὡς
129 1354 235 1396 κατὰ
255 1351 397 1409 καιρὸν
414 1351 562 1394 ἐκεῖνον
592 1350 673 1394 ἀπὸ
694 1355 767 1406 τῆς
785 1351 919 1393 αὐτῶν
935 1349 1076 1407 χώρας
1095 1349 1208 1407 ἄρξει
1230 1367 1292 1400 τις
1313 1350 1533 1406 ἄνθρωπος

55 1427 130 1478 τῆς
160 1421 397 1476 οἰκουμένης
420 1418 578 1476 πάσης,
612 1419 658 1463 ὃν
687 1418 810 1470 αὐτὸς
831 1420 905 1474 μὲν
926 1420 990 1461 ἐπὶ
1016 1419 1326 1462 Οὐεσπασιανοῦ
1348 1420 1531 1476 ἓξείληᾳιε

56 1494 375 1548 πεπληρῶσθαι,
411 1487 608 1546 διήμαρτε
639 1490 683 1531 δὲ
709 1494 782 1544 τῆς
807 1486 1019 1546 ἑρμηνείας
1040 1490 1084 1531 ἐκ
1106 1488 1347 1543 διαμέτρου·
1383 1489 1430 1530 οὗ
1454 1488 1533 1544 γὰρ

56 1557 192 1615 πάσης
221 1552 341 1609 οὗτος
368 1552 479 1615 ἦρξε.
547 1559 723 1600 λείπεται
746 1558 791 1600 δὲ
813 1552 885 1600 οὖν
907 1558 969 1600 ἐπὶ
986 1557 1057 1600 τὸν
1074 1556 1215 1614 κύριον
1235 1555 1353 1612 ἡμῶν
1377 1556 1534 1612 Ἰησοῦν

0 1628 245 1687 2οΧριστὸν
275 1632 396 1671 τοῦτο
424 1630 708 1684 πληροῦσθαι,
752 1626 855 1683 πρὸς
882 1626 928 1668 ὅν
960 1643 1085 1684 φησιν
1118 1625 1141 1668 ὅ
1174 1625 1310 1683 πατήρ
1339 1624 1536 1681 ι(αἴτησαι

59 1697 164 1755 παρ’
188 1698 313 1752 ἐμοῦ,
348 1698 417 1740 καὶ
452 1695 573 1740 δώσω
604 1713 669 1740 σοι
700 1694 802 1751 ἔθνη
832 1696 907 1751 τὴν
935 1693 1205 1753 κληρονομίαν
1238 1712 1338 1747 σου,
1372 1697 1442 1738 καὶ
1462 1695 1537 1750 τὴν

60 1764 302 1822 κατάσχεσίν
331 1783 408 1810 σου
439 1766 491 1810 τὰ
523 1766 679 1825 πέρατα
713 1769 787 1820 τῆς
821 1768 908 1821 γῆς.
917 1763 942 1780 '³
1014 1763 1113 1807 ὅθεν
1136 1765 1192 1815 εἷς
1212 1768 1350 1807 πᾶσαν
1369 1764 1444 1819 τὴν
1461 1767 1538 1820 γῆν
1561 1765 1592 1800 C

60 1919 154 1956 sicut
182 1918 275 1955 enim
305 1930 372 1965 per
401 1917 533 1963 lignum
557 1929 668 1962 mors,
700 1918 753 1953 ita
778 1917 882 1953 etiam
913 1916 988 1952 vita
1011 1928 1076 1963 per
1098 1915 1229 1961 lignum
1250 1915 1410 1951 intravit.
1458 1927 1539 1951 nam

60 1965 193 2012 septies
217 1965 255 2000 in
278 1965 390 2001 sacris
416 1965 529 1999 literis
554 1964 682 2009 legitur
703 1965 853 2010 aliquem
880 1976 925 1999 ex
947 1969 1058 1998 morte
1081 1962 1188 1998 vitam
1212 1962 1407 2009 recepisse.
1454 1968 1538 2008 post

62 2024 125 2047 eos
148 2016 283 2059 septem
309 2017 457 2047 octavus
481 2010 644 2045 Christus
673 2011 718 2046 de
750 2017 887 2046 mortuo
918 2010 1022 2045 vivus
1051 2009 1205 2055 exstitit,
1240 2009 1302 2055 qui
1333 2014 1370 2044 et
1402 2015 1538 2055 septem

59 2058 141 2093 illos
163 2058 202 2093 in
226 2058 336 2093 vitam
358 2063 604 2093 revocaverat.
654 2063 737 2092 ante
768 2057 860 2092 enim
892 2068 994 2104 quam
1025 2056 1187 2090 Christus
1216 2054 1366 2099 revixit,
1402 2059 1538 2090 tantum

61 2108 198 2151 septem
230 2115 373 2139 numero
406 2102 570 2138 mortales
601 2102 638 2137 in
671 2104 777 2139 vitam
805 2103 961 2139 restituti
986 2104 1140 2137 fuerunt.
1188 2101 1320 2147 primus
1350 2101 1388 2136 in
1419 2100 1538 2135 veteri

61 2155 274 2186 testamento
299 2150 370 2185 fuit
390 2149 610 2195 Sareptanae
632 2149 759 2185 viduae
781 2150 895 2195 filius,
938 2151 982 2184 ab
1006 2148 1088 2183 Elia
1114 2147 1327 2191 suscitatus,
1361 2147 1536 2181 secundus

62 2196 292 2232 Sunamitidis
324 2196 441 2240 filius,
474 2206 576 2241 quem
604 2195 767 2232 Elisaeus
797 2196 835 2231 in
864 2196 970 2232 vitam
997 2195 1158 2238 reduxit,
1193 2193 1320 2228 tertius
1350 2192 1450 2227 miles
1474 2192 1537 2238 qui

62 2254 177 2290 prope
194 2241 330 2277 Elisaei
358 2243 511 2277 cadaver
542 2241 699 2287 sepultus
728 2244 830 2288 quasi
850 2255 894 2277 ex
917 2242 1000 2287 igne
1023 2240 1177 2276 exsiluit.
1223 2244 1350 2284 quarta
1375 2238 1414 2273 in
1441 2250 1536 2273 novo

63 2294 272 2324 testamento
295 2288 370 2324 filia
391 2287 564 2334 praefecti
585 2299 798 2334 synagogae,
822 2289 965 2335 quintus
990 2288 1118 2323 viduae
1140 2285 1255 2330 filius,
1277 2291 1397 2319 sextus
1420 2285 1538 2319 Laza-

63 2347 140 2371 rus.
185 2335 358 2382 septimo,
383 2335 477 2380 quod
502 2334 609 2368 multa
629 2341 827 2370 sanctorum
852 2334 913 2380 qui
936 2332 1221 2370 obdormiverant
1246 2342 1397 2377 corpora
1417 2342 1542 2365 resur—

63 2389 246 2417 rexerunt.
294 2387 441 2417 octavus
465 2379 628 2415 Christus
653 2386 732 2426 post
753 2382 937 2417 toleratum
959 2380 1084 2415 salutis
1109 2389 1215 2413 causa
1237 2384 1380 2412 nostrae
1402 2377 1540 2423 suppli-

64 2427 156 2463 cium
179 2440 223 2462 ex
246 2432 359 2462 morte
381 2427 419 2461 in
442 2426 550 2461 vitam
572 2427 692 2462 rediit.
725 2427 905 2463 inventum
930 2434 985 2462 est
1007 2427 1044 2461 in
1067 2425 1184 2460 multis
1208 2425 1424 2458 Graecorum
1444 2435 1540 2458 eom-

63 2473 267 2519 mentariis,
299 2485 370 2519 quo
398 2479 556 2518 tempore
586 2473 750 2508 Christus
782 2474 819 2509 in
849 2485 954 2509 eruce
978 2478 1123 2507 mortem
1148 2470 1258 2514 obiit,
1292 2475 1420 2505 terram
1444 2475 1542 2505 motu

66 2519 180 2555 fuisse
200 2520 340 2566 ingenti
362 2531 577 2563 concussam,
601 2521 837 2567 tenebrasque
860 2520 927 2554 toti
945 2526 1116 2554 terrarum
1136 2517 1214 2553 orbi
1231 2516 1393 2551 inductas
1416 2515 1542 2560 fuisse,

66 2566 120 2601 ita
153 2571 194 2601 ut
225 2566 349 2602 stellae
376 2565 482 2601 etiam
513 2566 756 2612 apparuerint.
803 2573 988 2612 praeterea
1012 2563 1182 2610 Iosephus
1213 2568 1334 2597 narrat
1364 2561 1541 2597 oraculum

66 2612 240 2658 quoddam
263 2612 374 2648 fuisse
397 2613 434 2647 in
457 2612 568 2647 sacris
594 2610 705 2647 literis
728 2613 932 2657 inventum,
956 2623 1026 2658 quo
1049 2611 1192 2646 Iudaeis
1212 2609 1476 2656 praediceretur
1496 2619 1541 2644 eo

67 2665 228 2705 tempore
258 2662 432 2705 quendam
463 2670 508 2693 ex
536 2659 691 2704 ipsorum
720 2659 837 2704 patria
867 2658 1050 2704 imperium
1074 2657 1182 2691 totius
1207 2655 1304 2691 orbis
1327 2654 1541 2690 habiturum.

68 2705 136 2740 hoe
157 2705 219 2740 ille
241 2705 498 2752 Vespasianum
529 2703 732 2750 implevisse
760 2705 999 2752 interpretans
1034 2708 1110 2739 tota
1144 2702 1256 2749 (quod
1279 2701 1395 2745 aiunt)
1425 2701 1487 2737 via
1517 2712 1541 2737 a

67 2763 153 2787 vero
177 2751 378 2787 aberravit:
402 2763 518 2798 neque
542 2751 634 2786 enim
656 2751 876 2798 Vespasiano
901 2757 995 2785 totus
1019 2750 1167 2785 mundus
1189 2748 1350 2784 subditus
1372 2748 1454 2783 fuit.
1478 2759 1541 2783 re-

65 2797 198 2844 liquum
221 2810 305 2844 ergo
328 2803 385 2834 est
403 2799 439 2834 id
459 2810 480 2834 a
503 2797 642 2833 domino
666 2804 787 2834 nostro
805 2799 889 2833 Iesu
912 2796 1055 2831 Christo
1077 2795 1255 2841 impletum
1277 2794 1409 2840 fuisse,
1434 2805 1539 2840 quem

66 2843 119 2879 ita
135 2845 267 2880 affatur
285 2849 387 2892 pater
408 2845 556 2890 (Psalm.
566 2846 604 2888 2)
619 2839 751 2889 “posce
767 2857 788 2880 a
803 2857 870 2889 me,
895 2845 986 2878 dabo
1001 2841 1070 2878 tibi
1085 2847 1209 2888 gentes
1223 2841 1301 2877 loeo
1316 2840 1539 2885 hereditatis,

66 2901 109 2926 ao
119 2891 288 2927 terminos
299 2897 418 2928 terrae
435 2891 502 2928 tibi
517 2888 762 2936 mancipabo.”
792 2891 876 2926 inde
898 2891 1030 2926 sactum
1055 2894 1093 2925 ut
1112 2900 1220 2925 sonus
1242 2893 1440 2924 sanctorum
1460 2887 1538 2923 eius
