1742 3184
227 194 334 246 206<
668 223 677 228 >v
693 195 945 242 GEORGII
971 194 1216 241 GEDRENI

225 312 383 366 σιλὲων,
419 312 523 369 μεθ’
540 313 676 358 *ἵππων
697 315 766 364 καὶ
791 311 984 372 ἁρμάτων
1015 314 1081 356 καὶ
1111 315 1346 369 συναγωγῆς
1374 311 1508 357 ἐθνῶν
1534 315 1694 356 πολλῶν

224 383 393 444 σφόδρα
411 386 478 426 καὶ
497 388 710 442 περιβαλεῖ
724 401 788 427 σοι
805 382 979 442 τάφρον,
1015 386 1082 426 καὶ
1110 380 1368 438 οἰκοδομήσει
1394 398 1439 426 σε
1459 379 1592 440 κύκλῳ
1612 379 1696 437 χά-

225 471 334 513 ρακα
355 455 422 496 καὶ
451 456 685 512 περίστασιν
713 453 860 506 ὅπλων,
897 454 965 496 καὶ
987 453 1061 504 τὰς
1084 451 1233 509 λόγχας
1254 452 1379 495 αὐτοῦ
1404 452 1596 495 ἀπέναντί
1617 469 1695 495 σου

226 517 363 565 δώσει.
417 522 469 566 τὰ
489 525 598 579 τείχη
620 539 694 566 σου
713 525 779 565 καὶ
801 522 896 573 τοὺς
915 521 1094 579 πύργους
1115 539 1188 565 σου
1209 525 1380 565 καθελεῖ
1391 523 1433 564 ἒν
1453 526 1538 572 τοῖς
1555 519 1696 572 ὅπλοις

227 592 354 635 αὐτοῦ
366 606 377 616 ·
414 591 494 635 ἀπὸ
517 594 561 635 δὲ
580 597 652 635 τοῦ
672 591 861 648 πλήθους
880 596 960 634 τῶν
975 594 1111 635 ίππων
1128 592 1256 635 αὗτοῦ
1276 589 1451 647 καλύψει
1471 608 1515 634 σε
1536 599 1730 649 κονιορ-5

812 659 837 675 ‘C
882 661 892 676 Ι

225 661 297 712 τὸς
318 661 495 704 αὖτῶν.”
566 664 634 704 καὶ
662 661 784 703 πάλιν
843 664 940 704 ‘cade
964 663 1067 718 λε’γει
1085 663 1266 705 Ἀδωναῖ
1280 660 1431 720 κύριος.
1501 658 1591 704 ἰδοὺ
1619 661 1698 717 ἐγὼ

227 731 372 785 δίδωμι
394 735 452 788 τῷ
471 729 842 788 Ναβουχοδονόσορ
873 731 946 786 τὴν
977 736 1052 787 γῆν
1073 728 1301 788 Αῗγῦπτου
1301 763 1315 784 ,
1361 732 1430 773 καὶ
1453 729 1628 787 λήψεται
1649 730 1696 773 τὸ

224 804 388 854 πλῆθος
411 801 537 855 αὐτῆς
546 833 559 852 ,
598 802 665 843 καὶ
686 798 894 843 σκυλεύσει
917 801 970 844 τὰ
994 805 1124 843 σκῦλα
1148 802 1274 856 αὐτῆς
1282 833 1294 852 ,
1342 802 1409 843 καὶ
1433 797 1699 859 προνομεύσει

224 869 302 925 τὴν
321 869 529 925 προνομὴν
548 871 685 926 αὐτῆς.
729 870 816 913 ἀντὶ
837 875 910 926 τῆς
928 871 1177 929 λειτουργίας
1198 864 1248 926 ἧς
1269 868 1503 913 ἐδούλευσεν
1526 870 1589 912 ἐπὶ
1610 867 1699 912 Τύ-

178 950 209 987 c
234 956 304 997 ρον
324 940 482 981 δέδωκα
501 939 612 997 αὐτῷ
633 940 708 995 τὴν
729 944 803 996 γῆν
823 938 1035 996 Αἴγυπτον
1046 973 1058 992 ,
1094 942 1161 983 καὶ
1191 939 1333 982 ἀπολῶ
1359 939 1406 983 τὸ
1431 943 1592 995 πλῆθος
1614 941 1699 981 Αῗ-
1711 946 1742 982 1(

172 1708 204 1746 D

226 1009 403 1065 γυπτίων
424 1008 480 1050 δι’
503 1008 677 1052 αὗτοῢ.”
752 1007 914 1060 εἰκότως
938 1004 1010 1051 οὖν
1031 1009 1138 1066 ἔλεγε
1158 1010 1260 1066 πρὸς
1284 1007 1406 1052 αὐτὸν
1428 1007 1588 1063 Δανιήλ
1616 1006 1700 1052 “ab

226 1076 420 1133 βασιλεὺς
436 1077 650 1132 βασιλέων,
666 1071 700 1135 ᾦ
719 1076 739 1119 ὃ
757 1078 857 1129 θεὸς
877 1082 950 1121 τοῦ
969 1078 1145 1135 οὐρανοῦ
1158 1080 1369 1133 βασιλείαν
1389 1077 1560 1136 ἶσχυράν
1571 1095 1614 1121 τε
1633 1079 1700 1120 καὶ

229 1146 426 1205 κραταιὰν
456 1146 614 1200 ἔδωκεν,
660 1146 817 1201 ἔντιμον
847 1148 888 1189 ἐν
918 1150 1037 1191 παντὶ
1065 1146 1178 1206 τόπῳ
1207 1147 1312 1191 ὅπου
1339 1152 1596 1191 κατοικοῦσιν
1618 1147 1701 1190 υἱοὶ

228 1220 310 1261 τῶν
340 1215 584 1272 ἀνθρώπων.
652 1218 783 1274 θηρία
812 1233 854 1260 τε
883 1223 957 1259 τοῦ
989 1217 1115 1275 ἀγροῦ
1143 1219 1211 1259 καὶ
1239 1217 1398 1261 πετεινὰ
1423 1222 1497 1260 τοῦ
1525 1217 1702 1274 οὐρανοῦ

229 1284 374 1328 ἔδωκεν
394 1287 434 1327 ἐν
453 1290 502 1343 τῇ
520 1286 630 1343 χειρί
645 1303 734 1338 σου,
764 1288 831 1328 καὶ
852 1287 1073 1342 κατέστησέ
1089 1304 1132 1330 σε
1152 1285 1292 1343 κύριον
1313 1285 1488 1330 πάντων.
1558 1288 1624 1330 καὶ
1647 1304 1698 1329 συ

228 1353 308 1410 εἶῆ
333 1359 468 1411 χρυσῆ
490 1354 647 1411 κεφαλὴ
671 1359 744 1410 τῆς
769 1354 920 1406 εἰκόνος
929 1388 942 1407 ‚
988 1358 1055 1398 καὶ
1080 1357 1125 1399 τὸ
1152 1357 1319 1413 δένδρον
1341 1355 1364 1399 ὃ
1387 1354 1487 1406 εἶδες
1504 1355 1550 1399 τὸ
1571 1372 1703 1412 μεγα-

226 1425 388 1476 λυνθέν,
425 1418 473 1467 οὗ
491 1424 536 1466 τὸ
556 1423 668 1478 ὕψος
694 1424 877 1481 ἔφθασεν
905 1427 962 1475 εἷς
991 1425 1061 1467 τὸν
1084 1425 1258 1482 οὐρανὸν
1276 1427 1344 1467 καὶ
1361 1425 1408 1467 τὸ
1430 1424 1550 1476 κύτος
1576 1426 1702 1467 αὐτοῦ

227 1496 283 1544 εἷς
314 1497 451 1536 πᾶσαν
479 1493 554 1548 τὴν
580 1497 669 1549 γῆν,
705 1495 772 1535 καὶ
792 1491 984 1536 ὑποκάτω
1004 1494 1129 1536 αὐτοῦ
1151 1492 1360 1551 κατῴκουν
1378 1494 1431 1536 τὰ
1451 1495 1604 1551 θηρία,
1640 1492 1703 1536 ὅτι

225 1562 506 1619 ἕμεγαλύνθης
527 1564 593 1604 καὶ
614 1560 899 1619 ὖπερίσχυσας,
924 1564 990 1604 καὶ
1010 1561 1036 1617 ἡ
1058 1561 1322 1618 μεγαλωσύνη
1345 1556 1420 1605 σου
1439 1562 1624 1621 ἔφθασεν
1647 1565 1704 1615 εἷς

224 1633 296 1675 τὸν
313 1631 487 1689 οὐρανὸν
509 1632 577 1673 καὶ
597 1630 623 1685 ἢ
648 1633 790 1688 κυρεία
809 1647 884 1673 σου
909 1635 966 1682 εἷς
982 1631 1032 1674 τὰ
1048 1632 1204 1688 πέρατα
1221 1636 1295 1686 τῆς
1312 1631 1420 1688 γῆς.”

367 1699 493 1744 Μετὰ
526 1701 570 1742 δὲ
601 1699 974 1758 Ναβουχοδονόσορ
1006 1703 1264 1755 ἐβασίλευσεν
1296 1700 1594 1758 Οὐλεμαροόὰχ
1617 1699 1705 1751 υἱὸς

226 1770 354 1814 αῧτοῦ
367 1769 434 1825 ἔτη
455 1768 498 1821 ε’,
526 1768 570 1820 ὃς
588 1769 660 1811 τὸν
678 1769 868 1824 Ἰεχονίαν
882 1769 1012 1821 λύσας
1029 1772 1109 1813 τ’ῶν
1131 1771 1290 1826 δεσμῶν
1312 1771 1470 1826 ἐποίησε
1492 1767 1705 1812 συνεστιά-

227 1857 331 1897 τορα
354 1839 492 1882 αὐτοῦ.
561 1840 650 1895 περὶ
677 1833 725 1881 οὗ
748 1841 815 1881 καὶ
847 1838 874 1894 ἡ
904 1844 985 1882 τῶν
1013 1844 1231 1894 βασιλειῶν
1265 1840 1423 1898 ἱστορία
1453 1840 1519 1881 καὶ
1542 1837 1563 1881 ὃ
1590 1843 1705 1890 θεῖος

221 1907 417 1968 Ἱερεμίας
437 1908 515 1967 ἔφη
544 1905 643 1950 “nai
663 1908 812 1965 ἐγένετο
843 1909 885 1952 ἒν
915 1912 974 1969 τῷ
1003 1914 1234 1970 τριακοστῷ
1256 1908 1420 1969 ἑβδόμῳ
1446 1908 1522 1952 ἔτει
1544 1908 1706 1951 ἀποικι-

231 2076 394 2100 nosorem
416 2075 536 2109 regem
555 2062 747 2108 Babylonis
761 2090 771 2108 ,
807 2075 925 2109 regem
952 2075 1093 2109 regum,
1125 2064 1333 2099 instructum
1364 2065 1465 2110 equis
1488 2062 1649 2099 curribus
1672 2067 1710 2099 et

232 2111 414 2146 conductis
435 2111 617 2145 multarum
642 2110 796 2156 gentium
817 2110 1019 2155 ingentibus
1035 2111 1170 2156 copiis.
1217 2111 1247 2146 is
1270 2116 1308 2146 te
1331 2111 1423 2146 vallo
1446 2111 1612 2156 fossaque
1636 2110 1709 2145 cir-

231 2170 285 2194 cu
279 2157 431 2193 uveniat
449 2162 485 2192 et
501 2157 641 2192 infestis
664 2158 782 2192 armis.
815 2168 930 2191 muros
956 2161 992 2192 et
1013 2162 1129 2192 turres
1154 2164 1231 2192 tuas
1256 2158 1360 2193 armis
1383 2157 1547 2200 deiiciet3
1571 2157 1708 2215 pulvis·-

230 2217 299 2251 que
323 2216 344 2239 a
366 2204 587 2239 multitudine
610 2214 777 2250 equorum
802 2203 876 2238 eius
902 2203 1073 2238 excitatus
1099 2210 1135 2239 te
1164 2201 1344 2250 obtegetss’
1390 2216 1432 2239 ac
1458 2215 1596 2238 rursum
1617 2200 1709 2238 “hoc

228 2254 325 2286 fatur
347 2251 505 2285 dominus
538 2252 637 2285 deus.
687 2261 770 2285 ecce
804 2262 870 2295 ego
904 2251 1104 2296 Aegyptum
1137 2251 1480 2286 Nabuchodonosori
1511 2251 1629 2285 trado.
1676 2251 1709 2285 is

230 2298 343 2344 copiis
375 2297 450 2332 eius
483 2297 639 2343 potietur
671 2309 712 2332 ac
736 2297 849 2343 spolia
873 2295 968 2342 leget
992 2302 1028 2331 et
1057 2298 1219 2343 praedam
1247 2303 1399 2333 avertet.
1446 2297 1647 2344 Aegyptum
1672 2297 1709 2332 ei

226 2344 401 2380 mercedis
424 2344 502 2378 loco
527 2345 594 2388 do,
629 2345 674 2379 ob
708 2348 868 2378 navatam
903 2343 988 2377 mihi
1021 2345 1190 2379 adversus
1222 2345 1360 2390 Tyrum
1386 2355 1546 2390 operam3
1581 2355 1622 2378 ac
1642 2355 1709 2390 per

227 2392 342 2438 ipsum
370 2392 519 2446 „perdam
554 2390 809 2425 multitudinem
844 2388 1134 2437 Aegyptiorum?
1190 2391 1312 2436 itaque
1345 2395 1617 2426 consentaneum
1655 2395 1710 2426 est

229 2439 324 2483 quod
348 2439 381 2471 ei
402 2437 567 2472 Danielus
592 2437 701 2472 dixit:
725 2433 789 2471 “tu
812 2447 877 2471 rex
894 2448 1015 2482 regum
1036 2450 1085 2482 es,
1112 2438 1168 2473 cui
1186 2438 1350 2473 caelestis
1374 2438 1460 2472 deus
1478 2447 1622 2482 regnum
1643 2438 1708 2472 de-

227 2484 282 2519 dit
304 2484 460 2519 validum
483 2495 524 2518 ac
547 2489 673 2529 potens
698 2486 735 2518 et
753 2483 952 2528 ubicunque
971 2484 1128 2519 homines
1152 2484 1308 2520 incolunt
1331 2484 1449 2530 magni
1473 2483 1708 2519 aestimatum.

227 2529 266 2565 in
299 2536 394 2565 tuam
426 2535 638 2576 potestatem
671 2530 819 2565 tradidit
850 2531 945 2565 feras
977 2537 1134 2575 agrestes
1167 2536 1204 2566 et
1236 2532 1358 2566 aeteus
1382 2531 1566 2575 volucres,
1601 2536 1710 2575 teque

229 2577 379 2611 omnium
399 2577 572 2612 dominum
596 2577 791 2612 constituit.
837 2580 877 2612 tu
907 2588 944 2611 es
973 2588 1112 2612 aureum
1133 2577 1219 2612 illud
1242 2582 1380 2612 statuae
1403 2582 1521 2622 caput,
1547 2582 1582 2611 et
1604 2578 1710 2612 arbor

228 2633 320 2668 quae
342 2623 390 2660 in,
400 2624 671 2668 magnitudinem
694 2623 880 2669 succrevit,
906 2623 958 2657 ita
981 2630 1021 2658 ut
1042 2624 1174 2659 caelum
1192 2624 1370 2659 cacumine
1388 2624 1549 2668 attingat,
1578 2628 1614 2658 et
1635 2635 1710 2658 am-

229 2668 367 2714 plitudo
390 2670 428 2704 in
451 2671 650 2705 universam
675 2674 804 2705 terram
827 2670 1040 2716 porrigatur,
1067 2672 1131 2706 sub
1155 2682 1224 2716 qua
1244 2671 1343 2705 ferae
1369 2670 1513 2715 degant.
1540 2681 1618 2704 nam
1642 2681 1709 2716 po-

230 2715 376 2749 tentiam
401 2721 437 2751 et
459 2717 677 2752 maiestatem
702 2722 824 2752 nactus
850 2727 887 2751 es
911 2718 1106 2773 maximam,
1135 2717 1368 2763 maiestasque
1390 2722 1453 2752 tua
1476 2716 1507 2751 it
1530 2715 1646 2762 caelo,
1672 2720 1710 2751 et

230 2761 392 2808 potentia
409 2763 453 2796 ad
470 2764 559 2798 fines
577 2769 695 2799 terrae
718 2759 978 2819 protenditur?

325 2806 664 2845 Nabuchodonosor-i
695 2810 866 2846 successit
885 2810 1185 2845 Ulemarodachus
1214 2809 1325 2855 filius,
1362 2813 1399 2845 et
1432 2808 1708 2865 quinquennium

230 2853 411 2898 regnavit.
435 2855 467 2889 is
491 2857 689 2891 lechoniam
712 2857 861 2893 vinculis
886 2856 1035 2892 solutum
1059 2857 1223 2893 convivio
1248 2856 1421 2892 adhibuit.
1445 2857 1490 2891 de
1497 2867 1583 2913 quo
1610 2861 1645 2891 et
1669 2856 1708 2890 in

233 2899 436 2945 Regnorum
459 2901 606 2938 historia
629 2904 798 2951 scriptum
815 2907 883 2951 est,
909 2908 946 2940 et
966 2904 1133 2940 Ieremias
1158 2904 1213 2939 sic
1228 2903 1280 2940 ait
1300 2904 1398 2950 (cap.
1410 2899 1506 2949 62)“
1510 2913 1602 2939 anno
1624 2908 1708 2949 post

1681 1286 1742 1327 *14

1712 1638 1742 1676 2⁴
