1742 3184
226 227 327 275 262
566 259 569 263 ,
675 257 688 266 »-
704 228 944 274 GEORGII
979 227 1226 273 CEDRENI

225 340 495 400 αἶκιζόμενος·
530 342 655 396 αὐτὸς
670 344 749 402 γὰρ
769 343 902 402 ἐξεῦρε
923 339 1075 399 δεσμά,
1110 341 1335 402 μάστιγας,
1371 341 1497 397 ξύλα,
1533 343 1707 403 εῗρκτοίς,

224 412 438 471 φυλακάς,
470 413 649 466 κλοιούς,
685 414 834 466 πέδας,
869 410 1056 465 ἁλύσεις,
1092 415 1274 472 ἐξορίας,
1307 414 1491 471 μέταλλα
1518 416 1586 457 καὶ
1610 415 1707 458 εἴτι

221 483 323 526 ἄλλο
350 481 490 526 κακόν.
560 481 834 541 φιλοπόλεμός
861 499 904 526 τε
935 484 970 525 εἶ
1001 484 1074 526 καί
1100 501 1161 534 τις
1195 483 1319 535 ἄλλος
1345 482 1506 527 πώποτε
1533 485 1705 540 γέγονεν,

219 551 450 611 ὑπερόπτης
471 569 513 596 τε
536 554 603 596 καὶ
626 551 800 606 ἀλαζών.
872 551 972 595 ὅθεν
994 554 1062 595 καὶ
1079 553 1153 609 τὴν
1176 553 1407 608 ἐπωνυμίαν
1425 552 1579 608 ταύτην
1598 553 1705 608 ἄπη-

219 621 409 679 νὲγκατο·
451 621 706 679 σουπὲρβους
729 622 809 679 γὰρ
840 621 938 673 τοὺς
956 619 1245 681 ὑπερηφάνους
1262 621 1456 676 Ῥωμαῖοι
1479 621 1738 677 ὀνομάζον-5

167 697 200 733 C
224 709 302 735 σιν.
372 684 491 743 οὗτος
519 691 634 750 παρὰ
660 689 877 746 Ῥωμαίοις
899 694 1092 747 μισηθεὶς
1122 689 1192 734 διά
1220 709 1264 736 τε
1294 686 1425 735 τᾶλλα
1451 694 1519 734 καὶ
1542 691 1611 735 διὰ
1633 692 1705 734 τὸν

217 758 437 816 ὅμῶνυμον
457 760 570 819 αὐτῷ
595 759 852 818 Ταρκύνιον,
881 759 925 811 ὃς
947 762 1016 803 καὶ
1036 767 1208 818 γυναῖκα
1225 762 1416 804 Λατίνου
1434 762 1705 818 Λουκρητίαν

216 830 434 887 λεγομένην
476 830 618 886 εὐγενῆ
658 830 772 888 παρὰ
796 828 1013 885 Ῥωμαίοις
1037 831 1181 882 νυκτὸς
1211 830 1291 874 ἀπὸ
1319 835 1394 874 τοῦ
1424 831 1703 887 στρατοπέδου

215 901 434 958 πορευθεὶς
450 900 552 957 πρὸς
567 900 663 954 βίαν
678 899 864 958 ᾔσχυνεν.
933 899 959 955 ἦ
983 900 1027 942 δὲ
1045 900 1091 943 τὸ
1113 902 1203 958 περὶ
1228 900 1356 955 αὐτὴν
1379 899 1558 956 ἀδίκημα
1580 905 1638 958 τῷ
1658 917 1702 943 τε

214 968 333 1027 ἀνδρὶ
350 969 498 1026 μικρὸν
512 967 684 1028 ὕστερον
700 967 965 1012 ἐπανελθόντι
982 971 1050 1012 καὶ
1066 974 1126 1028 τῷ
1142 972 1266 1028 πατρὶ
1285 972 1353 1013 καὶ
1371 973 1421 1027 τῇ
1440 973 1563 1027 λοιπῇ
1582 987 1700 1012 κατε-
1713 975 1742 1011 11

213 1036 369 1094 μήνυσε
399 1039 634 1099 συγγενείᾳ·
669 1041 737 1081 καὶ
764 1039 1055 1096 ἐπαρασαμένη
1077 1038 1208 1082 πολλὰ
1233 1045 1318 1091 τοῖς
1339 1040 1410 1098 ἐφ’
1434 1040 1630 1094 αἳματος,
1667 1041 1702 1081 εἰ

214 1108 289 1163 τὴν
318 1108 540 1165 συμφορὰν
568 1107 695 1163 αὐτῆς
718 1109 975 1152 καταλίποιεν
1005 1107 1284 1166 ἀτιμώρητον,
1321 1109 1440 1167 ξίφος
1458 1108 1700 1164 σπασαμένη

214 1174 312 1234 ὅπερ
331 1174 411 1220 ὑπὸ
429 1184 514 1228 τοῖς
532 1176 698 1229 κόλποις
716 1178 886 1236 ἀφανῶς
906 1177 1068 1236 ἔφερεν,
1099 1176 1249 1233 ἑαυτὴν
1267 1179 1309 1221 ἒν
1328 1177 1425 1233 ὄψει
1444 1182 1525 1220 τῶν
1544 1175 1700 1235 παρόν-

210 1262 293 1288 των
327 1245 636 1303 κατειργάσατο.
706 1251 827 1290 τοῦτο
864 1252 1002 1290 πᾶσαν
1029 1248 1104 1303 τὴν
1135 1246 1253 1290 πόλιν
1286 1249 1343 1298 εἷς
1372 1247 1496 1305 ὀργὴν
1525 1247 1698 1302 ἀνῆψεν,

158 1320 191 1355 D
213 1315 317 1358 ἀλλὰ
346 1317 412 1358 καὶ
442 1319 630 1374 Βροῦτον
655 1315 916 1375 προσήκοντα
947 1317 1022 1371 μὲν
1050 1316 1154 1359 κατὰ
1179 1317 1293 1373 γένος
1311 1317 1463 1374 ἐκείνῃ,
1498 1315 1632 1374 ἄνδρα
1653 1316 1698 1359 δὲ
1710 1320 1742 1355 ῙΕ

209 1382 430 1440 δημοτικόν
461 1403 505 1428 τε
535 1387 603 1428 καὶ
632 1385 952 1443 μισοτύραννον,
983 1385 1029 1437 ὃς
1058 1385 1239 1442 μάλιστα
1272 1386 1319 1429 τὸ
1352 1389 1515 1442 πλῆθος
1541 1387 1597 1436 εἷς
1622 1385 1698 1441 τὴν

206 1458 282 1497 τοῦ
308 1455 511 1508 βασιλέως
536 1453 692 1512 ἤγειρεν
711 1455 979 1500 ἀποστασίαν.
1049 1453 1236 1514 ἀφείλετό
1257 1472 1299 1498 τε
1316 1460 1390 1511 τῆς
1409 1456 1594 1507 ἐξουσίας
1613 1454 1697 1497 πά-

206 1540 282 1578 σης
309 1522 559 1581 Ταρκύνιος·
596 1523 685 1579 ἅμα
704 1525 784 1583 γὰρ
808 1529 861 1582 τῇ
884 1525 990 1568 κατὰ
1011 1525 1084 1580 τὴν
1106 1524 1224 1567 πόλιν
1250 1524 1542 1576 ἐπαναστάσει,
1575 1524 1643 1567 καὶ
1665 1522 1692 1579 ἦ

205 1593 310 1648 πρὸς
335 1592 505 1650 Ἀρδέαν
535 1588 640 1637 οὖσα
669 1594 843 1651 στρατιὰ
866 1592 1080 1648 Ῥωμαίων
1111 1593 1369 1637 ἀπολιποῦσα
1395 1594 1468 1636 τὸν
1496 1593 1693 1651 τύραννον

204 1660 354 1719 ᾤχετο,
391 1662 508 1704 οὐδὲν
541 1661 632 1705 οὔτε
664 1662 967 1714 ἀνακαλοῦντος
991 1663 1086 1706 οὐδὲ
1105 1662 1238 1718 με’νειν
1262 1663 1454 1718 δεομένου
1471 1667 1742 1721 πεφροντι-Ξί]

205 1737 313 1773 κυῖα.
384 1730 616 1789 Ταρκύνιος
641 1732 687 1774 δὲ
709 1737 795 1782 τοῖς
826 1736 1028 1790 παροῦσιν
1069 1731 1292 1787 ἀμηχανῶν
1326 1732 1500 1788 ἤλαυνεν
1525 1734 1588 1775 ἐπὶ
1616 1733 1692 1788 τὴν

198 1797 360 1855 Ῥώμην
386 1798 443 1851 ὥς
472 1798 642 1844 παύσων
672 1805 725 1858 τῇ
754 1799 927 1861 παρόδῳ
953 1801 1028 1857 τὴν
1058 1801 1242 1859 ταραχὴν
1263 1804 1332 1845 καὶ
1356 1802 1431 1858 τὴν
1451 1803 1692 1845 δυναστείαν

202 1869 308 1923 μετὰ
347 1873 519 1921 πειθοῦς
558 1868 894 1926 ἀναληψόμενος·
943 1871 1174 1921 ἄπεωσθεῖς
1206 1872 1252 1913 δὲ
1282 1870 1362 1914 ὑπὸ
1401 1875 1484 1915 τῶν
1514 1875 1691 1915 πολιτῶν

292 1990 337 2026 17
359 1985 567 2036 οἷφῄρητοὶ)

195 2092 255 2128 liis
286 2092 459 2129 iniuriose
487 2093 643 2140 puniret.
690 2093 821 2130 etenim
848 2094 1009 2140 vincula,
1048 2094 1208 2140 flagella,
1247 2094 1364 2141 ligna,
1403 2107 1584 2142 carceres,
1625 2108 1689 2133 cu-

197 2140 356 2185 stodiae,
381 2140 573 2187 numanae,
599 2142 809 2187 compedes,
833 2147 1000 2187 catenae,
1032 2141 1177 2186 exsilia,
1214 2142 1357 2178 metalla
1390 2148 1428 2178 et
1459 2143 1491 2178 si
1522 2154 1592 2189 qua
1618 2144 1688 2180 alia

197 2192 280 2221 sunt
302 2186 411 2231 mala,
448 2187 553 2224 huius
578 2193 660 2223 sunt
682 2187 841 2223 inventa.
889 2193 967 2223 erat
990 2193 1126 2233 autem,
1158 2194 1198 2223 ut
1220 2188 1381 2235 quisquis
1409 2201 1559 2237 unquam
1582 2190 1688 2235 alius,

195 2232 281 2267 belli
298 2233 496 2279 studiosus,
523 2240 743 2280 contemptor
760 2234 934 2269 hominum
956 2238 992 2269 et
1010 2246 1197 2280 arrogans:
1222 2236 1315 2270 unde
1335 2240 1372 2271 et
1388 2235 1535 2283 superbi
1553 2248 1686 2282 cogno-

195 2283 349 2314 mentum
374 2280 408 2315 ei
432 2281 583 2316 Romani
605 2282 780 2316 fecerunt.
829 2292 906 2315 cum
930 2280 967 2315 in
991 2281 1071 2315 odio
1095 2286 1191 2316 esset
1207 2282 1461 2328 Romanorum,
1486 2281 1523 2317 id
1545 2294 1687 2329 quoque

195 2326 240 2360 ad
275 2338 319 2361 ea
350 2327 501 2362 accessit
528 2328 622 2374 quod
654 2327 872 2373 cognominis
897 2327 973 2361 eius
1001 2326 1220 2373 Tarquinius
1244 2334 1350 2363 noctu
1374 2330 1417 2364 ab
1442 2330 1601 2364 exercitu
1623 2341 1685 2364 re-

193 2383 318 2407 versus
350 2374 551 2409 Lucretiam
583 2374 751 2409 Collatini
783 2385 948 2418 uxorem,
986 2373 1137 2409 nobilem
1160 2379 1372 2420 matronam,
1410 2387 1477 2423 per
1494 2375 1566 2410 vim
1586 2387 1683 2411 com·

192 2425 387 2463 presserat.
435 2422 531 2466 quod
564 2420 624 2455 illa
654 2421 827 2466 flagitium
859 2419 986 2454 marito
1017 2420 1120 2466 paulo
1152 2426 1233 2475 post
1266 2432 1411 2456 reverso
1448 2422 1613 2468 patrique
1646 2428 1685 2458 et

195 2464 355 2501 omnibus
382 2467 543 2511 cognatis
566 2467 729 2514 aperuit3
761 2467 938 2512 multaque
962 2466 1041 2501 dira
1062 2466 1271 2513 propinquis
1294 2469 1368 2503 suis
1391 2468 1603 2514 imprecata,
1630 2468 1682 2504 si-

195 2510 337 2555 quidem
370 2512 462 2548 hanc
492 2525 591 2548 suam
621 2513 853 2549 calamitatem
876 2512 1021 2547 inultam
1047 2513 1281 2559 dimitterent,
1316 2514 1454 2559 gladio,
1491 2527 1594 2561 quem
1619 2527 1682 2550 oc-

196 2556 289 2591 culte
311 2558 347 2592 in
370 2559 451 2594 sinu
473 2562 658 2606 gestabat,
692 2561 819 2595 educto
845 2571 884 2594 se
910 2559 947 2593 in
970 2565 1162 2606 conspectu
1184 2559 1340 2605 ipsorum
1363 2560 1516 2596 necavit.
1563 2561 1602 2597 id
1623 2562 1679 2596 fa-

195 2607 287 2637 ctum
311 2608 420 2640 totam
443 2605 623 2642 civitatem
647 2606 728 2642 odio
752 2605 943 2653 Tarquinii
966 2606 1218 2650 inflammavit3
1254 2610 1290 2641 et
1323 2606 1455 2643 Brutus
1488 2608 1681 2643 Lucretiae

194 2648 436 2695 propinquus,
464 2652 520 2687 vir
543 2653 723 2700 popularis
746 2664 788 2687 ac
809 2652 972 2698 tyrannis
997 2652 1180 2698 infensus,
1213 2652 1378 2687 maiorem
1402 2653 1441 2688 in
1464 2655 1601 2689 modum
1626 2653 1679 2688 ci-

195 2706 257 2729 ves
279 2695 323 2729 ad
346 2697 578 2734 defectionem
602 2712 623 2734 a
645 2712 732 2745 rege
753 2699 950 2734 faciendam
974 2698 1174 2734 commovit.
1222 2699 1274 2733 ita
1298 2700 1391 2734 omni
1414 2705 1594 2746 potestate
1615 2712 1680 2736 sua

193 2739 412 2786 Tarquinius
439 2750 494 2779 est
518 2751 656 2781 exutus.
704 2745 807 2781 simul
839 2745 931 2779 enim
957 2750 1062 2790 atque
1086 2746 1220 2780 Romae
1245 2751 1369 2781 contra
1398 2758 1474 2781 eum
1501 2747 1598 2782 cives
1621 2747 1677 2782 in-

193 2797 443 2833 surrexerunt,
471 2791 648 2827 exercitus
677 2803 817 2838 quoque
840 2792 1017 2826 Romanus
1043 2791 1104 2837 qui
1130 2798 1201 2826 tum
1225 2792 1317 2836 apud
1341 2793 1492 2828 Ardeam
1516 2797 1592 2828 erat
1616 2798 1677 2838 ty-

192 2843 338 2867 rannum
361 2834 536 2881 deseruit,
564 2850 677 2884 neque
700 2842 927 2874 revocantem
950 2849 1064 2882 neque
1088 2843 1128 2872 ut
1151 2842 1332 2873 manerent
1356 2838 1552 2874 hortantem
1575 2839 1676 2885 quic-

193 2890 295 2924 quam
318 2886 486 2916 moratus.
534 2883 752 2930 Tarquinius
777 2883 917 2919 consilii
940 2895 982 2918 eo
1008 2889 1138 2918 eventu
1159 2883 1261 2930 inops
1275 2910 1286 2928 ‚
1319 2896 1396 2919 cum
1423 2886 1568 2920 Romam
1590 2897 1676 2920 con-

194 2925 359 2962 tenderet
389 2938 454 2974 spe
487 2928 642 2966 adventu
673 2942 739 2967 suo
769 2930 935 2967 tumultus
967 2929 1114 2966 sedandi
1138 2935 1176 2966 et
1197 2941 1342 2977 regnum
1365 2931 1620 2980 recuperandi,
1654 2945 1678 2969 a
