1742 3184
366 203 763 251 HISTORIARUM
801 202 1193 247 COMPENDIUM.
1416 203 1515 251 377

51 321 197 381 ριάὸας
226 322 496 380 ἦριθμῆσθαί
527 338 629 380 φησι
663 319 741 363 σὺν
768 318 926 375 νηπίοις
956 318 1023 360 καὶ
1059 318 1257 373 μ’ναιξίν,
1287 317 1440 376 ἄνδρας
1472 320 1516 363 δὲ

52 391 195 436 ἑκατὸν
214 393 312 435 δέκα
330 390 535 450 μυριάδας
558 391 600 434 ἓν
622 393 681 448 τῷ
701 392 805 446 λιμῷ
827 389 895 431 καὶ
919 391 977 446 τῷ
999 388 1162 444 πολέμῳ
1183 391 1243 445 τῷ
1264 387 1367 445 πρὸς
1389 388 1516 444 ἀλλή-

52 466 170 513 λους,
211 463 280 504 καὶ
313 461 357 504 ἓν
386 466 446 520 τῷ
477 462 729 517 συγκλεισμῷ
754 451 789 516 ᾧ
816 455 984 508 ἑαυτοὺς
1010 454 1202 508 ἑκουσίως
1234 457 1276 499 ἐν
1309 455 1517 513 ὖπυγαιόις
1539 459 1569 493 Β

51 529 189 581 τόποις
217 530 472 573 συνέκλεισαν
501 531 568 572 καὶ
600 528 874 579 νατέκτειναν,
923 526 1186 584 διεφθορέναι
1215 525 1518 584 συνεγράψατο.

19 601 120 643 5καὶ
138 598 234 650 τοὺς
248 599 323 654 μὲν
339 599 383 642 ἐν
399 600 510 656 ἀκμῇ
528 602 601 652 τῆς
620 595 776 652 ἡλικίας
795 598 862 638 καὶ
881 594 1072 650 σώματος
1090 594 1226 638 κάλλει
1247 596 1518 654 διαφέροντας

51 673 112 727 τῷ
131 666 331 727 θριάμβῳ
346 666 504 723 Ῥώμης
523 668 700 723 ἀχθῆναι
722 667 776 716 εἷς
791 666 1084 723 θηριομαχίαν,
1108 669 1181 708 τοῦ
1199 663 1324 708 ι’ἰλλου
1347 666 1391 709 δὲ
1411 664 1518 720 πλή-

52 742 159 788 θους
186 738 283 788 τοὺς
309 738 383 792 μέν
408 735 510 794 ὕπερ
532 735 584 778 τὰ
605 733 651 788 ιζ
673 735 740 790 ἔτη
758 735 854 786 τοὺς
870 735 944 789 μὲν
960 735 1150 789 δεσμίους
1170 736 1226 785 εἷς
1245 734 1297 777 τὰ
1315 734 1408 778 κατ’
1433 735 1517 778 Αἴ-

52 824 202 864 γυπτον
227 806 325 864 ἔργα
349 806 694 863 παραπέμπεσθαι
703 836 718 857 ,
750 804 846 856 τοὺς
865 806 1075 855 πλείστους
1094 804 1138 846 δὲ
1158 805 1214 854 εἷς
1231 804 1305 855 τὰς
1325 806 1521 862 ἐπαρχίας

52 875 361 935 ὕπερορίζεσθαι
392 875 736 934 φθαρησομένους
765 875 807 916 ἓν
832 873 1026 931 θεάτροις
1055 874 1122 916 καὶ
1145 871 1328 931 σιδήροις
1347 876 1415 917 καὶ
1434 878 1521 929 θη-

0 952 44 988 10
54 947 174 1003 ρίοις·
210 945 305 996 τοὺς
322 945 434 996 ἐντὸς
453 945 496 987 δέ
513 949 593 987 τῶν
613 941 660 996 ιζ’
679 944 777 986 ἐτῶν
797 941 1079 998 αἰχμαλώτους
1100 940 1333 999 ἀπάγεσθαι
1350 947 1518 1001 πραθη-

53 1014 247 1069 σομένους
269 1012 500 1066 διετάξατο·
533 1011 687 1056 τούτων
710 1013 754 1055 δέ
774 1011 911 1068 μόνων
931 1012 1002 1055 τὸν
1024 1011 1204 1070 ἀριθμὸν
1227 1014 1282 1064 εἷς
1302 1010 1348 1055 θ’
1368 1011 1522 1071 μυριά-

53 1086 130 1135 δας
154 1084 314 1140 ἀνδρῶν
337 1086 679 1140 συνθεωρεΐσθαι.

190 1153 295 1197 Τότε
323 1153 376 1209 δὴ
401 1155 468 1196 καὶ
489 1153 607 1207 λιμὸν
624 1151 728 1194 κατὰ
746 1150 819 1206 τὴν
831 1149 990 1206 Ῥώμην
1010 1151 1112 1207 φασὶ
1130 1149 1319 1206 γενέσθαι
1336 1153 1519 1193 τοιοῦτον
1541 1150 1573 1186 C

53 1219 109 1273 ὥς
134 1220 235 1280 ὑπὲρ
265 1225 436 1280 μυρίους
462 1222 532 1279 ἐφ’
559 1219 729 1278 ἡμέραις
756 1222 909 1264 πλείοσι
930 1220 1032 1262 καθ’
1054 1218 1212 1277 ἡμέραν
1234 1217 1523 1274 ἀποθνήσκειν.

0 1299 42 1335 15
53 1289 141 1335 τότε
162 1294 229 1334 καὶ
246 1291 443 1336 κολοσσόν
463 1308 565 1349 φασι
587 1291 683 1341 τοὺς
696 1288 879 1341 Ῥοδίους
897 1289 1121 1344 ἀναστῆσαι
1139 1287 1289 1345 στήλην
1307 1290 1351 1331 ἐκ
1363 1293 1523 1343 χαλκοῦ

50 1365 109 1420 τῷ
129 1361 206 1403 Διί
211 1393 225 1413 ,
253 1359 396 1404 ἑκατὸν
415 1360 640 1404 εἲκοσιεπτὰ
656 1361 804 1402 ποδῶν.

188 1431 316 1473 Met&
346 1431 420 1487 τὴν
452 1435 526 1485 τῆς
551 1428 816 1486 Ἰερουσαλὴμ
848 1426 999 1471 ἅλωσιν
1021 1426 1192 1482 Συμεὼν
1215 1424 1237 1470 ὁ
1260 1430 1334 1469 τοῦ
1353 1424 1524 1469 Κλεόπα

52 1498 127 1542 τὸν·
144 1498 298 1557 θρόνον
311 1497 603 1558 Ἱεροσολύμων
623 1498 863 1552 διαδέχεται.

197 1562 329 1620 Οὗτος
352 1567 374 1612 ὅ
392 1569 538 1626 Νέρων
556 1569 704 1623 μανίας
721 1565 871 1623 ἀλόγου
890 1567 1089 1621 πλησθεὶς
1106 1564 1238 1608 ἀνεῖλε
1258 1563 1333 1620 μέν
1352 1563 1427 1618 τὴν
1449 1563 1528 1606 αὗ·-

0 1641 128 1681 ἰθτοῦ
148 1638 306 1696 μητέρα
328 1639 397 1680 καὶ
419 1638 492 1693 τὴν
513 1637 696 1694 ἀδελφὴν
717 1637 786 1678 καὶ
811 1636 885 1691 τὴν
908 1641 1080 1691 γυναῖιοα
1107 1636 1175 1677 καὶ
1201 1633 1298 1683 τοὺς
1320 1633 1363 1675 ἐκ
1388 1632 1528 1689 γένους

55 1706 167 1766 αὐτῷ
196 1705 476 1766 προσήκοντας
502 1705 658 1756 πάντας
676 1708 742 1748 καὶ
760 1709 841 1748 τῶν
863 1701 1167 1759 ἐπισημοτάτων
1183 1701 1395 1756 Ῥωμαίων
1414 1702 1528 1744 πλεί-

54 1794 189 1828 στους.
257 1780 317 1836 τῷ
346 1778 414 1820 καὶ
443 1775 514 1819 διὰ
545 1775 615 1819 τὸν
642 1775 813 1833 αἰσχρὸν
833 1776 900 1817 καὶ
922 1773 1074 1829 ἀσελγῆ
1092 1774 1184 1827 βίον
1206 1771 1333 1815 αὐτοῦ
1351 1775 1404 1828 τῇ
1423 1788 1527 1828 τρα-

55 1845 152 1905 πέζῃ
180 1847 377 1904 κεραυνὸς
403 1846 624 1898 ἐπιπίπτει,
660 1846 728 1887 καὶ
764 1843 891 1895 εὐθὺς
922 1843 1169 1886 ἐπιτίθενται
1191 1841 1302 1901 αὐτῷ
1325 1841 1428 1892 τινὲς
1445 1843 1527 1884 τῶν

146 1955 193 1991 20
215 1951 390 2000 ἐκγόνους
413 1955 443 1990 Ρ

55 2059 132 2083 cum
162 2048 332 2083 uxoribus
367 2051 405 2082 et
433 2045 568 2081 liberis.
615 2045 766 2092 periisse
797 2050 912 2080 autem
943 2045 1054 2088 fame,
1089 2042 1181 2079 bello
1212 2041 1400 2085 intestino,
1429 2040 1526 2076 etin

56 2093 225 2129 cuniculis
247 2094 286 2128 in
308 2105 395 2140 quos
416 2105 496 2128 sese
519 2092 610 2127 ultro
633 2091 848 2128 incluserant
865 2098 972 2137 atque
993 2091 1263 2133 interfecerant,
1288 2089 1446 2123 1100000
1467 2087 1525 2120 vi-

55 2152 129 2175 ros.
179 2140 336 2186 reliquos
367 2139 428 2186 qui
460 2144 579 2174 aetate
604 2138 742 2184 integra
763 2151 805 2173 ac
829 2137 1088 2185 pulchritudine
1111 2135 1270 2182 corporis
1292 2138 1527 2180 praestarent,

56 2187 203 2222 Romam
224 2186 262 2221 in
287 2186 462 2232 triumpho
486 2186 630 2229 ductos,
660 2191 700 2221 ut
721 2185 773 2220 ibi
797 2196 872 2220 cum
896 2183 1020 2220 belluis
1042 2185 1280 2218 decertarent.
1328 2180 1371 2214 de
1390 2179 1528 2224 reliqua.

56 2234 163 2272 turba
186 2232 247 2279 qui
269 2244 395 2268 annum
420 2233 463 2268 17
488 2232 741 2275 excessissent,
781 2243 842 2266 eos
868 2230 995 2276 partim
1018 2230 1054 2264 in
1074 2230 1274 2274 Aegyptum
1295 2227 1340 2261 ad
1358 2237 1448 2271 opus
1469 2225 1527 2259 fa-

58 2280 219 2315 ciendum
242 2279 387 2323 missos,
422 2278 610 2325 plerosque
632 2278 670 2312 in
694 2277 894 2333 provincias
921 2277 1074 2320 divisos,
1100 2282 1138 2310 ut
1161 2275 1197 2308 in
1220 2272 1368 2308 theatris
1392 2271 1443 2306 ibi
1467 2275 1528 2306 aut

57 2338 80 2361 a
102 2327 190 2361 feris
211 2331 434 2360 necarentur.
484 2323 544 2370 qui
566 2331 680 2359 autem
698 2330 791 2359 intra
812 2325 854 2359 17
871 2335 997 2359 annum
1019 2321 1146 2357 aetatis
1168 2326 1290 2364 erant,
1314 2330 1374 2353 eos
1393 2317 1430 2351 in
1450 2329 1527 2352 ser-

58 2371 205 2408 vitutem
229 2371 356 2407 abduci
379 2383 420 2405 ac
444 2370 588 2404 divendi
611 2370 758 2406 iussisse
781 2370 923 2413 Titum3
956 2376 992 2405 et
1022 2369 1178 2403 virorum
1202 2366 1312 2401 fuisse
1335 2375 1528 2409 numerum,

58 2419 120 2465 qui
142 2418 316 2464 mancipia
339 2418 618 2462 abducerentur,
641 2418 688 2452 90
710 2417 817 2452 milia.

152 2487 257 2523 Tunc
289 2486 394 2522 etiam
425 2488 556 2522 Romae
589 2486 688 2521 aiunt
708 2491 841 2521 tantam
866 2483 1044 2520 exstitisse
1067 2487 1220 2528 pestem,
1256 2486 1296 2516 ut
1315 2492 1381 2526 per
1403 2480 1529 2515 multos

59 2534 138 2569 dies
160 2533 319 2580 quotidie
342 2545 450 2579 supra
474 2535 587 2568 10000
608 2532 781 2567 hominum
810 2532 902 2566 elata
924 2531 1009 2566 sint.
1055 2535 1138 2563 tunc
1162 2534 1199 2562 et
1221 2527 1380 2563 Rhodios
1409 2527 1531 2562 ferunt

60 2580 246 2616 Colossum
268 2579 456 2624 statuisse,
481 2591 618 2614 aeream
642 2584 791 2614 statuam
811 2578 910 2622 Iovi,
938 2577 1003 2612 127
1025 2576 1136 2621 pedes
1158 2574 1275 2609 altam.

152 2649 242 2684 Post
272 2653 408 2696 captam
443 2647 725 2694 Hierosolymam
760 2648 918 2693 Symeon
949 2645 1107 2692 Cleopae
1126 2643 1218 2679 filius
1242 2642 1429 2690 episcopus
1453 2641 1530 2677 eius

59 2695 157 2732 urbis
180 2697 296 2731 factus
319 2700 387 2730 est.
1384 2693 1386 2695 ’

153 2765 251 2801 Nero
283 2765 408 2811 plenus
439 2763 556 2799 rabidi
578 2762 708 2797 furoris
730 2767 873 2797 matrem
905 2771 1059 2795 sororem
1084 2769 1297 2803 uxoremque
1316 2769 1399 2795 suas
1422 2769 1528 2793 neca-

62 2811 136 2856 vit,
169 2818 207 2847 et
229 2823 348 2846 omnes
372 2822 455 2846 snos
479 2815 667 2855 cognatos,
699 2808 936 2855 plurimosque
959 2805 1125 2842 nobilium
1147 2806 1394 2840 Romanorum.
1442 2816 1508 2851 pro

62 2864 143 2903 pter
165 2864 303 2904 turpem
326 2869 368 2893 ac
388 2857 610 2892 libidinosam
634 2856 709 2890 eius
732 2855 839 2890 vitam
861 2865 981 2888 mensa
1012 2851 1125 2897 ipsius
1148 2857 1203 2887 est
1223 2851 1269 2887 de
1292 2852 1388 2887 melo
1416 2855 1526 2886 tacta.

63 2905 181 2940 statim
213 2904 353 2952 qnidam
383 2903 542 2951 primarii
571 2901 643 2938 viri
672 2900 818 2937 insidias
853 2899 887 2936 ei
923 2904 1139 2936 struxerunt.
1185 2898 1307 2946 itaque
1336 2909 1419 2934 suos
1448 2897 1527 2945 ipse
