1742 3184
235 200 329 248 172
709 199 949 246 GEORGII
978 200 1224 247 CEDRENI

230 314 337 360 οὕτω
358 317 426 359 καὶ
445 314 471 372 ἦ
489 313 655 369 κόλασις
674 315 964 368 ἀνυπόστατος.
1034 315 1095 360 ὅτι
1115 317 1158 360 δὲ
1176 321 1261 367 τοῖς
1276 313 1458 367 εἰδώλοις
1474 313 1703 375 ἔλάτρευσε,

231 387 482 441 καταλείψας
502 386 572 430 τὸν
594 385 720 438 ὅντως
737 386 834 430 ὄντα
855 386 956 429 θεὸν
976 390 1050 430 τοῦ
1070 386 1224 443 πατρὸς
1244 386 1372 429 αὐτοῦ
1390 386 1552 440 Δαβίδ,
1580 385 1702 441 εὔδη-

230 459 303 499 λον
324 457 366 507 ἐξ
386 451 442 498 ῶν
460 458 527 499 καὶ
541 456 677 512 Ἀχίας
698 454 719 499 ὅ
738 454 951 514 προφήτης
970 455 1047 513 ἔφη
1067 455 1170 514 πρὸς
1187 455 1257 499 τὸν
1273 454 1509 513 Ἱεροβοάμ.
1572 453 1702 498 “uide

229 525 336 582 λέγει
363 524 523 583 κύριος·
560 525 649 569 ι’δού
680 526 757 582 ἐγώ
779 525 916 583 ῥήσσω
939 525 1013 580 τὴν
1032 526 1243 580 βασιλείαν
1264 525 1307 568 ἐκ
1323 525 1461 583 χειρὸς
1481 528 1701 579 Σολομῶν-

226 611 317 647 τος,
353 597 421 638 καὶ
454 593 573 639 δώσω
601 612 666 639 σοι
695 596 746 638 τὰ
779 596 876 638 δέκα
907 599 1115 653 σκῆπτρα,
1151 596 1218 637 καὶ
1253 593 1326 637 δύο
1358 599 1546 652 σκῆπτρα
1580 592 1734 638 §alatos

228 664 342 722 αὐτῷ
372 665 440 707 διὰ
474 666 616 720 Δαβὶδ
642 664 712 707 τὸν
735 663 880 708 δοῦλόν
895 681 976 719 μου
995 667 1061 707 καὶ
1080 662 1356 722 Ἰερουσαλὴμ
1375 664 1449 719 τὴν
1470 663 1587 706 πόλιν
1605 681 1702 718 μου,

225 732 277 789 ἣν
298 732 535 789 ἐξελεξάμην
557 736 599 776 ἐκ
622 739 763 777 πασῶν
781 739 860 777 τῶν
881 738 1022 792 φυλῶν
1039 732 1234 792 Ἰσραήλ,
1271 733 1374 776 ἀνθ’
1400 728 1456 777 ὧν
1474 733 1704 790 ε’γκατέλιπέ

225 821 303 858 με,
347 806 414 846 καὶ
446 802 657 846 ἐδούλευσε
688 809 738 861 τῇ
764 802 965 861 Ἀστάρτῃ
997 803 1247 860 βδελύγματι
1280 804 1500 855 Σιδονίων,
1545 805 1612 845 καὶ
1644 807 1702 861 τῷ

227 873 390 927 Χαμῶς
421 871 574 931 εἰδώλῳ
607 872 780 927 ΖΙί-Ῑωάβ,
826 875 892 916 καὶ
924 877 983 931 τῷ
1014 873 1207 928 Μελχιὺμ
1239 873 1568 931 προσοχθίσματι
1603 872 1703 918 υἱῶν

174 941 379 997 ΒἈμών,
416 940 444 974 *
478 944 545 985 καὶ
578 948 770 999 γυναῖκας
798 943 1014 999 ἀλλοτρίας
1045 940 1211 993 πολλάς.
1279 944 1346 985 καὶ
1383 942 1441 985 ἔτι
1475 941 1596 997 ἔλαβε
1627 942 1701 997 τὴν
1715 949 1742 983 14

226 1012 437 1070 θυγατέρα
476 1012 636 1070 Φαραώ
669 1013 712 1056 ἐκ
745 1017 825 1056 τῶν
860 1013 992 1055 ἐθνῶν
1031 1006 1086 1055 ὧν
1123 1012 1263 1055 ἀπεῖπε
1304 1010 1443 1069 κύριος
1482 1019 1567 1062 τοῖς
1599 1011 1704 1062 υἱοῖς

224 1080 422 1137 Ἰσραήλ,
459 1082 531 1124 οὗκ
550 1081 823 1125 εἷσελεύσεσθε
843 1083 885 1125 ἓν
901 1081 1061 1134 αὐτοῖς,
1090 1083 1155 1124 καὶ
1180 1081 1294 1124 αὐτοὶ
1318 1082 1391 1124 οὐκ
1411 1079 1702 1124 εἰσελεύσονται

232 1153 287 1201 εἷς
306 1149 434 1207 ὑμᾶς,
462 1154 532 1194 ἵνα
550 1152 608 1207 μὴ
631 1152 837 1194 ἔκκλίνωσι
856 1152 930 1203 τὰς
952 1153 1123 1208 καρδίας
1140 1149 1256 1206 ὑμῶν
1276 1151 1404 1194 ὀπίσω
1420 1155 1501 1194 τῶν
1526 1149 1704 1194 εἰδώλων

232 1220 381 1263 αὐτῶν.
447 1222 513 1263 καὶ
548 1221 705 1264 ἔκλιναν
739 1221 866 1264 αὐτοῦ
891 1221 964 1277 τὴν
990 1222 1163 1277 καρδίαν
1195 1222 1237 1263 ἓν
1264 1225 1396 1279 καιρῷ
1419 1219 1555 1278 γήρως
1577 1219 1704 1263 αὐτοῦ

230 1289 359 1333 ὀπίσω
377 1294 457 1333 τῶν
477 1295 588 1333 θεῶν
607 1291 753 1333 αὐτῶν.
823 1292 889 1333 καὶ
917 1289 1177 1349 ᾠκοδόμησεν
1197 1288 1361 1346 ὑψηλὸν
1383 1294 1443 1348 τῷ
1457 1290 1620 1345 Χαμὼς
1644 1292 1701 1332 εῗ-
1716 1296 1742 1331 11

231 1358 351 1417 δώλῳ
379 1360 528 1414 Μωὰβ
560 1361 602 1403 ἐν
631 1365 689 1418 τῷ
723 1359 829 1416 ὄρει,
866 1361 930 1404 ἐπὶ
964 1358 1187 1418 προσώπου
1214 1358 1510 1418 Ἰερουσαλήμ,
1552 1360 1620 1402 καὶ
1645 1363 1707 1418 τῷ

227 1429 420 1484 Memmia
442 1428 594 1488 εἰδώλῳ
614 1430 713 1473 υἱῶν
735 1427 891 1485 Ἀμών,
922 1431 990 1472 καὶ
1012 1434 1063 1487 τῇ
1085 1428 1286 1487 Ἀστάρτῃ
1308 1427 1560 1486 βδελύγματι
1579 1418 1709 1471 Σιδοζ

226 1499 343 1541 νίων·
375 1501 441 1542 καὶ
474 1500 604 1550 οὕτως
631 1500 790 1554 ἐποίησε
818 1497 971 1551 πάσαις
1000 1506 1088 1550 ταῖς
1118 1501 1297 1555 γυναιξὶν
1321 1499 1449 1542 αὐτοῦ
1468 1505 1558 1549 ταῖς
1579 1499 1704 1541 ἄλλο-

224 1569 378 1626 τριάις,
416 1568 466 1611 αἳ
480 1570 663 1622 ἐθυμίων
683 1571 749 1611 καὶ
771 1569 895 1612 ἔθυον
915 1577 999 1619 τοῖς
1018 1566 1199 1619 εἰδώλοις
1216 1569 1362 1611 αὐτῶν.
1431 1570 1499 1611 καὶ
1517 1569 1702 1624 ὠργίσθη

224 1635 364 1694 κύριος
402 1642 462 1696 τῷ
501 1641 760 1692 Σολομῶντι,
806 1640 872 1680 καὶ
915 1636 1041 1681 εἶπεν·
1084 1638 1186 1680 ἀνθ’
1223 1631 1279 1680 ῶν
1311 1638 1384 1680 οὐκ
1416 1636 1623 1696 ἐφύλαξας
1650 1638 1742 1680 τὰ21

172 1720 204 1755 c
228 1704 525 1764 προστάγματα
553 1725 634 1762 μου
661 1707 689 1750 ιῖ
718 1705 971 1764 ἐνετειλάμην
993 1725 1083 1760 σοι,
1118 1706 1376 1765 διαρρήσσων
1401 1706 1608 1764 διαρρήξω
1630 1708 1704 1763 τὴν

225 1778 436 1830 βασιλείαν
455 1793 529 1819 σου
550 1777 593 1819 ἐκ
604 1775 742 1835 χειρός
759 1795 848 1830 σου,
869 1780 935 1820 καὶ
955 1775 1075 1820 δώσω
1094 1777 1221 1833 αὐτὴν
1240 1781 1299 1835 τῷ
1316 1775 1449 1835 δούλῳ
1470 1794 1544 1820 σου
1558 1791 1570 1801 ·
1599 1778 1704 1832 πλὴν

225 1847 269 1888 ἓν
293 1852 382 1897 ταῖς
406 1844 578 1904 ἡμέραις
611 1864 685 1890 σου
714 1846 762 1890 οὗ
788 1845 945 1902 ποιήσω
969 1851 1120 1900 ταῦτα,
1157 1847 1252 1891 οὐδὲ
1276 1845 1374 1903 ὅλην
1395 1847 1469 1903 τὴν
1491 1847 1704 1902 βασιλείαν

225 2023 307 2060 bilis
332 2027 387 2059 est
411 2023 672 2070 misericordia,
696 2023 748 2059 ita
771 2027 808 2060 et
833 2024 1073 2060 intolerabiles
1095 2028 1179 2060 sunt
1202 2036 1349 2071 poenae.
1397 2036 1504 2071 porro
1529 2028 1644 2060 autem
1666 2024 1704 2060 in

225 2076 391 2118 promptu
416 2077 469 2106 est
493 2071 715 2106 solomonem
738 2072 906 2107 derelicto
932 2084 1018 2107 vero
1043 2074 1109 2107 deo
1134 2071 1246 2118 patris
1271 2071 1327 2106 sui
1348 2071 1482 2107 Davidi
1510 2071 1707 2110 simulacris

226 2117 385 2152 divinum
412 2118 582 2154 detulisse
605 2118 792 2164 honorem,
828 2130 904 2153 cum
926 2119 1011 2154 haec
1036 2119 1108 2154 sint
1131 2120 1241 2154 verba
1264 2118 1397 2154 Achiae
1420 2119 1513 2154 vatis
1537 2119 1582 2153 ad
1603 2119 1705 2153 Iero—

226 2165 388 2199 boamum
424 2165 463 2208 (3
482 2166 573 2210 Reg.
597 2166 658 2210 11)
691 2161 799 2200 “ecce
823 2178 889 2211 ego
915 2167 1082 2212 abrumpo
1112 2177 1259 2211 regnum
1286 2178 1331 2200 ex
1361 2177 1462 2200 manu
1491 2165 1705 2200 Solomonis.

226 2211 295 2246 tibi
325 2211 446 2245 decem
476 2211 591 2246 tribus
621 2212 735 2246 dabo:
770 2213 856 2247 duas
879 2212 950 2258 ipsi
973 2212 1187 2258 relinquam,
1222 2212 1258 2246 in
1283 2212 1433 2258 gratiam
1453 2212 1585 2247 Davidi
1609 2212 1706 2246 servi

226 2257 296 2292 mei
324 2270 366 2292 ac
390 2258 715 2304 Hierosolymorum
739 2259 837 2294 urbis
861 2271 980 2303 meae,
1014 2271 1116 2305 quam
1139 2259 1182 2293 de
1207 2260 1366 2294 omnibus
1388 2258 1566 2294 Israelicis
1590 2259 1705 2293 tribu—

227 2306 292 2340 bus
334 2305 418 2338 mihi
458 2305 587 2350 delegi.
655 2316 760 2340 causa
788 2310 863 2349 est,
897 2307 990 2351 quod
1023 2318 1077 2340 me
1106 2312 1226 2351 spreto
1258 2306 1436 2340 Astartam
1468 2305 1707 2350 Sidoniorum,

227 2351 438 2386 Cliamosum
465 2351 719 2396 Moabitarum,
754 2358 790 2387 et
822 2352 1054 2387 Melcbomum
1089 2352 1361 2387 Ammonitarum
1391 2352 1625 2387 abominanda
1656 2351 1707 2386 si-

225 2397 380 2432 mulacra
409 2397 531 2433 divino
566 2398 662 2433 cultu
693 2396 920 2434 honoravit.”
965 2399 1065 2434 duxit
1095 2405 1211 2434 autem
1233 2400 1400 2434 Solomon
1429 2410 1557 2433 uxores
1581 2398 1706 2433 multas

225 2444 462 2490 alienigenas,
497 2450 534 2480 et
563 2445 703 2480 tandem
734 2445 838 2480 etiam
865 2446 1062 2480 Pharaonis
1087 2446 1213 2490 filiam,
1248 2446 1381 2492 nuptiis
1412 2446 1603 2481 contractis
1628 2457 1706 2480 cum

222 2491 389 2535 gentibus
413 2503 559 2537 quarum
583 2491 817 2527 affinitatibus
840 2497 876 2527 et
895 2492 1155 2528 necessitudine
1180 2494 1267 2528 deus
1287 2493 1521 2528 interdixerat
1546 2494 1591 2527 ob
1615 2492 1706 2526 hanc

222 2548 316 2580 rem,
351 2550 396 2572 nc
428 2550 491 2573 eae
524 2538 768 2573 Israelicorum
801 2539 936 2575 animos
961 2551 1004 2573 ea
1030 2540 1218 2574 occasione
1241 2552 1262 2574 a
1285 2539 1352 2574 deo
1377 2540 1422 2574 ad
1445 2538 1706 2574 simulacrorum

224 2583 367 2628 impium
392 2584 519 2619 cultum
543 2586 772 2621 abducerent.
820 2586 913 2632 quod
938 2585 1077 2632 quidem
1102 2585 1281 2621 Solomoni
1303 2591 1473 2633 provecta
1495 2585 1564 2620 iam
1588 2589 1707 2620 aetate

227 2641 250 2663 a
273 2629 346 2663 suis
372 2631 537 2666 uxoribus
569 2632 719 2676 accidit,
755 2633 844 2667 adeo
869 2637 908 2667 ut
931 2631 1104 2667 Chamoso
1129 2633 1312 2668 delubrum
1337 2638 1537 2667 exstrueret
1558 2631 1706 2666 sublime

226 2674 263 2708 in
288 2682 405 2710 monte
427 2689 446 2711 e
468 2679 614 2722 regione
636 2679 925 2725 Hierosolymae,
951 2679 1103 2724 itemque
1122 2680 1319 2714 Melchomo
1338 2685 1374 2713 et
1391 2679 1556 2713 Astartae
1569 2705 1579 2722 ,
1602 2678 1705 2712 Moa-

224 2720 376 2756 bitarum
400 2723 671 2760 Ammonitarum
697 2731 734 2760 et
758 2725 983 2761 Sidoniorum
1007 2726 1224 2761 detestandis
1247 2725 1458 2760 simulacris.
1505 2731 1613 2770 atque
1644 2736 1702 2758 eo-

225 2768 304 2802 dem
335 2770 437 2803 modo
467 2770 613 2816 singulis
638 2771 712 2806 suis
736 2772 934 2819 peregrinis
968 2773 1137 2808 uxoribus
1165 2778 1221 2808 est
1245 2772 1484 2818 gratificatus,
1520 2770 1707 2806 simulacra

225 2823 290 2849 sua
323 2814 494 2850 adolendo
526 2822 562 2851 et
593 2819 824 2855 sacrificando
859 2819 1068 2855 colentibus.
1117 2820 1229 2855 iratus
1262 2819 1386 2865 itaque
1417 2819 1504 2853 deus
1523 2815 1705 2852 Solomoni

226 2859 337 2905 dixit,
368 2863 506 2907 quando
532 2863 563 2898 is
586 2871 779 2912 praecepta
801 2877 867 2901 sua
887 2877 958 2900 non
983 2867 1226 2912 observasset,
1261 2878 1300 2900 se
1322 2864 1478 2899 vicissim
1499 2875 1645 2909 regnum
1670 2863 1705 2898 ei

225 2907 272 2943 do
292 2907 452 2944 manibus
476 2914 632 2956 ereptum
655 2923 759 2949 servo
779 2912 894 2960 ipsius
910 2912 1141 2960 traditurum,
1175 2911 1317 2950 tametsi
1336 2911 1404 2948 hoc
1424 2911 1504 2959 ipso
1526 2911 1610 2947 vivo
1634 2921 1705 2945 non
