1742 3184
218 199 314 250 124
699 201 940 249 GEORGII
974 200 1222 247 GEDRENI

215 315 386 364 ἕκαστον
405 318 484 377 γὰρ
506 314 614 370 εἶδος
634 317 803 377 δένδρου
830 317 1073 376 παραβολὴν
1093 315 1174 362 εἶπε
1184 350 1198 371 ,
1241 317 1310 361 καὶ
1341 317 1433 376 περὶ
1453 320 1608 374 κτηνῶν
1629 317 1699 360 καὶ

214 395 297 435 τῶν
326 390 507 446 ἐπιγείων
540 387 653 447 ζῴων
686 387 875 432 ἁπάντων
906 390 974 431 καὶ
989 399 993 405 “
1009 393 1091 431 τῶν
1126 391 1287 444 πτηνῶν
1320 389 1387 430 καὶ
1423 391 1504 431 τῶν
1539 386 1698 444 ἀερίων.

213 460 391 519 παρέσχε
411 460 455 502 δὲ
475 459 586 517 αὐτῷ
603 463 756 514 μαθεῖν
773 457 794 501 ὃ
816 458 914 509 θεὸς
932 459 1000 501 καὶ
1019 457 1093 514 τὴν
1112 457 1217 502 κατὰ
1236 461 1318 500 τῶν
1337 455 1542 514 δαιμόνων
1556 458 1698 513 τέχνην

217 532 273 581 εἷς
294 530 492 587 ὠφέλειαν
510 534 591 571 τῶν
609 527 844 587 ἀνθρώπων
852 560 866 581 ‚
901 528 1065 587 ἐπῳδὰς
1089 528 1133 570 δὲ
1155 525 1349 579 συντάξαι
1369 527 1411 570 ἓν
1430 524 1497 578 αἶς
1514 544 1698 584 παρηγο-

92 609 120 643 P
146 610 193 647 70
217 606 346 657 ρεΐται
370 599 422 642 τὰ
442 597 669 653 νοσήματα.
740 600 806 641 καὶ
828 595 1005 655 τρόπους
1023 596 1279 652 ἐξορκώσεων
1296 597 1520 649 κατέλιπεν,
1556 594 1618 648 οἷς
1634 598 1735 644 εἶν-5

217 668 394 724 δούμενα
423 668 474 711 τὰ
502 667 692 723 δαιμόνια
702 700 714 721 ,
750 666 806 718 ὡς
825 668 969 723 μηκέτι
991 668 1250 719 ἐπανελθεῖν,
1286 664 1562 711 ἕκδιῶκονται.
1631 668 1700 710 καὶ

215 731 320 794 αὐτὴ
344 738 449 795 παρ’
475 736 571 793 ἡμῖν
593 742 665 780 νῦν
686 736 711 793 ἡ
744 739 944 796 θεραπεία
963 741 1150 780 πλεῖστον
1172 735 1315 792 ἴσχύει.
1387 736 1585 795 ἱστόρησα
1606 735 1700 794 γάρ,

216 811 342 867 φησὶν
360 806 579 863 Ἰώσηπος,
611 806 854 865 Ἐλεάζαρόν
873 825 987 860 τινα,
1025 812 1107 850 τῶν
1129 804 1352 865 ὁμοφύλων
1373 806 1701 859 Οὐεσπασιανοῦ,

216 876 430 936 παρόντων
451 879 518 920 καὶ
539 881 619 920 τῶν
648 877 750 920 υἱῶν
776 878 905 920 αὐτοῦ
926 879 994 919 καὶ
1009 875 1236 935 χιλιάρχων
1256 878 1325 920 καὶ
1349 875 1477 919 ἄλλου
1499 893 1702 933 στρατιω-

217 952 331 992 τικοῦ
357 946 572 1003 πλήθους,
618 947 716 998 τοὺς
753 945 832 989 ὖπὸ
864 945 1069 1002 δαιμόνων
1099 946 1438 1002 λαμβανομένους
1469 944 1703 990 ἀπολύοντα
1714 952 1742 988 11

218 1016 391 1068 τούτοις.
428 1015 450 1059 ὃ
471 1018 516 1059 δὲ
534 1014 685 1074 τρόπος
707 1021 780 1073 τῆς
794 1019 1022 1075 θεραπείας
1040 1022 1224 1068 τοιοῦτος
1243 1011 1316 1072 ἦν·
1351 1017 1597 1075 προσφέρων
1615 1022 1706 1067 ταῖς

217 1087 299 1145 ῥισὶ
321 1092 395 1130 τοῦ
415 1087 750 1142 δαιμονιζομένου
779 1088 852 1130 τὸν
879 1085 1110 1140 δακτύλιον,
1146 1086 1290 1143 ἔχοντα
1312 1088 1375 1129 ἐπὶ
1397 1086 1472 1142 τὴν
1492 1088 1705 1145 σφραγῖδα

217 1157 330 1214 ῥίζαν
362 1158 405 1208 ἒξ
432 1151 488 1199 ὧν
516 1154 698 1208 ὑπέδειξε
730 1159 953 1213 Σολομῶν,
1007 1156 1142 1200 ἔπειτα
1176 1158 1348 1212 ἐξῆλθεν
1381 1154 1705 1214 ὄσφραινόμενον

219 1227 288 1269 διὰ
309 1231 390 1270 τῶν
410 1227 531 1284 ῥινῶν
553 1227 599 1270 τὸ
624 1225 849 1282 δαιμόνιον.
918 1228 986 1270 καὶ
1006 1226 1201 1278 πεσόντος
1224 1227 1351 1277 εὐθὺς
1379 1231 1451 1269 τοῦ
1476 1225 1704 1283 ἀνθρώπου

166 1307 197 1343 Β
218 1297 362 1352 μηκέτι
383 1299 440 1347 εἷς
457 1296 583 1340 αὐτὸν
601 1294 885 1355 ὑποστρέφειν,
907 1296 1055 1354 ὅρκους
1074 1300 1343 1351 Σολομῶντος
1363 1296 1617 1351 μεμνημένον
1636 1297 1705 1338 καὶ
1718 1301 1742 1338 11

216 1367 293 1418 τὰς
321 1365 484 1424 ἐπῳδὰς
515 1365 563 1417 ἃς
593 1367 817 1422 συνέθηκεν
852 1367 1000 1417 ἐκεῖνος
1032 1367 1237 1422 ἐπιλέγων.
1308 1366 1411 1422 λέγει
1444 1366 1488 1409 δὲ
1510 1364 1708 1422 Ἰώσηπος

218 1436 280 1480 ὅτι
301 1434 364 1494 ἧδ’
389 1435 456 1491 ἔτη
477 1434 614 1491 ἔζησεν
639 1434 659 1479 ὃ
681 1439 892 1492 Σολομῶν,
927 1437 1165 1490 ἐβασίλευσε
1186 1428 1235 1479 δὲ
1250 1434 1316 1492 ἴτη
1338 1434 1394 1478 π’.

349 1505 447 1549 Ἀπὸ
467 1507 631 1560 βιβλίου
654 1504 826 1549 δεκάτου
849 1510 923 1565 τοῦ
942 1506 1091 1558 αὐτοῦ,
1139 1504 1200 1548 ὅτι
1227 1506 1407 1556 Ἡσαΐας
1437 1502 1459 1547 ὅ
1489 1501 1709 1562 προφήτης

216 1576 403 1634 προλέγει
425 1580 483 1634 τῷ
504 1580 671 1630 βασιλεῖ
693 1577 848 1635 Ἐζεκία
871 1574 1005 1619 πάντα
1025 1575 1096 1618 τὸν
1117 1580 1294 1618 πλοῦτον
1321 1575 1448 1618 αὐτοῦ
1480 1575 1536 1625 εἲς
1558 1576 1707 1629 Βαβυ-

216 1649 329 1689 λῶνα
355 1643 740 1701 μετατεθήσεσθαι,
790 1648 858 1688 καὶ
889 1645 986 1696 τοὺς
1021 1637 1211 1701 ἐγγόνους
1243 1645 1742 1700 εὐνουχισθησομένους,2

217 1717 285 1758 καὶ
309 1715 588 1766 ἀπολέσαντας
608 1715 654 1758 τὸ
681 1714 836 1773 ἄνδρας
861 1713 959 1758 εἶναι
988 1719 1046 1773 τῷ
1065 1716 1344 1770 Βαβυλωνίων
1376 1716 1594 1758 δουλεῦσαι
1623 1718 1708 1769 βα-

217 1789 345 1829 σιλεῖ·
380 1786 448 1828 καὶ
470 1789 602 1828 ταῦτα
623 1786 832 1843 προλέγειν
855 1784 926 1828 τὸν
946 1783 1061 1827 θεόν.

354 1853 732 1915 Ἔπεσημηνάμεθα
763 1855 807 1898 δὲ
836 1856 901 1897 καὶ
935 1854 1012 1910 τὴν
1042 1858 1116 1897 τοῦ
1134 1854 1366 1910 μακαρίτου
1382 1852 1479 1907 Ἰὼβ
1495 1853 1643 1907 βίβλον
1666 1852 1709 1895 ἓν

218 1922 414 1985 ἐπιτόμῳ,
441 1924 515 1976 τὰς
534 1926 814 1984 πραγματείας
836 1925 964 1980 αὐτῆς
986 1921 1042 1975 ὥς
1065 1921 1150 1968 οἷόν
1168 1942 1210 1968 τε
1233 1923 1302 1967 διὰ
1322 1923 1512 1982 βραχέων
1534 1924 1708 1980 ἔγκατα-

1108 2003 1121 2019 Φ

221 2083 268 2117 de
291 2081 418 2127 quavis
441 2082 582 2118 arboris
603 2083 724 2128 specie
745 2081 1039 2128 comparationem
1061 2079 1169 2124 fecit,
1204 2079 1361 2126 itemque
1384 2080 1618 2115 terrestribus
1643 2092 1710 2115 vo-

220 2129 376 2164 lantibus
401 2134 437 2164 et
461 2129 555 2164 aeris
575 2129 824 2165 animantibus.
862 2128 1040 2163 concessit
1063 2128 1096 2164 ei
1121 2127 1225 2162 etiam
1250 2128 1337 2162 deus
1362 2132 1402 2162 ut
1426 2128 1582 2162 disceret
1599 2133 1711 2163 artem

221 2182 347 2211 contra
372 2176 481 2211 malos
504 2177 692 2212 daemones
711 2177 755 2211 ad
773 2174 962 2211 utilitatem
990 2174 1185 2209 hominum:
1218 2173 1483 2209 excantationes
1510 2175 1711 2209 morborum

221 2223 398 2259 condendi
417 2223 598 2259 scientiam
621 2223 787 2269 reliquit,
824 2227 861 2257 et
885 2223 1016 2256 formas
1041 2221 1319 2266 adiurationum‚
1353 2221 1483 2266 quibus
1512 2221 1594 2256 mali
1615 2221 1712 2267 genii

223 2270 415 2305 eiiciantur
438 2283 613 2317 nunquam
635 2270 801 2306 redituri.
849 2270 944 2315 quod
968 2269 1116 2303 remedii
1137 2280 1248 2314 genus
1272 2268 1366 2314 apud
1393 2280 1457 2303 nos
1481 2279 1574 2303 nunc
1626 2268 1712 2303 luri-

221 2329 315 2353 mum
349 2317 457 2352 valet.
505 2318 579 2352 vidi
604 2317 719 2362 enim,
756 2316 807 2351 ait
829 2316 1019 2361 Iosephus,
1057 2315 1266 2350 Eleazarum
1301 2315 1474 2361 quendam
1508 2326 1603 2362 popu
1618 2326 1714 2351 arem

221 2376 349 2409 meum,
373 2364 609 2410 Vespasiano,
636 2364 711 2399 eius
730 2363 825 2408 filiis,
851 2363 998 2397 ducibus
1028 2368 1063 2397 et
1088 2362 1246 2397 exercitu
1272 2361 1542 2408 praesentibus,
1568 2374 1629 2397 eos
1652 2362 1715 2407 qui

222 2424 245 2446 a
275 2412 504 2446 daemonibus
538 2415 639 2446 erant
673 2409 812 2445 obsessi
847 2409 1045 2444 huiusmodi
1088 2409 1337 2444 excantatione
1374 2409 1542 2444 liberare.
1589 2410 1715 2444 modus

221 2458 327 2493 istius
349 2457 544 2493 curationis
567 2458 648 2493 talis
668 2462 759 2492 erat.
807 2456 955 2491 naribus
978 2457 1148 2491 daemone
1169 2456 1333 2511 occupati
1358 2455 1521 2491 annulum
1545 2456 1713 2490 admove-

220 2506 295 2550 bat,
321 2504 358 2539 iu
383 2504 482 2540 cuius
507 2503 586 2551 pala
608 2504 710 2539 radix
733 2515 754 2538 a
778 2503 968 2538 Solomone
991 2503 1233 2538 demonstrata
1256 2510 1393 2538 inerat:
1430 2515 1472 2537 eo
1498 2502 1607 2537 odore
1629 2514 1720 2548 per-¹

223 2557 327 2597 cepto
354 2563 419 2596 per
442 2562 545 2586 nares
571 2551 692 2586 exibat
714 2551 879 2585 daemon:
903 2555 975 2584 tum
1001 2550 1141 2585 homine
1162 2549 1281 2585 statim
1306 2549 1528 2593 concidente,
1552 2549 1716 2584 daemoni

221 2599 412 2634 mandabat
433 2610 478 2632 ne
503 2597 541 2632 in
565 2597 657 2632 hunc
681 2603 805 2643 postea
827 2602 1083 2643 reverteretur,
1108 2597 1341 2632 adiurationis
1365 2596 1614 2631 Solomonicae
1638 2608 1716 2631 eum

222 2646 415 2681 admonens
444 2644 775 2690 incantationesque
805 2645 850 2679 ab
887 2655 929 2678 eo
961 2644 1172 2690 compositas
1203 2643 1374 2679 recitans.
1422 2642 1517 2678 idem
1540 2643 1716 2690 Iosephus

223 2692 448 2727 Solomonem
473 2702 583 2725 annos
608 2691 742 2726 vixisse
765 2692 823 2736 94,
847 2702 1017 2736 regnasse
1040 2693 1085 2726 80
1103 2691 1242 2726 scribit.

316 2739 372 2774 De
393 2739 485 2773 libro
510 2737 646 2772 decimo
669 2738 845 2773 eiusdem:
878 2737 1008 2773 Esaias
1034 2739 1210 2784 propheta
1231 2736 1310 2783 regi
1333 2735 1516 2772 Ezechiae
1535 2735 1716 2783 praedixit

225 2798 345 2822 omnes
370 2786 446 2820 eius
470 2784 616 2820 divitias
639 2785 859 2830 Babylonem
880 2784 1086 2820 translatum
1110 2785 1168 2830 iri,
1193 2790 1428 2831 posterosque
1448 2783 1525 2824 eius
1542 2782 1715 2819 virilitate

226 2838 372 2870 exsecta
394 2831 594 2878 Babylonio
617 2832 695 2876 regi
720 2832 931 2869 servituros.
980 2843 1023 2867 ea
1046 2833 1148 2867 deum
1171 2830 1376 2866 vaticinari.

319 2880 463 2915 Librum
491 2890 631 2925 quoque
651 2879 695 2914 de
719 2880 824 2914 beato
846 2879 933 2914 Iobo
956 2877 993 2912 in
1013 2878 1253 2925 compendium
1274 2876 1487 2922 redegimus,
1510 2878 1716 2921 argumenta

227 2928 306 2963 eius
329 2926 516 2975 potissima
537 2925 696 2962 breviter
720 2925 789 2961 huc
812 2925 1031 2972 colligend03
1054 2937 1147 2973 quae
1167 2925 1213 2961 iis
1235 2923 1365 2972 quibus
1387 2924 1462 2959 iste
1479 2923 1572 2964 liber
1592 2922 1715 2969 cogni-
