1742 3184
232 200 328 249 188
411 184 413 187 ’
704 201 946 247 GEORGII
979 201 1224 246 GEDRENI

225 317 323 370 τοὺς
350 317 626 371 ἓξεπαίδευσε,
661 319 728 361 καὶ
757 317 828 360 τὸν
855 315 955 360 θεὸν
975 316 1172 370 σέβεσθαι
1195 315 1344 366 αὖτοὺς
1365 315 1564 359 ἐδίδασκε.
1630 316 1698 358 καὶ

228 387 357 438 οὕτως
389 389 431 439 ἐξ
465 388 613 430 ἐκείνου
650 388 862 442 συμβαίνει
897 386 941 428 ἐκ
969 390 1049 428 τῶν
1077 384 1248 428 λεόντων
1276 385 1351 440 τὴν
1378 389 1453 441 γῆν
1483 384 1698 442 ἠρεμῆσαι.

225 456 395 508 τούτους
427 458 543 500 εἰσέτι
572 457 830 514 Σαμαρείτας
856 454 934 498 ἀπὸ
966 459 1039 509 τῆς
1058 453 1201 512 χώρας
1228 442 1594 512 προσαγορεύουσι·
1631 454 1694 496 διὸ

82 526 111 562 Ρ
137 527 203 564 107
226 528 293 570 καὶ
314 524 525 570 ἀλλόκοτοι
547 526 622 577 τὰς
637 525 910 582 προαιρέσεις,
943 523 1012 567 διὰ
1033 525 1079 566 δὲ
1098 524 1170 580 τὴν
1189 527 1263 567 τοῦ
1276 521 1408 577 νόμου
1432 524 1697 567 διδασκαλίαν

224 601 420 654 βραχεῖαν
453 595 588 650 ἔχοι-σι
618 595 857 648 θεοσεβείας
887 593 1089 653 ἔμφασιν·
1136 593 1232 637 οὐδὲ
1260 592 1338 651 γὰρ
1367 596 1441 648 τῆς
1474 590 1730 649 δεκαλόγουό

225 669 361 709 πλεῖον
387 669 637 722 παραλαβεῖν
660 663 913 719 ἠξιώθησαν.

358 735 565 777 Ἐνταῦθα
596 737 669 789 τῆς
692 733 986 791 Ἰσραηλιτικῆς
1010 730 1220 785 βασιλείας
1250 730 1289 774 οἷ
1312 727 1454 788 χρόνοι
1479 730 1700 785 κατέληξαν

226 806 282 855 εἷς
301 803 367 860 ἔτη
391 801 603 859 τριακόσια
623 803 716 860 τρία
736 804 802 844 καὶ
821 806 953 857 μῆνας
970 798 1093 852 ἑπτά,
1143 799 1361 856 ἀρξάμενοι
1384 801 1459 856 μὲν
1482 799 1561 842 ἀπὸ
1577 800 1700 856 Ἰερο-

224 874 339 928 βοὰμ
369 877 440 915 τοῦ
460 870 635 926 Ναβάτ,
671 869 968 927 καταλήξαντες
1001 870 1045 913 δὲ
1079 871 1134 920 εἷς
1163 869 1286 926 Ὠσηὲ
1313 870 1385 912 τὸν
1415 874 1488 912 τοῦ
1517 870 1603 911 'Im
1631 869 1699 910 καὶ

224 943 298 998 τὴν
316 941 394 984 ὑπὸ
417 941 723 998 Σαλμανασσὰρ
743 944 817 984 τοῦ
833 940 998 997 Ἰσραὴλ
1015 956 1268 994 μετοικεσιαν
1287 939 1367 981 ἀπὸ
1387 940 1624 995 Σαμαρείας
1645 939 1700 988 εἷς
1712 942 1742 977 κ

226 1011 420 1067 Μήδους.
488 1010 640 1066 ἤκμαζε
669 1012 713 1053 de*
744 1012 811 1052 καὶ
841 1008 867 1065 ἡ
900 1010 1139 1067 προκειμένη
1165 1013 1245 1051 τῶν
1266 1009 1309 1051 ἐκ
1330 1008 1473 1062 Δαβὶὸ
1496 1008 1699 1062 βασιλεία,

228 1081 302 1137 τὴν
321 1082 394 1136 μὲν
413 1081 543 1138 ἀρχὴν
563 1080 642 1122 ἀπὸ
666 1084 739 1123 τοῦ
760 1078 931 1122 δεκάτου
952 1083 1024 1133 τῆς
1045 1082 1118 1120 τοῦ
1130 1078 1269 1120 Σαοὺλ
1290 1078 1439 1133 ἔχουσα
1458 1078 1698 1133 μοναρχίας,

228 1149 491 1205 καταλήξασα
516 1151 560 1192 δὲ
579 1151 641 1192 ἐπὶ
662 1150 733 1191 τὸν
747 1147 928 1203 Ῥοβοὰμ
947 1148 1017 1191 τὸν
1034 1152 1108 1191 τοῦ
1129 1150 1408 1202 Σολομῶντος.
1470 1147 1591 1201 Ἀβία
1607 1148 1699 1188 δια-

175 1221 205 1257 Β
229 1218 444 1275 δεξάμενος
459 1219 532 1274 τὴν
554 1222 627 1261 τοῦ
646 1219 801 1275 πατρὸς
823 1218 952 1275 ἀρχὴν
971 1215 1177 1272 βασιλεύει
1208 1216 1275 1272 ἔτη
1307 1217 1409 1275 τρία
1428 1217 1470 1258 ἓν
1491 1214 1699 1274 Ἰερουσα-

229 1288 326 1345 λήμ.
364 1289 465 1332 Ἀσᾶ
485 1288 552 1344 ἔτη
570 1286 667 1344 μα’·
702 1282 820 1339 οὗτος
841 1286 920 1343 ἤδη
943 1287 1112 1344 γηραιὸς
1134 1285 1190 1328 ὢν
1212 1287 1440 1344 ἀρθριτικῷ
1459 1285 1554 1336 τοὺς
1569 1283 1701 1336 πόδας
1713 1289 1742 1322 1!

226 1358 377 1416 ἤλγησε
394 1356 534 1401 πάθει.
598 1355 806 1415 Ἰωσάφατ
828 1358 931 1412 μετὰ
950 1361 1095 1400 τοῦτον
1116 1356 1184 1412 ἴτη
1208 1354 1286 1399 κε’·
1323 1357 1386 1399 ἐπὶ
1410 1352 1556 1398 τούτου
1578 1371 1701 1412 προε-

230 1426 406 1486 φήτευσε
427 1427 617 1483 Μιχαίας
637 1425 705 1470 καὶ
717 1427 884 1482 Ἀβδίας
905 1428 972 1469 καὶ
990 1424 1183 1483 Ἐλεάζαρ
1204 1427 1271 1469 καὶ
1286 1425 1483 1476 Ἀνανίας.
1546 1423 1700 1482 Ἰωρὰμ

227 1497 297 1541 τὸν
321 1498 476 1555 πατέρα
492 1495 698 1554 Ἰωσάφατ
718 1495 1003 1551 διαδεξάμενος
1024 1495 1090 1551 ἴτη
1113 1494 1167 1550 η’.

360 1566 428 1608 Ἐν
457 1568 670 1625 Σαμαρείᾳ
700 1567 884 1608 Γοθολία
914 1564 939 1620 ἦ
966 1562 1155 1622 θυγάτηρ
1181 1567 1363 1620 Ζαμβρῆ
1395 1567 1469 1606 τοῦ
1499 1561 1702 1617 βασιλέως

222 1636 386 1694 Ἰσραὴλ
406 1634 473 1689 ἔτη
495 1634 547 1690 η’.
605 1635 707 1690 αὕτη
730 1640 873 1677 πασῶν
894 1634 1143 1689 ἀσεβεστάτη
1167 1634 1356 1690 γενομένη
1378 1636 1578 1689 γυναικῶν
1595 1630 1742 1676 πάν-21

228 1723 303 1756 τας
325 1705 487 1761 ἀναιρεῖ
503 1705 598 1755 τοὺς
614 1704 798 1759 Ὀχοζίου
816 1706 988 1756 παῖδας,
1029 1704 1188 1758 Ἀχαὰβ
1208 1707 1266 1761 τῷ
1289 1703 1518 1760 Ἰσραηλίτῃ
1539 1705 1707 1755 βασιλεῖ

224 1775 505 1832 τιμωρουμένη
519 1787 532 1798 ·
566 1772 696 1816 ἐδόκει
726 1773 804 1830 γὰρ
827 1775 871 1815 ἐκ
898 1778 971 1816 τοῦ
992 1774 1131 1829 γένους
1153 1771 1252 1816 εἶναι
1274 1770 1435 1815 τούτου.
1499 1771 1700 1825 Ἰωσαβὶδ

227 1845 272 1886 δὲ
302 1842 327 1899 ἡ
360 1848 433 1887 τοῦ
461 1843 594 1895 Ὀζιόυ
626 1842 807 1900 ἀδελφή,
843 1843 942 1899 γυνὴ
971 1847 1044 1885 τοῦ
1075 1841 1479 1900 ἀρχιερέωςἿωὸαέ,
1509 1842 1701 1895 κλέψασα

173 1925 205 1961 C
224 1913 350 1964 Ἰωιὶς
380 1912 450 1956 τὸν
474 1913 666 1967 Ὀχοζίου
698 1912 786 1955 υἱὸν
808 1913 977 1968 ὀκταετῆ
994 1911 1242 1969 τυγχάνοντα
1264 1912 1410 1954 Ἰωδαὲ
1432 1909 1700 1969 προσήγαγεν.

226 2026 380 2058 moratus
403 2022 568 2068 populum
591 2021 704 2068 legem
728 2021 882 2058 divinam
909 2033 950 2056 ac
975 2021 1032 2057 dei
1062 2022 1189 2057 cultum
1222 2021 1354 2056 docuit.
1403 2032 1473 2067 quo
1494 2022 1624 2056 factum
1646 2023 1703 2055 est

226 2076 268 2105 ut
300 2069 480 2114 regionem
508 2069 629 2104 leones
662 2069 835 2104 infestare
865 2069 1082 2104 desinerent.
1139 2070 1201 2104 hos
1236 2068 1422 2103 etiamnum
1454 2067 1646 2102 samaritas
1681 2079 1702 2102 a

226 2116 303 2151 loco
331 2122 476 2151 vocant:
512 2121 704 2162 propterea
728 2116 834 2151 etiam
859 2127 878 2150 a
901 2115 1043 2151 Iudaeis
1076 2116 1217 2150 diverso
1248 2115 1410 2150 instituto
1440 2114 1559 2159 vitae,
1585 2119 1702 2149 tamen

226 2164 272 2197 ob
297 2163 384 2208 legis
407 2162 627 2209 disciplinam
651 2162 898 2208 aliquantulum
921 2162 1104 2207 religionis
1126 2175 1210 2209 prae
1229 2174 1268 2197 se
1290 2163 1422 2196 ferunt.
1470 2173 1586 2208 neque
1610 2161 1702 2196 enim

225 2215 369 2256 praeter
392 2209 594 2254 decalogum
619 2209 803 2254 quicquam
827 2209 870 2243 iis
893 2209 1031 2244 discere
1053 2221 1252 2244 concessum
1275 2208 1358 2243 fuit.

317 2256 388 2290 Hic
410 2256 490 2290 finis
513 2262 568 2290 cst
589 2256 691 2300 regni
714 2255 892 2301 Israelici‚
928 2257 1021 2301 quod
1050 2268 1158 2290 annos
1181 2257 1249 2291 303
1274 2266 1480 2300 mensesque
1502 2255 1524 2289 7
1547 2253 1702 2297 duravit,

228 2308 389 2348 coeptum
414 2314 434 2336 a
459 2303 663 2337 Ieroboamo
688 2302 822 2336 Nabasi
846 2303 891 2337 F.
918 2309 955 2336 et
978 2303 1111 2337 finitum
1137 2303 1234 2337 Osea
1255 2302 1328 2336 Ilae
1351 2302 1397 2335 F.
1423 2313 1529 2346 rege,
1563 2312 1639 2334 cum
1669 2300 1701 2334 is

227 2362 269 2384 ac
287 2349 436 2395 populus
459 2348 644 2383 Israelicus
669 2360 690 2383 a
708 2348 970 2383 Salmanassare
993 2355 1047 2384 est
1072 2361 1092 2383 a
1115 2349 1274 2383 Samaria
1296 2349 1334 2382 in
1357 2347 1511 2382 Mediam
1534 2348 1703 2392 deporta-

227 2401 297 2430 tus.
347 2401 499 2430 ceterum
525 2408 546 2430 a
570 2396 704 2430 decimo
729 2396 829 2440 regni
854 2395 954 2429 Sauli
973 2408 1062 2430 anno
1084 2407 1229 2440 regnum
1249 2394 1388 2430 Davido
1414 2400 1450 2428 et
1473 2393 1548 2428 eius
1571 2405 1701 2438 proge-

228 2442 299 2476 niei
321 2442 538 2488 propositum
564 2442 702 2487 coepit3
727 2442 917 2488 floruitque
940 2442 991 2476 ita
1016 2448 1055 2476 ut
1076 2442 1113 2476 in
1138 2443 1320 2476 Roboamo
1345 2440 1542 2476 Solomonis
1567 2441 1612 2475 F.
1637 2441 1699 2474 de-

228 2489 362 2523 ficeret.
412 2489 493 2523 huic
515 2489 624 2524 Abias
644 2489 834 2533 successit,
871 2500 1086 2534 regnumque
1117 2502 1181 2534 per
1215 2500 1325 2523 annos
1359 2493 1432 2522 tres
1467 2486 1701 2521 Ierusalemae

226 2535 351 2579 gessit.
399 2536 488 2570 Asas
519 2536 646 2570 deinde
679 2547 787 2569 annos
810 2536 870 2569 40.
918 2535 949 2570 is
975 2547 1098 2580 magno
1123 2536 1191 2570 iam
1217 2541 1301 2570 natu
1325 2547 1368 2568 ex
1392 2534 1518 2579 pedum
1542 2532 1700 2568 articulis

227 2581 416 2616 laboravit.
464 2588 546 2627 post
571 2583 663 2616 hunc
686 2583 894 2628 Iosaphatus
918 2594 1027 2616 annos
1050 2583 1114 2617 25:
1149 2595 1190 2617 eo
1215 2586 1385 2626 regnante
1403 2580 1598 2624 Michaeas,
1626 2580 1698 2614 Ab—

227 2627 316 2672 dias,
346 2628 538 2663 Eleazarus
562 2634 599 2663 et
615 2629 769 2663 Ananias
792 2627 975 2663 vaticinati
993 2635 1088 2664 sunt.
1113 2629 1270 2664 Ioramus
1295 2626 1390 2674 patri
1409 2627 1597 2672 Iosaphato
1623 2627 1698 2662 suf-

227 2674 341 2708 fectus
361 2686 469 2708 annos
487 2676 521 2710 8.

320 2720 499 2755 Samariae
532 2722 718 2766 Gotholia‚
751 2722 826 2756 filia
852 2721 1024 2756 Zambrae
1055 2722 1149 2768 regis
1181 2719 1359 2764 Israelici‚
1395 2732 1504 2754 annos
1528 2721 1564 2755 8.
1611 2718 1700 2753 haec

227 2765 376 2800 omnium
409 2767 585 2802 mulierum
620 2769 889 2803 sceleratissima
911 2768 1091 2803 Ochoziae
1124 2769 1319 2803 universam
1354 2766 1488 2812 prolem
1517 2765 1700 2808 interficit,

226 2812 302 2846 ulta
324 2813 390 2847 hoc
414 2814 514 2847 modo
540 2814 716 2850 Achabum
739 2815 941 2850 Israelicum
965 2827 1083 2860 regem
1099 2842 1108 2859 ‚
1142 2815 1203 2861 qui
1236 2826 1280 2849 ex
1309 2826 1353 2848 ea
1376 2818 1482 2859 gente
1513 2813 1700 2847 videbatur

228 2858 352 2893 fuisse.
381 2859 444 2893 sed
466 2860 618 2895 Iozabea
637 2863 817 2897 Ochoziae
841 2873 955 2907 soror,
977 2874 1066 2897 uxor
1090 2862 1233 2896 Ioiadae
1257 2860 1379 2895 summi
1403 2859 1594 2905 pontificis,
1617 2859 1699 2892 Ioa-

228 2915 302 2941 sum
328 2904 437 2940 filium
465 2905 646 2943 Ochoziae
676 2914 755 2944 octo
786 2919 955 2944 annorum
986 2910 1158 2946 suffurata
1179 2908 1324 2944 loiadae
1345 2906 1513 2951 tradidit3
1544 2917 1646 2952 quem
1669 2903 1701 2938 is
