1742 3184
364 192 768 249 fflsmmfflm
801 186 1193 239 compmnmm.
1429 155 1525 240 '29

39 311 304 372 παραγῖνεται
325 311 430 371 ’πρὸς
451 311 524 356 τὸν
543 311 725 369 πατέρα·
761 309 783 355 ὅ
819 312 863 355 δὲ
897 316 1141 370 παραχωρεῖ
1166 308 1278 369 αὐτῷ
1296 306 1527 364 βασιλεύειν

40 389 114 439 τῆς
141 383 336 434 Ἰταλίας.
405 384 472 425 καὶ
506 386 673 433 πολλοῖς
707 380 811 425 ἔτεσι
840 380 1116 436 βασιλεύσας,
1165 379 1251 424 εἶτα
1283 379 1527 436 τελευτήσας

40 455 305 496 κατατίθεται
323 453 365 495 ἓν
382 457 433 510 τῇ
454 450 613 510 Κρήτῃ.
660 453 765 506 μετὰ
789 453 833 495 δὲ
854 455 984 496 Νῖνον
1003 452 1238 506 ἐβασίλευσε
1258 455 1340 494 τῶν
1357 450 1527 494 ’Aoo-v-

41 525 140 580 pt‘mv
161 523 326 580 Θοῦρος
349 520 371 566 ὃ
393 524 461 565 καὶ
475 522 619 579 ”Αρης
637 524 805 577 κληθεὶς
827 521 882 573 ὡς
905 520 1245 577 πολεμικώτατος.
1316 525 1461 564 τοῦτον
1489 518 1528 563 οἳ

6 591 260 651 δἈσσύριοι
284 591 405 635 Βάαλ
433 592 535 635 θεὸν
568 592 659 648 ἤτοι
684 594 776 648 Βῆλ
809 591 1160 647 μετονομάσαντες
1188 593 1255 634 καὶ
1287 589 1528 646 ἄναστηλώ-
1553 601 1583 637 P
1607 603 1652 639 16

38 680 182 713 σαντες
206 663 255 706 σε’
283 668 409 705 ονται.
477 662 583 718 μετὰ
612 663 657 705 δὲ
678 662 752 718 τὴν
769 667 843 705 τοῦ
864 663 968 713 Διὸς
991 662 1179 718 τελευτὴν
1209 664 1375 712 Φαῦνος
1396 659 1416 703 ὁ
1439 661 1530 712 υἱὸς

39 733 168 776 αὐτοῦ
188 734 457 787 ἐβασίλευσεν,
493 732 539 784 ὃς
557 730 862 788 μετωνομάσθη
880 730 1067 789 (Ερμῆῳ
1115 728 1166 788 ἦν
1191 733 1269 789 γὰρ
1300 730 1527 788 λογικώτα-

37 819 109 854 τος
124 800 231 845 πάνυ
251 804 319 845 καὶ
342 801 655 858 μαθηματικός·
694 801 740 854 ὃς
759 805 825 845 καὶ
848 808 920 851 τοῦ
937 807 1098 860 χρυσοῦ
1120 802 1194 857 τὴν
1223 800 1347 860 φύσιν
1368 802 1525 859 ἐξεῦρεν

39 873 83 916 ἔκ
101 871 314 928 μετάλλων
332 871 582 930 ἀνθρώποις.
652 869 678 928 ἦ
700 873 837 927 μέντοι
854 873 1094 931 Ἀφροδίτη
1115 872 1254 928 λογικὴ
1274 874 1342 915 καὶ
1363 874 1525 928 ποικίλη

0 947 29 984 [0
40 943 232 999 λεγομένη
255 940 447 999 ἐγαμήθη
469 948 527 1001 τῷ
549 941 753 985 Ἀὁώνιόι
781 947 840 1001 τῷ
866 943 942 1002 υἱῷ
965 947 1039 986 τοῦ
1060 941 1267 999 Κινύρου,
1307 940 1526 1001 φιλοσόφῳ

38 1011 124 1056 ὄντι
153 1014 220 1055 καὶ
251 1012 362 1071 αὐτῷ
374 1027 384 1038 ·
428 1013 499 1064 οὓς
529 1014 595 1055 καὶ
619 1011 715 1070 ἄχρι
736 1012 924 1056 θανάτου
946 1017 1276 1072 φιλοσοφοῦντας
1296 1012 1372 1055 σὺν
1395 1011 1524 1068 ἀλλή-

37 1085 125 1134 λοις
147 1086 298 1137 βιῶσαι
322 1082 543 1140 ἱστοροῦσι.
610 1083 715 1137 μετὰ
737 1084 781 1126 δὲ
800 1083 846 1126 τὸ
868 1087 1111 1138 βασιλεῦσαι
1130 1083 1372 1141 Ἀσσυρίων
1387 1084 1522 1124 Πῖκον

35 1151 108 1196 τὸν
134 1154 200 1195 καὶ
221 1152 308 1195 Δία
330 1151 398 1208 ἕτη
427 1151 667 1210 τριάκοντα,
708 1153 780 1196 τὸν
800 1152 889 1196 υἱὸν
918 1153 1046 1196 αὐτοῦ
1067 1156 1207 1209 Βῆλον
1227 1150 1523 1207 ὀνομαζόμενον

37 1224 107 1266 καὶ
121 1221 258 1279 ’Ἠραν
279 1222 353 1278 τὴν
373 1230 543 1279 γυναῖκα
565 1223 641 1278 τὴν
661 1224 727 1265 καὶ
750 1223 932 1281 ἀδελφὴν
953 1225 1016 1266 ἐπὶ
1036 1229 1109 1279 τῆς
1129 1223 1258 1280 ἀρχῆς
1286 1222 1523 1265 καταλιπὼν

0 1297 27 1337 ‚5
39 1291 143 1350 πρὸς
159 1292 229 1335 τὸν
250 1292 376 1335 αὐτοῦ
397 1294 552 1350 πατέρα
575 1292 737 1350 Κρόνον
757 1296 1042 1349 παραγίνεται,
1080 1293 1160 1348 ἤδη
1180 1291 1431 1349 γεγηρακότα
1451 1294 1519 1335 καὶ
1543 1301 1574 1336 Β

36 1360 432 1419 ταλαιπωρήσαντα·
478 1357 510 1420 ᾧ
542 1364 609 1404 καὶ
640 1370 884 1420 παραχωρεῖ
911 1367 982 1418 τῆς
1013 1364 1225 1417 βασιλείας
1261 1362 1387 1413 εὐθύς
1395 1395 1409 1415 ,
1455 1364 1524 1405 καὶ

39 1426 157 1483 οὗτος
176 1432 350 1483 δυνατὸς
374 1431 430 1475 ὢν
447 1431 555 1474 ἄλλα
575 1431 644 1487 ἔτη
668 1430 862 1488 ἑξήκοντα
885 1432 959 1476 δύο
980 1433 1082 1475 κατὰ
1104 1433 1178 1487 τὴν
1204 1433 1378 1475 Ἰταλίαν
1398 1437 1525 1487 βασι-

37 1505 180 1545 λεῦσαι
201 1502 370 1558 λέγεται.
441 1504 579 1558 Βῆλος
611 1502 656 1544 δὲ
689 1499 711 1544 ὃ
740 1502 831 1552 υἱὸς
859 1503 930 1545 διὰ
953 1502 998 1545 τὸ
1020 1502 1253 1557 ὀξυκίνητος
1274 1500 1373 1545 εἶναι
1395 1501 1527 1554 οὕτως

38 1570 208 1627 ἔκλήθη,
243 1573 311 1614 καὶ
335 1569 409 1615 δύο
432 1571 500 1627 ἔτη
522 1572 826 1626 βεβασιλευκὼς
838 1571 1063 1628 Ἀσσυρίων
1082 1575 1262 1632 τελευτᾷ.
1331 1575 1460 1623 Νῖνος
1482 1571 1527 1615 δὲ

0 1640 60 1690 ῑοὸ
84 1641 233 1685 τούτοῠ
260 1646 378 1693 θεῖος
407 1642 605 1700 ἐγκρατὴς
623 1639 834 1698 γενόμενος
853 1647 926 1698 τῆς
953 1643 1082 1698 ἀρχῆς
1098 1641 1162 1696 νβ’
1183 1641 1251 1697 ἔτη
1276 1645 1357 1685 τῶν
1374 1642 1526 1685 Ἀσσυ-

37 1714 135 1769 ρίων
155 1712 427 1767 ἐβασίλευσεν.
497 1713 541 1755 ἐκ
564 1717 639 1755 τοῦ
660 1713 800 1768 γε’νους
826 1706 899 1754 οὖν
932 1712 1059 1755 αὐτοῦ
1092 1714 1160 1754 καὶ
1193 1709 1474 1769 Ζωροάστρης
1500 1709 1523 1754 ὃ

34 1781 277 1840 περιβόητος
309 1780 561 1838 ἀστρόνομος
591 1783 633 1824 ἓν
654 1782 840 1838 Πέρσαις
869 1781 1082 1839 γενόμενος
1107 1781 1261 1838 ηἰῖξατο
1290 1779 1370 1825 ὑπὸ
1393 1781 1526 1839 πυρὸς

34 1851 175 1911 ἆεριόυ
195 1856 505 1910 κεραυνωθῆναι
528 1854 595 1895 καὶ
619 1851 904 1909 ἀναλωθῆναι,
935 1851 1210 1907 ἐντειλάμενος
1230 1859 1316 1903 τοῖς
1336 1853 1524 1911 Πέρσαις

127 1974 150 2010 8
172 1970 244 2019 τὴν
267 1972 420 2019 ποίησιν
443 1985 563 2020 margo
586 1973 615 2008 P

34 2076 160 2114 Italiae
184 2077 339 2120 dimisit3
371 2077 434 2113 ubi
459 2090 535 2113 cum
560 2090 625 2124 per
648 2077 774 2114 multos
796 2089 907 2114 annos
932 2081 1137 2124 regnasset,
1173 2077 1282 2115 vitam
1308 2089 1384 2113 cum
1406 2081 1522 2114 morte

35 2126 274 2171 commutavit,
300 2131 336 2160 et
359 2125 396 2159 in
416 2126 523 2160 Creta
548 2125 706 2172 sepultus
730 2132 796 2161 est.
847 2131 929 2172 post
951 2127 1082 2160 Ninum
1107 2125 1263 2170 Assyriis
1286 2125 1430 2160 Thurus
1452 2126 1520 2160 im-

33 2172 197 2253 geravit,
233 2173 294 2218 qui
321 2178 358 2206 et
383 2172 481 2207 Mars
514 2172 713 2219 appellatur
745 2179 869 2219 utpote
903 2172 1202 2208 bellicosissimus.
1252 2173 1344 2206 hunc
1377 2171 1521 2217 Assyrii

67 2219 179 2254 nalum
204 2219 282 2254 sive
306 2218 427 2253 Belum
447 2220 546 2254 deum
572 2220 813 2266 appellarunt,
851 2226 1038 2265 statuaque
1062 2219 1094 2253 ei
1119 2219 1271 2254 excitata
1294 2218 1426 2254 divinis
1451 2219 1519 2252 ho-

33 2266 179 2300 noribus
204 2265 400 2301 coluerunt.
448 2279 470 2302 a
492 2273 604 2301 morte
623 2267 722 2302 Iovis
748 2268 904 2311 Faunus,
931 2280 972 2302 eo
993 2272 1109 2310 natus,
1132 2278 1277 2311 regnum
1298 2265 1425 2300 tenuit.
1461 2264 1520 2300 hio

31 2311 233 2347 Mercurius
257 2312 500 2348 denominatus
523 2312 604 2358 fuit,
629 2315 722 2359 quod
746 2314 918 2348 facundus
942 2314 1124 2348 admodum
1150 2319 1246 2347 esset
1265 2325 1306 2347 ac
1326 2312 1520 2346 mathema-

32 2359 182 2394 ticarum
205 2371 320 2394 rerum
342 2359 470 2395 sciens.
495 2361 586 2395 idem
612 2360 809 2395 hominibus
830 2361 907 2395 auri
933 2373 976 2395 ex
1001 2367 1117 2395 terrae
1143 2359 1343 2408 visceribus
1371 2357 1521 2394 eruendi

31 2411 144 2441 artem
164 2406 313 2442 invenit.
363 2406 482 2442 Venus
501 2407 642 2442 erudita
665 2408 846 2443 admodum
871 2407 940 2442 fuit
964 2414 1000 2443 et
1023 2407 1131 2441 variis
1152 2408 1259 2440 rebus
1280 2411 1425 2440 ornata:
1451 2416 1520 2440 nu-

30 2452 106 2499 psit
126 2453 280 2488 Adonidi
299 2452 459 2498 Cinyrae
485 2456 535 2498 F',
572 2455 782 2501 philosopho
807 2454 878 2500 ipsi
902 2466 1056 2500 quoque.
1104 2458 1251 2488 narrant
1273 2464 1335 2487 eos
1359 2453 1404 2488 ad
1422 2464 1519 2487 mor-

31 2504 103 2534 tem
131 2511 241 2546 usque
264 2511 334 2535 una
358 2500 601 2547 philosophiae
619 2513 779 2537 vacasse.
826 2501 943 2544 Picus,
970 2501 1030 2547 qui
1053 2500 1142 2534 idem
1169 2505 1223 2534 est
1241 2499 1415 2545 Iuppiter,
1441 2510 1520 2534 cum

31 2546 181 2592 triginta
201 2559 310 2582 annos
332 2547 491 2592 Assyriis
512 2548 734 2594 imperasset,
757 2560 868 2594 regno
892 2548 928 2582 in
951 2559 1071 2582 manus
1093 2546 1158 2581 filii
1183 2546 1238 2580 sui
1256 2546 1334 2581 Beli
1353 2552 1390 2581 et
1407 2546 1518 2581 Iuno-

31 2593 107 2637 nis,
143 2605 235 2638 quae
267 2606 370 2629 soror
400 2595 477 2629 eius
510 2597 702 2641 eademque
724 2595 852 2630 coniux
878 2600 972 2638 erat,
1004 2593 1156 2638 tradito,
1189 2593 1233 2627 ad
1256 2599 1392 2639 patrem
1418 2604 1519 2628 suum

32 2639 224 2675 Saturnum
247 2653 287 2676 se
311 2642 482 2685 contulit,
507 2649 709 2688 provectam
733 2642 802 2677 iam
825 2648 976 2677 aetatem
995 2641 1123 2675 misere
1144 2638 1366 2675 tolerantem.
1414 2645 1519 2686 pater

32 2685 68 2720 ei
91 2687 210 2722 statim
232 2699 378 2733 regnum
403 2689 558 2730 dimisit;
589 2694 626 2723 et
646 2689 753 2724 Picus
781 2688 941 2735 potentia
973 2694 1096 2722 auctus
1129 2698 1194 2733 per
1225 2688 1271 2722 62
1293 2686 1382 2722 alios
1405 2697 1519 2721 annos

31 2732 170 2769 Italiam
196 2734 332 2769 rexisse
355 2736 483 2771 fertur.
515 2735 622 2770 Belus
646 2736 738 2770 filius
763 2737 839 2770 eius
865 2736 931 2769 hoc
957 2745 1083 2768 nomen
1107 2735 1151 2768 ob
1175 2733 1213 2768 id
1235 2734 1329 2779 quod
1352 2733 1519 2768 celeriter

32 2786 237 2815 moveretur
259 2782 396 2818 habuit.
444 2783 475 2817 is
508 2794 584 2818 cum
614 2795 678 2828 per
706 2782 884 2817 biennium
914 2792 1059 2826 regnum
1081 2780 1308 2825 Assyriorum
1332 2780 1518 2826 gessisset,

31 2825 71 2861 in
91 2828 166 2862 fata
183 2825 372 2863 concessit.
418 2837 566 2875 patruus
589 2829 667 2865 eius
690 2829 805 2864 Ninus
829 2840 938 2873 regno
963 2826 1120 2873 potitus,
1149 2827 1194 2863 52
1217 2839 1327 2862 annos
1355 2826 1516 2871 Assyriis

32 2872 236 2921 imperavit.
284 2888 328 2911 ex
358 2875 462 2912 huius
491 2888 622 2921 genere
655 2876 760 2911 etiam
785 2876 996 2910 Zoroastres
1026 2874 1156 2909 nobilis
1187 2873 1247 2909 ille
1270 2874 1363 2921 apud
1386 2874 1515 2908 Persas

30 2926 250 2957 astronomus
273 2921 432 2967 exstitit3
463 2924 526 2970 qui
551 2935 592 2960 se
621 2922 768 2960 fulmine
791 2923 898 2958 ictum
919 2932 963 2958 uc
985 2926 1226 2969 consumptum
1248 2920 1297 2956 iri
1322 2919 1515 2968 praedixit,
