1742 3184
223 195 320 246 184
703 195 942 243 GEORGII
972 192 1217 240 GEDRENI

219 331 262 358 τε
291 314 358 356 καὶ
384 310 702 370 θανατηφόρον,
738 309 836 355 ἴσθ’
869 308 934 353 ὅτε
964 311 1032 353 καὶ
1066 309 1169 368 πρὸς
1203 307 1368 367 ἂρόείαν
1398 305 1692 364 ἀνεπιτήδειον·

220 382 318 440 ὅπερ
345 383 400 433 εἲς
422 382 660 438 εὐχρηστίαν
678 378 914 438 ἀνθρώποις
933 381 999 421 καὶ
1018 377 1176 434 κτήνεσι
1192 379 1455 435 μεταβληθὲν
1473 379 1694 437 εὐκαρπίας

219 450 586 508 μάλισταπολλῆς
612 453 679 494 καὶ
709 449 912 506 σωτηρίας
934 446 1091 506 ὑπῆρχε
1113 452 1164 506 τῇ
1183 447 1302 508 χώρᾳ
1326 446 1530 506 πρόξενον.
1598 446 1695 504 ἄχρι

219 522 298 579 γὰρ
319 523 437 577 δεῦρο
460 524 730 577 πλημμυροῧν
751 519 945 574 μεγίστην
966 519 1113 560 πιαίνει
1137 516 1336 570 πεδιάδα,
1364 519 1432 560 καὶ
1452 517 1590 574 τρέφει
1612 534 1695 559 πα-

222 591 435 648 ραδείσους
453 592 520 632 καὶ
543 591 734 647 φοινίκων
751 588 843 644 γε’νη
866 585 1046 645 διάφορα
1068 585 1322 645 μελιτοφόρα
1333 619 1346 639 ,
1377 580 1438 630 ὧν·
1457 587 1495 629 οἱ
1516 589 1728 629 πλεῖστοιό

221 658 466 714 πατούμενοι
506 661 572 701 καὶ
610 654 931 712 ἀποθλιβόμενοι
960 657 1052 710 με’λι
1081 656 1184 699 πολὺ
1217 657 1432 711 ἐκχέουσιν.
1501 654 1586 698 ἔστι
1615 655 1695 712 γὰρ

219 727 488 786 μελιτοφόρος
516 729 583 770 καὶ
615 724 943 785 ἀρωματοφόρος
971 723 996 780 ἡ
1020 724 1141 783 χώρα
1172 724 1302 778 πάνυ,
1346 726 1531 784 φέρουσα
1561 726 1697 781 κίτρον

222 801 290 842 καὶ
308 795 598 855 μυροβάλανον
618 799 686 839 καὶ
710 794 1001 850 ὅποβάλσαμον
1016 793 1077 837 ὅτι
1097 798 1306 838 πλεῖστον·
1340 794 1430 851 ἥτις
1458 795 1518 837 δι’
1552 794 1698 850 ὀλίγων

222 871 388 924 καρπῶν
419 868 485 908 καὶ
517 865 754 924 ἀνθρώποις
781 867 1047 920 ἐπιθυμητῶν
1075 858 1120 907 εὗ
1144 862 1258 920 μάλα
1277 868 1335 924 τῷ
1356 864 1590 924 παραδείσῳ
1613 880 1700 914 πως

223 933 517 995 παρεικάζεται.
1258 958 1260 960 -
1710 946 1742 982 1(

81 1013 111 1048 P
135 1016 201 1052 105
362 1005 488 1049 Μετὰ
511 1004 555 1047 δὲ
569 1002 731 1062 Ἰωρὰμ
750 1004 1007 1058 ἐβασίλευσεν
1024 1003 1140 1058 ’Ῑηοῦ
1162 1001 1252 1054 υἱὸς
1272 1001 1502 1056 Ναμεσίου.
1551 998 1698 1043 τούτου

223 1075 503 1132 εἷσερχομένου
527 1075 569 1117 ἓν
589 1078 641 1131 τῇ
665 1072 778 1116 πόλει
802 1074 1038 1130 Σαμαρείας
1064 1073 1298 1129 παρέκυψεν
1324 1070 1508 1125 Ἰεζάβελ
1533 1070 1601 1112 διὰ
1627 1073 1701 1124 τῆς

223 1146 398 1203 θυρίδος
413 1143 854 1202 περικεκαλλωπισμένη
866 1156 878 1168 ·
908 1140 930 1185 ὃ
953 1143 996 1186 δὲ
1012 1141 1206 1197 βασιλεὺς
1225 1141 1444 1199 προσέταξε
1457 1146 1542 1190 τοῖς
1561 1137 1701 1182 εὐνού-

226 1231 313 1269 χοις
335 1214 460 1269 αὐτῆς
483 1215 804 1270 κατακρημνίσαι
833 1209 972 1267 αὐτήν.
1039 1210 1185 1255 τούτου
1216 1212 1260 1254 δὲ
1285 1208 1495 1267 γεγονότος
1521 1206 1702 1263 Ἰεζάβελ

224 1282 488 1339 κατεπατήθη
510 1281 590 1325 ὑπὸ
608 1286 689 1325 τῶν
704 1284 840 1324 ἵππων
859 1283 927 1324 καὶ
952 1279 1198 1338 κατεβρώθη
1218 1278 1300 1323 ὕπὸ
1319 1283 1401 1323 τῶν
1423 1283 1567 1322 κυνῶν.
1601 1276 1742 1327 {noi-15

223 1355 318 1404 ταξε
352 1353 395 1395 δὲ
422 1350 444 1394 ὃ
472 1351 666 1406 βασιλεὺς
690 1353 759 1395 καὶ
786 1350 881 1403 τοὺς
900 1348 1182 1407 ἑβδομήκοντα
1207 1349 1323 1400 υἱοὺς
1338 1347 1498 1404 Ἀχαάβ
1519 1349 1585 1391 καὶ
1604 1346 1703 1398 τούς

224 1421 560 1480 περιλειφθέντας
582 1421 707 1464 αὐτοῦ
729 1419 885 1472 πάντας
912 1421 953 1463 ἓν
973 1420 1187 1480 Σαμαρείᾳ
1211 1418 1316 1462 κατὰ
1343 1418 1391 1462 τὸ
1413 1418 1524 1476 ῥῆμα
1541 1418 1702 1460 Ἠλιοῦ.

223 1492 504 1549 συναθροίσας
526 1491 571 1533 δὲ
590 1490 698 1534 ἅπαν
721 1491 766 1533 τὸ
783 1494 945 1546 πλῆθος
965 1493 1038 1532 τοῦ
1059 1493 1175 1541 λαοῦ,
1211 1489 1289 1546 ἔφη
1310 1489 1413 1545 πρὸς
1435 1487 1583 1537 αὐτοὺς
1598 1486 1701 1540 μετὰ

224 1562 475 1618 πανουργίας
510 1557 688 1615 ζἈχαὰβ
716 1560 790 1614 μὲν
823 1558 1033 1602 ἐδούλευσε
1064 1562 1122 1615 τῷ
1153 1556 1274 1601 Βάαλ
1306 1550 1422 1613 ὀλίγα
1431 1589 1444 1609 ‚
1507 1557 1623 1612 Ἰηοῦ
1658 1555 1702 1598 δὲ

224 1629 357 1672 πολλὰ
376 1627 582 1672 δουλεύσει
605 1629 728 1687 αὐτῷ.
799 1631 866 1671 καὶ
898 1625 968 1671 νῦν
999 1625 1155 1678 πάντας
1180 1627 1374 1670 καλέσατε
1405 1624 1508 1683 πρός
1529 1643 1580 1680 με
1607 1625 1742 1676 τοὺς-21

172 1710 204 1746 Β
232 1697 447 1756 προφήτας
467 1701 534 1740 καὶ
555 1698 672 1756 ἱερεῖς
693 1702 765 1741 τοῦ
787 1696 931 1750 Βάαλ,
968 1696 1029 1740 ὅτι
1050 1690 1204 1754 μεγάλη
1231 1714 1302 1751 μοι
1329 1697 1456 1739 θυσία
1478 1700 1535 1753 τῷ
1560 1693 1702 1737 Βάαλ·

226 1772 307 1818 πᾶς
333 1767 411 1825 γὰρ
442 1766 487 1817 ὃς
520 1766 570 1810 ἂν
603 1769 831 1825 ἀπολείψῃ,
867 1768 914 1810 οὗ
951 1765 1147 1822 ζήσεται.’
1219 1765 1604 1822 συναθροισθέντων
1631 1759 1703 1807 οὖν

227 1834 404 1891 πάντων,
438 1838 507 1879 καὶ
527 1841 602 1881 τοῦ
625 1838 826 1881 εἷδωλείου
845 1837 1121 1893 πλησθέντος,
1149 1833 1283 1891 στόμα
1305 1835 1408 1894 πρὸς
1427 1832 1560 1890 στόμα
1579 1835 1703 1893 φησὶν

227 2049 288 2073 sae
311 2040 348 2073 et
369 2036 492 2073 letales
513 2048 554 2072 ac
577 2048 822 2082 nonnunquam
847 2035 950 2071 etiam
985 2036 1030 2071 ad
1059 2036 1243 2082 rigandum
1273 2034 1383 2069 solnm
1407 2033 1564 2069 inutiles.
1612 2045 1704 2080 quae

226 2096 319 2130 aqua
343 2085 536 2121 mutatione
559 2083 628 2118 ista
653 2085 825 2118 hominum
850 2088 886 2117 et
908 2083 1046 2129 pecoris
1082 2083 1160 2117 usui
1195 2082 1472 2127 accommodata,
1508 2080 1704 2116 fertilitatis

228 2143 270 2166 ac
301 2131 423 2166 salutis
459 2130 641 2178 plurimum
667 2130 729 2165 isti
761 2130 899 2175 regioni
928 2129 1142 2165 conciliavit.
1191 2141 1268 2163 nam
1292 2128 1329 2162 in
1354 2128 1444 2162 hunc
1477 2139 1588 2174 usque
1612 2128 1704 2162 diem

227 2177 408 2212 exundans
433 2183 661 2223 campestrem
684 2177 865 2212 maximam
890 2177 1069 2221 regionem
1091 2176 1309 2222 impinguat,
1344 2175 1523 2220 nutritque
1547 2174 1706 2220 pomaria

228 2228 264 2258 et
286 2223 438 2270 palmeta
460 2224 651 2269 mellifera,
675 2235 820 2269 qnorum
844 2224 977 2258 fructus
1000 2223 1124 2258 calcati
1148 2228 1255 2268 atque
1279 2222 1393 2269 pressi
1416 2233 1573 2267 magnam
1592 2220 1704 2255 mellis

226 2270 296 2304 vim
331 2271 527 2305 effundunt.
576 2276 631 2305 est
661 2270 752 2305 enim
786 2269 943 2316 apprime
972 2270 1143 2304 mellifera
1178 2275 1214 2304 et
1249 2268 1474 2303 aromatifera
1497 2268 1567 2302 ista
1590 2267 1704 2313 regio,

227 2316 352 2351 citrum
378 2318 574 2362 producens
601 2322 636 2351 et
659 2316 817 2362 glandem
843 2317 1105 2361 unguentariam
1131 2321 1166 2351 et
1189 2314 1404 2361 opobalsami
1426 2314 1630 2360 plurimum,
1666 2319 1707 2349 ut

228 2368 375 2409 propter
407 2375 507 2398 raros
540 2368 577 2398 et
604 2363 801 2398 hominibus
835 2363 1084 2398 desiderabiles
1111 2364 1247 2398 fructus
1270 2373 1341 2396 non
1365 2362 1515 2397 absurde
1538 2360 1704 2407 paradiso

229 2411 428 2455 comparari
450 2422 558 2457 posse
580 2410 757 2446 videatur.

320 2478 458 2514 Ioramo
490 2479 619 2514 Iehuus
650 2477 840 2524 successit,
876 2477 1036 2513 Namesii
1058 2478 1104 2513 F.
1151 2478 1184 2513 is
1218 2490 1294 2513 cum
1318 2476 1512 2512 Samariam
1542 2476 1707 2521 intraret,

229 2523 393 2560 Iezabela
417 2531 586 2560 exornato
612 2537 760 2571 corpore
787 2526 832 2559 de
861 2525 1018 2560 fenestra
1044 2525 1240 2571 prospexit.
1288 2525 1416 2559 Ieliuus
1440 2524 1517 2559 eius
1539 2523 1707 2558 eunuchis

230 2570 420 2616 imperavit
442 2572 493 2606 uti
517 2584 592 2607 eam
612 2571 907 2617 praecipitarent3
932 2583 1000 2616 quo
1025 2572 1119 2606 facto
1143 2571 1306 2607 Iezabela
1328 2573 1373 2605 ab
1398 2571 1498 2616 equis
1518 2570 1659 2615 obtrita,
1685 2581 1707 2604 a

229 2616 375 2652 canibus
394 2619 564 2653 devorata
586 2625 653 2653 est.
701 2618 793 2653 idem
817 2630 880 2652 rex
903 2618 1007 2652 etiam
1032 2619 1255 2663 septuaginta
1278 2617 1370 2652 filios
1394 2616 1529 2652 Achabi
1553 2628 1707 2651 ornnem-

230 2673 300 2706 que
330 2663 404 2698 eius
436 2665 583 2710 stirpem
615 2665 841 2711 superstitem
863 2664 1044 2699 Samariae
1065 2665 1246 2699 interfecit
1268 2664 1456 2699 secundum
1478 2663 1585 2697 Eliae
1612 2662 1706 2697 vati-

231 2708 373 2744 cinium.
421 2710 503 2745 inde
527 2718 650 2746 coacta
673 2712 767 2746 omni
791 2711 1012 2746 multitudine
1036 2718 1152 2745 astute
1176 2723 1237 2746 eos
1263 2709 1503 2756 compellavit:
1527 2710 1707 2744 Achabum

232 2754 390 2800 exiguoS,
415 2769 454 2791 se
477 2758 582 2792 multo
607 2758 724 2803 plures
748 2757 848 2792 Baali
867 2758 978 2792 cultus
1003 2758 1264 2803 praestiturum.
1301 2757 1449 2804 proinde
1474 2768 1594 2790 omnes
1611 2757 1706 2791 Baa-

230 2800 287 2855 lis·
302 2806 403 2836 vates
427 2814 468 2836 ac
488 2803 673 2848 pontifices
699 2806 744 2839 ad
769 2817 808 2839 se
831 2810 1087 2839 convocarent:
1122 2817 1199 2840 nam
1227 2816 1266 2839 se
1288 2814 1449 2848 magnum
1471 2802 1571 2838 Baali
1592 2802 1706 2836 sacri-

230 2848 348 2900 ficium
365 2848 573 2893 instituisse,
601 2856 638 2885 et
655 2857 871 2895 necaturum,
894 2851 926 2885 si
948 2851 1028 2896 quis
1046 2851 1183 2886 illorum
1203 2851 1248 2886 ab
1271 2851 1338 2885 hoc
1359 2849 1544 2884 abfuisset.
1591 2848 1642 2883 ita
1659 2848 1706 2883 iis

230 2894 391 2930 omnibus
412 2896 647 2942 congregatis,
682 2909 724 2932 ac
742 2898 827 2933 fano
850 2897 1028 2933 simulacri
1049 2897 1207 2944 repleto,
1231 2897 1365 2933 diserte
1387 2895 1569 2932 mandavit
1589 2894 1706 2930 servis
