1742 3184
391 164 792 215 ffls'mmffltm
824 170 1219 219 COMPENDIUM.
1450 176 1555 226 619

75 289 175 345 ὅρον
193 285 391 343 κερασέαν
410 284 638 341 ἱστάμενον,
682 284 775 343 ἕχον
803 286 868 330 ἐπὶ
899 291 976 330 τοῦ
1001 284 1185 343 στήθους
1214 287 1261 332 τὸ
1289 289 1394 333 κατὰ
1418 295 1551 337 Ματ-

72 362 200 400 θαΐον
222 357 451 413 εὒαῃ’έλιον
475 355 718 414 ἰδιόγραφον
742 356 870 400 αὐτοῦ
889 362 964 400 τοῦ
983 355 1214 400 ἀποστόλου
1234 358 1450 416 Βαρνάβα.
1505 364 1549 414 ἐξ

73 420 124 480 ἧς
145 424 391 483 προφάσεως
410 425 545 469 ἔκτοτε
571 427 707 482 γέγονε
734 424 985 483 μητρόπολις
1009 424 1036 482 ἦ
1060 426 1252 484 Κύπρος,
1300 431 1367 471 καὶ
1390 435 1464 473 τοῦ
1489 432 1548 487 μὴ

73 499 199 538 τελεῖν
216 493 296 537 ὑπὸ
313 493 574 550 Ἀντιόχειαν
590 495 684 537 ἀλλ’
706 493 786 538 ὑπὸ
809 495 1250 540 Κωνσταντινούπολιν.
1282 498 1329 541 τὸ
1353 501 1397 542 δὲ
1415 507 1551 546 τοιοῦ-

39 572 144 608 5τον
173 563 403 620 εὐαγγέλιον
426 563 573 619 Ζήνων
603 565 779 607 ἀπέθετο
809 566 850 608 ἓν
876 570 937 625 τῷ
967 567 1176 626 παλατίῳ,
1222 568 1265 610 ἓν
1290 573 1351 627 τῷ
1371 575 1458 630 ναῷ
1476 577 1552 615 τοῦ

73 632 191 690 ἁγίου
209 631 423 690 Στεφάνου
445 634 489 675 ἓν
507 638 560 690 τῇ
579 632 747 692 Δάφνῃ.
1571 648 1601 683 Β

211 706 285 760 Τῷ
306 700 361 756 ιβ’
381 701 459 745 ἔτει
484 705 618 758 Φῆλιξ
637 705 679 746 ἓν
696 708 754 761 τῷ
775 707 862 761 ναῷ
883 708 964 747 τῶν
984 701 1110 760 ἁγίων
1128 702 1368 750 ἀποστόλων
1382 710 1548 764 Πέτρου

71 773 138 814 καὶ
157 770 335 814 Παύλου
356 769 530 814 σύνοδον
550 772 725 828 ποιήσας
745 771 819 815 δύο
842 772 1084 824 ἐπισκόπους
1102 776 1170 816 καὶ
1195 774 1352 819 ἔκδικον
1373 777 1553 833 ἔπεμψεν

70 841 114 883 ἓν
141 840 590 893 Κωνσταντινουπόλει,
634 840 803 898 γράψας
834 841 996 897 Ζήνωνι
1031 845 1096 885 καὶ
1139 844 1329 904 Ἀκακίῳ
1366 847 1551 901 ἕκβαλεΐν

16 917 61 952 10
69 911 231 968 Πέτρον
252 910 323 952 τὸν
345 911 520 967 ΠΙογγὸν
539 909 595 961 ὡς
615 911 816 967 αἱρετικὸν
833 917 906 966 τῆς
920 912 1252 969 Ἀλεξανὸρειάς.

208 983 283 1037 Τῷ
315 977 364 1036 ιγ’
396 979 496 1032 ἕτει,
546 985 628 1023 τῶν
663 980 743 1022 ἀπὸ
779 979 940 1035 Ῥώμης
972 982 1260 1037 κρατηθέντων
1293 983 1335 1025 ἓν
1367 983 1549 1044 Ἀβῦδῳ

66 1045 208 1105 γνώμῃ
231 1047 424 1103 Ζήνωνος
457 1051 526 1092 καὶ
550 1049 755 1092 ’Λκακιόυ
780 1051 846 1092 καὶ
866 1055 946 1092 τῶν
965 1049 1216 1106 γραμμάτων
1241 1052 1548 1109 ἀφαιρεθέντων

68 1120 135 1159 καὶ
161 1119 205 1160 ἐν
233 1123 400 1178 φρουρᾷ
430 1119 685 1174 βληθέντων,
719 1120 907 1174 ἠπείλησε
935 1119 1081 1173 Ζήνων
1111 1119 1282 1172 τούτους
1309 1122 1474 1177 ἀνελεῖν,
1511 1127 1548 1167 εἰ

66 1187 126 1242 μὴ
146 1185 460 1243 κοινωνήσουσιν
474 1189 665 1246 Ἀκακίῳ
683 1190 751 1231 καὶ
769 1190 919 1246 Πέτρῳ
936 1194 994 1246 τῷ
1012 1191 1187 1247 ΠἸογγῷ.

15 1257 60 1293 15
211 1260 284 1315 Τῷ
315 1256 360 1300 ιε’
389 1256 466 1300 ἕτει
486 1256 633 1313 Ζήνων
661 1263 711 1315 τῇ
730 1262 862 1315 βουλῇ
882 1258 1085 1300 Ἀκακιόυ
1104 1259 1201 1309 τοὺς
1221 1259 1327 1302 κατὰ
1345 1260 1420 1314 τὴν
1437 1259 1556 1319 ἑῴαν·

66 1323 311 1378 ἐπισκόπους
338 1325 518 1381 ἐβιάζετο
546 1325 790 1384 ’ὑπογράψαι
811 1331 870 1384 τῷ
887 1325 1082 1385 ἕνωτικῷ,
1125 1326 1223 1384 ὅπερ
1252 1328 1376 1380 αὐτὸς
1401 1330 1541 1373 Ἀκά-
1567 1341 1599 1376 c

65 1412 153 1445 κιος
172 1396 358 1451 ἐποίησεν
377 1397 421 1447 ἐξ
452 1398 559 1447 ι’διάς
581 1398 753 1453 καρὸιάς
781 1395 1005 1448 συντάξας,
1040 1399 1108 1438 καὶ
1131 1403 1371 1452 κοινωνῆσαι
1392 1401 1545 1458 Πέτρῳ

64 1467 124 1522 τῷ
146 1467 321 1523 Μογγῷ.
389 1467 486 1516 τοὺς
507 1466 552 1508 δὲ
572 1471 644 1521 τῆς
660 1464 816 1520 Ῥώμης
844 1466 1179 1522 ἀποκρισιαριόυς
1203 1468 1418 1523 παρέπεισε
1435 1468 1545 1526 χρή-

64 1550 168 1587 μασι
197 1538 440 1589 κοινωνῆσαι
469 1535 663 1593 Ἀκακίῳ
693 1535 807 1592 παρὰ
839 1535 891 1578 τὰ
923 1536 1171 1578 ἔνταλθέντα
1202 1536 1354 1587 αὐτοῖς.
1422 1543 1545 1581 τοῦτο

8 1603 218 1658 ωμαθιὺν
240 1602 261 1647 ὃ
286 1607 419 1659 Φῆλιξ
437 1609 598 1662 καθῆρε
616 1603 808 1657 τούτους,
843 1603 1012 1662 γράψας
1039 1607 1106 1647 καὶ
1132 1604 1322 1663 Ἀκακίῳ
1345 1609 1547 1664 καθαίρε-

63 1686 151 1715 σιν·
186 1671 312 1730 ἥνπερ
336 1672 554 1729 δεξάμενος
569 1673 773 1732 ’Λάκιος
794 1672 1058 1728 ἀναισθήτως
1078 1676 1169 1732 περὶ
1191 1674 1318 1730 αὐτὴν
1335 1674 1413 1730 εἶχε
1423 1708 1438 1729 ,
1476 1678 1547 1719 καὶ

62 1741 114 1789 τὸ,
130 1741 260 1797 ὄνομα
287 1741 469 1798 Φήλικος
490 1745 605 1800 ἐξῆρε
628 1749 710 1787 τῶν
731 1742 949 1798 διπτύχων.

202 1816 279 1872 Τῷ
307 1811 357 1863 ις’
387 1811 467 1856 ἔτει
495 1814 659 1872 Πέτρος
690 1811 711 1856 ὃ
742 1813 917 1870 Μογγὸς
941 1813 984 1855 ἓν
1015 1811 1315 1874 Ἀλεξανδρείᾳ
1348 1812 1545 1868 ἀπέθανε,

61 1989 103 2024 S.
127 1989 331 2025 Matthaeus
354 1994 617 2037 composuerat,
650 1989 688 2025 in
712 1994 859 2037 pectore
883 1996 1047 2036 gestans,
1071 2001 1175 2025 manu
1197 1991 1382 2026 Barnabae
1408 1991 1545 2027 descri-

58 2042 171 2082 ptnm.
200 2049 243 2070 ea
263 2037 448 2071 occasione
473 2038 615 2083 Cyprus
640 2037 845 2082 metropolis
870 2039 965 2072 facta
991 2043 1057 2081 est,
1079 2044 1119 2071 ut
1139 2037 1206 2070 iam
1222 2048 1290 2070 non
1307 2038 1453 2082 amplius
1477 2041 1543 2074 sub

58 2082 257 2118 Antiochea
283 2091 501 2128 censeretur,
526 2084 586 2118 sed
613 2083 677 2117 soli
703 2084 807 2128 Cpoli
830 2085 1007 2118 subesset.
1056 2083 1093 2117 id
1116 2082 1335 2127 evangelium
1360 2084 1458 2119 Zeno
1481 2097 1542 2120 re-

58 2129 181 2176 posuit
202 2129 239 2164 in
258 2130 403 2175 palatio,
426 2130 463 2164 in
488 2131 576 2164 aede
601 2130 641 2164 S.
660 2129 834 2174 Stephani
858 2130 894 2163 in
915 2129 1079 2175 Daphna.

150 2177 252 2211 Anno
279 2177 484 2211 duodecimo
508 2175 613 2210 Felix
643 2175 792 2210 concilio
825 2175 861 2210 in
886 2176 972 2210 aede
998 2174 1095 2210 Petri
1119 2179 1156 2209 et
1178 2174 1281 2209 Pauli
1303 2175 1542 2220 apostolorum

58 2221 180 2258 habito
212 2224 300 2258 duos
334 2224 520 2269 episcopos
545 2229 581 2257 et
604 2230 844 2256 exsecutorem
872 2222 999 2267 Cpolin
1025 2221 1150 2265 mittit,
1186 2221 1363 2255 Zenonem
1388 2228 1424 2257 et
1446 2224 1540 2258 Aca-

58 2269 150 2304 cium
184 2282 250 2316 per
282 2269 406 2305 literas
439 2270 566 2304 iubens
590 2269 777 2315 Mongum,
811 2276 936 2314 utpote
964 2268 1180 2303 haereticum
1209 2268 1434 2303 Alexandrea
1463 2269 1542 2304 exi-

83 2328 158 2352 ere.

57 2328 82 2362 g
150 2363 253 2399 Anno
282 2364 324 2400 13
347 2363 504 2399 Zenonis
536 2366 573 2396 et
595 2361 716 2397 Aeacii
746 2362 845 2396 iussu
868 2360 1016 2396 Romani
1049 2360 1158 2406 legati
1180 2360 1301 2406 Abydi
1332 2366 1415 2396 sunt
1445 2374 1542 2396 com-

57 2409 250 2455 prehensi,
281 2411 407 2446 literae
437 2411 682 2454 interceptae,
713 2407 785 2454 ipsi
814 2408 851 2442 in
884 2408 1077 2442 custodiam
1106 2408 1200 2450 dati3
1235 2407 1458 2453 minatusque
1488 2408 1542 2444 eis

57 2456 158 2491 Zeno
183 2464 329 2492 mortem
356 2464 422 2501 est,
446 2456 514 2491 nisi
539 2467 616 2489 cum
638 2455 771 2501 Mongo
796 2460 833 2489 et
855 2454 984 2488 Acacio
1009 2454 1282 2488 communionem
1301 2453 1446 2490 inirent.

149 2504 253 2539 Anno
279 2506 322 2539 15
346 2504 467 2538 Aeacii
494 2513 599 2536 suasu
624 2502 723 2536 Zeno
748 2500 937 2536 orientales
966 2501 1152 2546 episcopos
1177 2501 1295 2545 coegit
1317 2501 1542 2536 subscribere

59 2548 240 2585 Henotico
267 2550 321 2595 (id
345 2551 533 2597 scriptum,
561 2548 613 2582 sic
637 2560 659 2582 a
682 2548 872 2582 concordia
895 2547 1110 2582 instituenda
1133 2547 1285 2592 dictum,
1320 2547 1471 2582 Aeacius
1497 2559 1544 2582 ex

57 2595 164 2630 animi
187 2597 243 2632 sui
266 2598 444 2632 sententia
465 2595 691 2638 condiderat)
716 2602 753 2629 et
775 2593 1029 2628 communicare
1053 2606 1130 2628 cum
1151 2593 1261 2628 Petro
1283 2593 1429 2639 Mongo.
1475 2606 1543 2640 pe-

58 2643 165 2677 cunia
186 2655 327 2689 quoque
352 2645 434 2678 data
459 2643 570 2677 Roma
597 2640 722 2675 missos
745 2641 883 2685 legatos
908 2652 951 2674 eo
982 2640 1147 2686 perduxit
1171 2646 1210 2674 ut
1235 2647 1359 2674 contra
1379 2641 1544 2675 mandate

57 2701 121 2723 sua
144 2701 221 2724 cum
243 2690 375 2725 Acacio
398 2688 706 2724 communicarent.
753 2687 857 2722 Felix
880 2686 940 2720 ubi
970 2698 1042 2720 rem
1068 2685 1258 2732 comperit,
1284 2685 1330 2720 iis
1354 2698 1452 2721 suam
1475 2687 1541 2722 ad-

58 2736 143 2770 emit
165 2737 391 2782 dignitatem‚
424 2737 589 2771 Acacium
622 2745 763 2779 quoque
797 2745 862 2779 per
894 2733 1017 2768 literas
1052 2734 1096 2768 ad
1129 2745 1206 2768 eum
1238 2731 1390 2778 scriptas
1416 2733 1541 2768 ordine

57 2782 245 2863 deiicliens.
292 2795 380 2829 quas
413 2788 578 2829 acceptas
605 2781 757 2816 Aeacius
779 2792 847 2826 pro
870 2779 980 2814 nihilo
1003 2780 1148 2825 habuit,
1183 2776 1391 2825 Felicisque
1415 2791 1542 2814 nomen

57 2841 102 2864 ex
124 2841 144 2864 a
159 2830 204 2864 bo
225 2830 378 2866 sustulit.

147 2878 251 2912 Auno
278 2878 324 2913 16
340 2877 469 2912 Petrus
490 2875 550 2911 ille
572 2874 725 2920 Mongus
743 2873 987 2910 Alexandreae
1011 2872 1173 2919 moritur,
1201 2871 1306 2919 eique
1326 2871 1541 2908 Athanasius
