1742 3184
236 232 333 282 158
716 234 958 280 GEORGH
987 236 1232 281 CEDRENI

232 349 418 409 κυρίου.”
490 353 558 394 καὶ
587 351 731 407 Δαβὶδ
759 351 988 410 πρεσβύτης
1010 354 1077 395 καὶ
1101 350 1259 409 πλήρης
1278 349 1464 410 ἡμερῶν,
1499 354 1567 396 καὶ
1586 357 1710 408 βασι-

231 420 381 472 λεύσας
409 420 479 464 τὸν
507 421 596 464 υἱὸν
624 422 752 466 αὐτοῦ’
775 426 1027 477 ,ν-ολομῶντα
1047 420 1169 464 πάλιν
1191 420 1297 464 εἶπεν
1318 422 1430 481 αὐτῷ’
1448 420 1617 466 ἐνώπιον
1637 428 1710 466 τοῦ

232 495 339 535 λαοῦ
367 488 491 533 “mos
527 489 733 547 ’ἧτοίμασα
763 494 817 543 εἷς
846 490 954 534 οἶκον
977 497 1050 535 τοῦ
1078 496 1183 535 θεοῦ
1207 508 1289 546 μου
1315 493 1487 549 χρυσίον
1514 491 1708 551 ἀργύριον

110 573 140 609 Ρ
163 572 209 608 90
226 560 382 617 χαλκὸν
408 562 574 619 σίδηρον
596 564 663 604 καὶ
685 559 816 604 πάντα
841 563 960 603 λίθον
984 562 1118 617 τίμιον
1142 563 1208 604 καὶ
1234 563 1378 612 λίθόυς
1398 563 1560 617 τιμίους
1580 567 1710 605 πολυ-

229 635 355 682 τελεῖς
388 632 455 673 καὶ
485 632 703 682 ποικίλους.
772 633 839 674 καὶ
863 630 966 688 πρὸς
986 630 1145 682 τούτοις
1168 632 1339 686 δίδωμι,
1374 631 1488 682 ἐκτὸς
1516 626 1572 675 ὧν
1598 630 1742 688 &vol-5

229 717 346 757 μασα
370 703 424 751 εἷς
448 699 555 743 οἷκον
578 702 650 744 τὸν
668 700 801 757 ἅγιον,
834 702 1007 758 χρυσίου
1031 705 1105 744 τοῦ
1125 703 1167 752 ἐξ
1183 700 1328 759 Ὠφεὶρ
1353 700 1535 744 τάλαντα
1555 702 1712 759 τρισχί-

228 775 320 824 λια,
369 772 437 812 καὶ
475 768 752 826 ἑπτακισχίλια
782 769 962 814 τάλαντα
992 770 1187 829 ἀργυρίου
1220 772 1415 826 δοκίμου,
1450 775 1525 814 τοῦ
1556 774 1711 823 ἐξαλει-

229 845 391 900 φθῆναι
420 841 460 883 ἓν
494 840 632 892 αὐτοῖς
662 846 747 891 τοῖς
774 842 923 896 τοίχοις
948 845 1022 883 τοῦ
1049 840 1203 898 ἱεροῦ.”
1276 841 1314 884 οἳ
1345 841 1389 883 δὲ
1421 839 1614 899 ἄρχοντες
1630 847 1711 885 τῶν

229 911 329 954 υἱῶν
359 908 534 966 Ἰσραὴλ
569 910 726 953 ἔδωκαν
761 912 816 961 εἷς
847 910 899 952 τὰ
932 910 1030 967 ἔργα
1058 914 1130 954 τοῦ
1163 910 1275 952 οἴκου
1308 914 1381 953 τοῦ
1409 915 1514 954 θεοῦ
1535 912 1709 969 χρυσίου

230 979 412 1024 τάλαντα
433 978 712 1035 ἑπτακισχίλια
735 982 802 1022 καὶ
825 978 1019 1037 ἀργύριον
1040 982 1107 1022 καὶ
1130 982 1277 1036 λίθους
1294 982 1453 1035 τιμίους
1472 983 1539 1023 καὶ
1554 982 1742 1036 χαλκὸν1

231 1050 411 1108 ἄπειρον.
481 1051 550 1092 καὶ
586 1049 809 1106 εὐλογήσας
829 1050 898 1093 τὸν
923 1049 1023 1092 λαὸν
1045 1049 1066 1092 ὃ
1086 1050 1225 1104 Λαβὶὸ
1251 1052 1318 1092 καὶ
1341 1050 1583 1101 ἀποστείλας
1607 1050 1712 1094 εἶπεν

232 1115 357 1171 αὖθις
389 1123 446 1177 τῷ
474 1120 552 1178 υἱῷ
588 1120 715 1163 αὐτοῦ
743 1118 842 1163 ιζκαὶ
873 1124 966 1172 νῦν,
998 1123 1219 1175 Σολομῶν,
1256 1125 1389 1176 γνῶθι
1410 1120 1481 1162 τὸν
1506 1121 1607 1163 θεὸν
1630 1125 1712 1164 τῶν

230 1190 418 1247 πατέριον
448 1206 545 1242 σου,
577 1191 644 1232 καὶ
680 1188 899 1233 δούλευσον
936 1190 1049 1247 αὐτῷ
1085 1191 1126 1232 ἐν
1164 1192 1314 1250 καρδία
1345 1192 1475 1251 τελεία
1501 1192 1568 1232 καὶ
1594 1194 1713 1248 ψυχῇ

230 1259 438 1317 θελούσῃ,
475 1256 537 1302 ὅτι
565 1261 738 1318 καρδίας
768 1258 905 1310 πάσας
933 1257 1060 1312 ἐτάζει
1097 1250 1237 1317 κύριος
1274 1262 1341 1302 καὶ
1374 1265 1456 1302 πᾶν
1491 1258 1712 1315 ἐνθύμημα

178 1338 208 1376 Β
231 1328 427 1388 γινώσκει.
497 1331 564 1372 καὶ
598 1330 668 1373 ἐὰν
700 1327 874 1387 ζητήσῃς
911 1328 1059 1381 αὐτόν,
1103 1327 1372 1387 εὖρεθήσεταί
1401 1343 1492 1372 σοι·
1541 1331 1609 1372 καὶ
1640 1330 1742 1372 ἐὰν1

230 1401 483 1456 καταλείψῃς
519 1398 642 1442 αὐτόν
652 1432 665 1452 ,
699 1401 935 1455 καταλείψει
961 1416 1004 1442 σε
1029 1401 1085 1450 εἷς
1105 1399 1261 1447 τίλος.”
1333 1402 1402 1442 καὶ
1424 1399 1547 1442 ἔδωκε
1570 1400 1714 1454 Λαβὶό

228 1473 541 1527 Σολομῶντιπῷ
559 1470 637 1529 υἱῷ
661 1469 787 1530 αὐτοῦ
808 1469 853 1512 τὸ
877 1468 1138 1527 παράδειγμα
1158 1473 1233 1511 τοῦ
1254 1473 1354 1512 ναοῦ
1374 1469 1526 1520 παντὸς
1544 1471 1612 1512 καὶ
1632 1473 1713 1513 τῶν

226 1541 443 1598 Χερουβὶμ
470 1543 552 1581 τῶν
581 1540 961 1594 διαπεπετασμὲνων
989 1546 1079 1590 ταῖς
1103 1540 1267 1596 πτέρυξι
1289 1540 1357 1581 καὶ
1380 1537 1627 1591 σκιαζόντων
1648 1540 1713 1581 ἐπὶ

224 1614 299 1666 τῆς
330 1600 508 1663 κιβωτοῦ
541 1608 747 1664 διαθήκης
776 1610 932 1667 κυρίου.
1001 1606 1136 1651 πάντα
1170 1611 1212 1651 ἐν
1237 1613 1379 1667 γραφῇ
1403 1609 1541 1667 χειρὸς
1568 1610 1710 1667 κυρίου

226 1681 375 1722 δέδωκε
407 1679 552 1732 Λαβὶδ
584 1681 821 1732 Σολομιῦντι
848 1682 908 1736 τῷ
932 1678 1010 1736 υἱῷ
1037 1678 1186 1730 αὐτοῦ,
1223 1679 1348 1735 λέγων
1377 1676 1523 1734 αἴσχυε
1545 1681 1613 1722 καὶ
1636 1679 1742 1722 οἷν-2

225 1751 387 1808 ὃρίζου,
425 1746 486 1790 ὅτι
510 1746 650 1805 κύριος
673 1746 693 1790 ὃ
715 1747 817 1799 θεός
836 1766 918 1802 μου
940 1746 1043 1802 μετά
1067 1748 1187 1791 σου.”

364 1819 449 1861 Καὶ
467 1818 571 1872 μετὰ
588 1822 719 1861 ταῦτα
743 1816 971 1873 ἐτελεύτησε
994 1818 1137 1872 Δαβὶό
1158 1815 1320 1876 πλούτῳ
1338 1819 1407 1860 καὶ
1430 1816 1528 1876 δόξῃ
1551 1819 1618 1861 καὶ
1644 1818 1712 1861 εὗ-

328 1889 339 1905 Ι
404 1889 417 1903 5

223 1893 362 1948 σεβεια
398 1906 415 1930 ε

219 1957 245 1974 ‘C
307 1960 316 1975 N
351 1959 363 1974 Ἰ
399 1958 410 1974 Ι

250 1977 318 2002 και
345 1973 494 2015 εγενετο
524 1957 629 2012 μετὰ
657 1957 703 2000 τὸ
732 1957 956 2000 ἀποθανεῖν
980 1958 1051 2000 τὸν
1074 1957 1214 2000 Σαούλ
1224 1990 1237 2010 ,
1274 1959 1342 1999 καὶ
1366 1957 1552 2016 ἔρχονται
1576 1958 1615 2001 οἶ
1638 1957 1712 2000 ἄν·

420 1905 440 1930 ν
472 1886 586 1945 γήρει
618 1891 733 1945 καλῷ
760 1889 828 1930 καὶ
860 1886 1018 1944 πλήρης
1043 1886 1227 1945 ἡμερῶν,
1265 1889 1365 1930 &aasz
1388 1886 1437 1931 θ’.
1508 1890 1610 1947 φησὶ
1630 1887 1710 1946 γάρ

224 2064 357 2105 cient.’'
405 2070 484 2102 erat
506 2071 620 2102 autem
642 2066 802 2102 Davidus
824 2067 1007 2102 admodum
1029 2071 1201 2114 provecta
1219 2071 1338 2103 aetate
1357 2071 1394 2103 et
1411 2071 1510 2103 satur
1528 2079 1713 2104 annorum.

223 2127 373 2162 cumque
393 2115 501 2149 filium
526 2126 625 2150 suum
650 2114 873 2149 solomonem
906 2126 1017 2160 regno
1049 2115 1313 2160 inaugurasset‚
1350 2127 1473 2150 rursus
1501 2126 1618 2150 coram
1644 2127 1711 2162 po-

222 2163 306 2211 pulo
330 2163 383 2197 ita
407 2173 483 2196 eum
508 2166 564 2197 est
590 2161 775 2196 allocutus.
822 2157 930 2196 “ecce
953 2162 1079 2206 paravi
1108 2163 1152 2196 ad
1179 2166 1392 2197 structuram
1415 2161 1513 2197 aedis
1543 2162 1609 2196 deo
1634 2173 1712 2197 meo

222 2209 486 2246 consecrandae
525 2220 647 2243 aurum
691 2212 873 2254 argentum
914 2220 974 2242 aes
1019 2209 1150 2243 ferrum
1194 2208 1329 2255 lapides
1348 2236 1358 2254 ,
1411 2209 1522 2244 omnis
1567 2209 1712 2254 generis

222 2257 401 2305 pretiosas
430 2267 604 2301 gemmas:
639 2255 694 2289 his
725 2255 814 2289 addo
841 2254 918 2290 auri
943 2255 1093 2301 Ophirei
1122 2255 1255 2290 talenta
1278 2262 1335 2290 ter
1358 2255 1473 2300 mille,
1508 2268 1549 2290 ac
1575 2261 1712 2302 septem

222 2304 319 2340 milia
347 2302 557 2338 talentorum
582 2302 720 2348 argenti
741 2301 885 2347 probati
916 2302 959 2337 ad
990 2314 1108 2336 muros
1131 2303 1256 2348 templi
1277 2299 1563 2338 incrustandos.”
1610 2303 1711 2348 prin-

222 2351 321 2397 cipes
346 2354 463 2385 autem
486 2349 609 2395 populi
631 2348 792 2384 Israelici
815 2349 860 2383 ad
882 2347 974 2383 idern
1000 2361 1087 2394 opus
1116 2349 1315 2384 faciundum
1343 2349 1568 2384 contulerunt
1595 2349 1712 2384 talen-

221 2403 338 2433 torum
363 2397 441 2431 auri
464 2396 559 2432 milia
582 2397 625 2440 7,
650 2400 851 2441 argentum,
876 2395 1012 2441 lapides
1033 2395 1209 2441 pretiosos
1230 2402 1267 2431 et
1285 2397 1487 2432 immensam
1513 2396 1584 2431 vim
1603 2396 1712 2430 aeris.

220 2443 380 2480 Davidus
405 2455 481 2478 cum
508 2442 692 2489 populum,
727 2442 847 2477 felicia
871 2442 904 2476 ei
929 2442 1044 2477 omnia
1074 2443 1172 2488 prius
1203 2449 1469 2489 comprecatus,
1505 2443 1710 2487 dimisisset,

221 2501 342 2525 rursus
366 2490 417 2524 ita
438 2489 548 2524 filium
570 2501 669 2524 suum
693 2489 916 2535 compellavit
937 2485 1128 2535 “proinde‚
1156 2501 1176 2524 0
1200 2490 1385 2535 Solomon‚
1414 2490 1517 2525 deum
1541 2490 1712 2524 maiorum

219 2542 359 2571 tuorum
383 2548 556 2581 agnosce,
594 2548 742 2582 eumque
763 2541 840 2571 toto
874 2536 980 2570 corde
1006 2542 1112 2581 atque
1142 2537 1256 2571 animo
1284 2537 1427 2572 volente
1455 2536 1544 2570 cole.
1594 2536 1711 2571 omnia

221 2583 315 2617 enim
346 2585 453 2617 corda
479 2587 656 2618 scrutatur
682 2584 788 2628 deus,
827 2594 1017 2627 omnesque
1050 2583 1284 2628 cogitationes
1313 2583 1427 2619 videt.
1493 2583 1525 2617 si
1557 2593 1709 2628 quaeras

217 2640 320 2672 eum,
343 2629 524 2664 invenies:
560 2629 591 2664 si
614 2629 856 2675 derelinquam,
883 2641 1027 2675 prorsus
1053 2631 1223 2665 destituet
1247 2627 1323 2666 te.''
1371 2629 1470 2664 dedit
1493 2635 1609 2664 autem
1633 2630 1709 2663 Da-

217 2674 322 2709 vidus
354 2675 534 2710 Solomoni
562 2676 636 2711 filio
671 2688 735 2712 suo
773 2675 951 2722 exemplar
975 2676 1087 2711 totius
1114 2676 1237 2723 templi
1270 2682 1306 2712 et
1331 2675 1625 2711 Cherubimorum
1648 2675 1710 2721 qui

219 2721 337 2767 passis
362 2722 425 2756 alis
449 2734 562 2757 arcam
585 2722 742 2758 foederis
767 2723 881 2757 divini
905 2724 1125 2758 obumbrant.
1175 2735 1267 2769 quae
1288 2724 1405 2758 omnia
1433 2734 1537 2757 manu
1560 2723 1619 2757 dei
1643 2724 1708 2757 de-

220 2767 318 2814 picta
340 2767 498 2803 Davidus
520 2769 593 2804 filio
618 2771 814 2815 praebens,
841 2770 999 2804 hortatus
1025 2775 1081 2804 est
1106 2774 1145 2804 ut
1171 2770 1351 2816 praesidio
1375 2770 1454 2814 dei,
1478 2781 1583 2816 quem
1605 2774 1710 2815 pater

220 2813 406 2858 coluisset,
432 2816 563 2859 fretus,
588 2816 702 2852 virum
725 2828 764 2851 se
788 2817 979 2863 praeberet
1001 2828 1042 2851 ac
1064 2817 1211 2852 fortiter
1232 2829 1306 2852 rem
1331 2821 1487 2862 gereret.

314 2859 382 2894 His
407 2860 494 2895 actis
517 2862 678 2897 Davidus
703 2863 848 2908 grandis
874 2869 977 2907 natu,
1012 2863 1149 2908 pietate
1179 2864 1306 2910 opibus
1341 2869 1378 2898 et
1408 2863 1522 2908 gloria
1543 2861 1709 2907 insignis,

222 2906 327 2941 finem
351 2907 453 2941 huius
479 2907 573 2942 vitae
594 2909 699 2954 fecit,
726 2915 824 2944 satur
842 2921 1030 2953 annorum,
1054 2910 1362 2956 septuagenarius.
1411 2910 1463 2945 ita
1488 2910 1580 2944 enim
1601 2909 1711 2943 habet

222 2963 326 2988 sacra
347 2953 524 3000 scriptura
545 2950 704 2992 “mortuo
728 2956 836 2993 Saule
863 2956 989 2994 Iudaei
1010 2956 1232 2993 Chebronem
1252 2962 1447 3003 venerunt,
1473 2969 1515 2993 ac
1532 2955 1709 2992 Davidum
