1742 3184
210 182 312 233 478
690 186 931 233 GEORGII
964 185 1211 232 GEDRENI

204 297 346 360 χάριτι
373 303 480 346 θεοῦ
508 299 711 345 πέπαυται
731 298 922 359 διωγμός.
990 300 1054 346 ἐπὶ
1076 297 1224 347 τοῦτου
1242 304 1319 345 τοῦ
1338 301 1533 348 Λικινίου
1554 301 1685 364 ἓμαρ-
1738 324 1741 327 ·

209 370 382 431 τύρησεν
405 370 426 414 ὅ
453 368 567 428 ἅγιος
589 370 819 428 Θεόδωρος.

347 444 424 500 Τῷ
452 438 505 483 ιδ’
537 440 614 483 ε’τει
643 436 908 497 μονοκράτωρ
937 435 960 481 ὃ
987 438 1118 495 μέγας
1134 441 1445 492 Κωνσταντῒνος
1458 438 1593 496 πάσης
1608 444 1683 496 τῆς

151 518 185 555 D
202 507 415 564 Ῥωμαίων
435 514 511 566 γῆς
527 508 738 566 γενόμενος
757 513 893 551 πᾶσαν
915 507 1042 551 αὐτοῦ
1063 508 1137 564 τὴν
1156 508 1311 552 ἔννοιαν
1329 512 1385 562 εἷς
1403 511 1524 561 θειάς
1552 527 1682 568 φρον-

202 581 321 630 τίδας
335 577 570 635 μετήγαγεν,
593 579 806 633 ἐκκλησίας
823 577 1036 634 άνεγείρων
1058 581 1124 621 καὶ
1143 581 1366 637 φιλοτίμως
1382 577 1536 630 ταύτας
1552 583 1681 622 πλου-
1693 587 1716 623 5

201 650 334 701 τίζων.
402 646 551 705 γράφει
584 648 629 689 δὲ
657 638 726 689 παὶ
755 651 918 705 πρῶτον
949 646 1096 701 νόμον,
1132 647 1230 699 τοὺς
1252 653 1334 692 τῶν
1357 647 1535 691 εἰδώλων
1557 648 1683 698 ναοὺς

204 716 483 760 ἀποδίδοσθαι
504 723 588 767 τοῖς
608 720 667 774 τῷ
686 718 858 775 Χριστῷ
880 715 1173 774 ἀφιερωμένοις
1193 724 1326 769 ναοῖς,
1362 715 1549 774 δεύτερον
1568 719 1682 774 Χρι-

202 786 393 836 στιανούς
417 784 570 840 μόνους
594 784 893 843 στρατεύεσθαι
916 785 1049 828 ἐθνῶν
1068 803 1110 829 τε
1132 788 1199 829 καὶ
1220 788 1507 844 στρατοπέδων
1526 785 1680 843 ἄρχειν,

201 856 299 906 τοὺς
336 856 380 897 δὲ
416 855 678 910 ἐπιμένοντας
708 860 757 912 τῇ
792 856 1103 916 εἷδωλολατρείᾳ
1134 859 1364 913 κεφαλικῶς
1394 859 1680 914 τιμωρεῖσθαι,

200 926 337 981 τρίτον
365 923 440 975 τὰς
471 926 700 980 πασχαλίας
729 923 802 966 δύο
836 922 1074 978 ἑβδομάδας
1104 923 1339 981 ἀπράκτους
1364 928 1513 975 τελεῖν,
1542 923 1616 979 τήν
1636 941 1678 967 τε
1693 931 1738 968 10

201 992 281 1050 πρὸ
305 998 378 1036 τοῦ
402 991 542 1048 πάσχα
566 996 632 1036 καὶ
654 994 727 1048 τὴν
747 993 840 1048 μετ’
865 991 1007 1048 αὐτήν.
1075 992 1128 1036 τὰ
1151 995 1197 1036 δὲ
1218 999 1299 1036 τῶν
1319 997 1460 1048 πηχῶν
1482 997 1556 1047 τῆς
1578 993 1682 1036 ἀνα-

200 1060 363 1117 βάσεως
396 1067 470 1106 τοῦ
500 1064 651 1105 Νείλου
683 1065 725 1105 ἓν
759 1067 812 1119 τῇ
838 1063 1032 1122 ἐκκλησίᾳ
1064 1062 1359 1118 ἐνομοθέτησεν
1382 1062 1680 1120 ἀναφέρεσθαι,

203 1133 270 1174 καὶ
303 1132 376 1175 οὐκ
407 1132 449 1174 ἓν
477 1136 534 1190 τῷ
562 1130 791 1188 Σαράπιδι,
828 1129 884 1182 ὡς
906 1131 1061 1173 εἴθιστο
1083 1131 1386 1187 τοῖς“Ὲλλησιν.
1455 1130 1561 1173 ἀλλὰ
1591 1132 1682 1175 δέον

202 1202 286 1244 ε’στὶ
307 1202 398 1258 περὶ
419 1205 491 1256 τῆς
508 1204 582 1243 τοῦ
600 1198 716 1257 ἁγίου
732 1201 983 1257 Σιλβέστρου
1002 1201 1217 1251 διαλέξεως
1235 1200 1350 1256 ὀλίγα
1367 1200 1458 1243 τινὰ
1479 1202 1614 1242 εἰπεῖν.

57 1281 88 1318 Ρ
109 1282 179 1321 273
340 1274 416 1328 Τῷ
448 1268 484 1312 δ’
518 1269 597 1312 ε’τει
625 1274 699 1324 τῆς
723 1270 936 1323 βασιλείας
966 1273 1041 1311 τοῦ
1073 1267 1363 1324 εὐσεβεστάτου
1397 1271 1464 1312 καὶ
1497 1267 1678 1325 μεγάλου
1693 1275 1737 1313 15

203 1339 516 1393 Κωνσταντίνου
533 1337 709 1389 διάλεξις
726 1339 883 1394 γέγονεν
900 1338 941 1380 ἐν
950 1337 1087 1395 Ῥώμῃ
1104 1340 1367 1395 Χριστιανῶν
1382 1340 1449 1381 καὶ
1459 1338 1683 1381 Ἰουδαίων.

201 1410 270 1452 καὶ
291 1412 372 1451 τῶν
389 1408 465 1462 μὲν
482 1410 745 1464 Χριστιανῶν
765 1406 786 1449 ὃ
806 1408 934 1463 μέγας
952 1406 1084 1463 ἡγεῖτο
1107 1409 1353 1464 Σίλβεστρος
1370 1404 1510 1459 πάπας
1531 1405 1588 1450 ὢν
1606 1411 1683 1463 τῆς

193 1477 376 1533 Ῥώμης,
404 1477 624 1519 Ἰουδαίων
645 1477 689 1519 δὲ
707 1476 782 1519 σὺν
803 1476 942 1527 ἄλλοις
963 1478 1164 1527 πλείστοις
1185 1478 1446 1532 νομομαθέσι
1468 1478 1535 1518 καὶ
1557 1479 1682 1530 Ζαμ-

195 1551 303 1604 βρῆς
332 1546 354 1589 ὅ
385 1545 519 1602 μάγος
528 1578 541 1598 ,
571 1544 763 1604 Ἑβραῖος
793 1547 861 1588 καὶ
895 1544 1013 1602 γόης,
1048 1546 1090 1587 ἓν
1119 1540 1152 1603 ᾧ
1178 1550 1316 1588 πᾶσαν
1339 1546 1414 1601 τὴν
1434 1546 1681 1600 πεποίθησιν

198 1614 305 1671 εἶχον
334 1615 373 1657 οἳ
398 1618 614 1658 Ἰουδαῖοι.
683 1615 845 1671 λέγουσι
865 1616 1001 1657 τοίνυν
1012 1613 1212 1657 Ἰουδαῖοι
1235 1613 1489 1666 “ἓκλέξασθε
1519 1612 1738 1660 δώδεκαΞΟ

195 1681 499 1742 Χριστιανούς,
547 1686 689 1733 οἵτινες
722 1683 932 1740 ὀφείλουσι
965 1685 1329 1739 δικαιολογηθῆναι
1360 1682 1507 1739 ἧμῖν.”
1580 1681 1601 1725 ὅ
1637 1684 1682 1726 δὲ

196 1752 312 1810 ἅγιος
330 1755 579 1810 Σίλβεστρος
600 1751 678 1809 ἔφη
701 1750 850 1807 “ἦμεῖς
869 1753 927 1803 εἷς
944 1751 1018 1807 τὴν
1038 1756 1113 1795 τοῦ
1133 1756 1237 1795 θεοῦ
1256 1752 1428 1807 δύναμιν
1446 1751 1682 1809 ἀφορῶμεν.

200 1821 258 1874 εἷς
278 1821 359 1880 γάρ
381 1822 489 1864 ἔστιν
509 1815 543 1882 ᾧ
565 1821 731 1877 λέγομεν
753 1819 931 1865 ιἀνάστα
953 1819 975 1863 ὃ
997 1819 1119 1873 θεός,
1149 1823 1318 1865 δίκασον
1339 1822 1414 1878 τὴν
1434 1823 1549 1876 δίκην
1569 1821 1679 1866 cmv?

197 1995 301 2052 finita
330 1999 400 2032 est.
446 1996 521 2032 'sub
552 1994 622 2031 hoc
649 1994 789 2032 Licinio
818 1996 858 2032 b.
887 1994 1101 2031 Theodorus
1131 1998 1268 2040 martyr
1301 2005 1426 2041 passus
1457 1999 1514 2032 est
1545 1997 1683 2044 suppli-

198 2054 306 2078 cium.

294 2088 397 2123 Anno
413 2087 548 2123 decimo
565 2091 692 2134 quarto
709 2087 975 2132 Constantinus,
1003 2099 1080 2122 cum
1104 2088 1148 2123 ad
1170 2086 1286 2134 ipsum
1309 2097 1414 2122 unum
1434 2087 1546 2123 omnis
1568 2087 1681 2134 impe-

199 2134 247 2171 rii
269 2140 427 2180 potestas
450 2136 666 2179 devenisset,
692 2147 810 2170 omnes
834 2146 917 2170 suas
943 2134 1177 2180 cogitationes
1202 2134 1246 2168 ad
1269 2145 1390 2168 sacras
1412 2145 1471 2168 res
1494 2136 1685 2180 convertit,

199 2181 331 2227 templa
353 2182 541 2227 exstruxit,
563 2194 606 2217 ac
629 2182 814 2227 magnifice
837 2181 977 2216 ditavit.
1025 2181 1107 2215 tulit
1125 2180 1230 2216 etiam
1250 2180 1362 2225 leges.
1410 2180 1524 2226 prima
1545 2181 1625 2225 fuit,
1645 2187 1686 2217 ut

197 2229 285 2263 fana
316 2227 513 2263 simulacris
548 2234 754 2263 consecrata
789 2227 931 2262 Christo
958 2227 1131 2262 dedicatis
1155 2226 1296 2272 templis
1315 2225 1576 2261 addicerentur.
1623 2239 1683 2262 se-

198 2275 352 2309 cundat.
370 2273 437 2308 soli
459 2274 656 2309 Christiani
686 2274 857 2319 militent,
891 2273 1165 2319 nationibusque
1198 2279 1235 2308 et
1257 2272 1471 2307 exercitibus
1494 2273 1683 2319 imperent.

198 2319 261 2366 qui
283 2321 321 2355 in
343 2320 439 2355 cultu
460 2322 629 2357 falsorum
653 2322 796 2356 deorum
821 2326 1051 2367 perseverat,
1083 2320 1200 2365 capite
1222 2318 1412 2365 plectatur.
1459 2319 1587 2354 tertia:
1617 2331 1685 2365 per

196 2367 285 2402 duas
309 2367 535 2412 septimanas,
560 2379 706 2413 quarum
729 2366 841 2401 altera
859 2367 1049 2410 antecedit,
1074 2366 1185 2401 altera
1209 2364 1370 2410 sequitur
1393 2365 1544 2411 pascha,
1569 2365 1684 2401 feriae

195 2418 314 2448 sunto.
363 2425 558 2449 mensuram
608 2425 724 2460 uoque
746 2412 940 2448 cubitorum
962 2412 1204 2448 adscensionis
1225 2410 1311 2456 Nili,
1336 2410 1440 2446 iussit
1460 2411 1497 2445 in
1515 2411 1684 2458 templum

194 2459 344 2504 referri,
376 2471 446 2494 non
470 2461 528 2504 (ut
549 2426 713 2495 sotlebant
735 2459 868 2494 Graeci
892 2460 1029 2504 facere)
1051 2459 1089 2494 in
1112 2459 1196 2493 fano
1220 2456 1420 2502 Serapidis.
1468 2469 1592 2493 verum
1616 2458 1684 2493 hoc

195 2505 273 2540 loco
292 2510 436 2552 oportet
453 2518 565 2554 pauca
585 2507 755 2552 quaedam
779 2506 824 2541 de
846 2505 886 2543 S.
913 2505 1081 2541 Silvestri
1105 2503 1278 2550 colloquio
1301 2503 1473 2538 inserere.

290 2552 412 2588 Annus
444 2558 522 2589 erat
555 2558 703 2599 quartus
738 2552 880 2598 imperii
911 2551 1136 2587 Constantini
1161 2549 1297 2595 magni,
1333 2561 1409 2584 cum
1430 2550 1566 2586 Romae
1589 2550 1684 2585 inter

196 2596 421 2633 Christianos
452 2605 490 2634 et
519 2599 671 2635 Iudaeos
702 2598 912 2643 colloquium
943 2599 1023 2634 fuit.
1073 2596 1355 2632 Christianorum
1385 2607 1526 2632 causam
1553 2598 1683 2643 agebat

196 2643 371 2678 Silvester
393 2644 452 2680 ille
476 2656 643 2691 magnus,
675 2657 768 2692 papa
789 2645 988 2690 Romanus,
1021 2645 1253 2687 Iudaeorum,
1287 2642 1382 2676 inter
1402 2643 1569 2688 plurimos
1594 2644 1683 2678 alios

196 2688 287 2733 legis
311 2690 445 2734 peritos
464 2692 633 2728 Zambres
655 2703 730 2727 rem
753 2692 917 2726 tuebatur
937 2702 1071 2736 magus,
1094 2691 1259 2725 Ebraeus
1281 2687 1464 2734 impostor,
1481 2690 1518 2724 in
1534 2701 1603 2735 quo
1620 2690 1681 2724 Iu-

198 2734 280 2769 daei
299 2747 433 2771 omnem
449 2750 546 2783 spem
563 2750 660 2773 suam
676 2742 924 2784 reposuerant.
946 2737 1088 2773 Iudaei:
1108 2736 1230 2781 eligite
1253 2734 1436 2769 duodecim
1446 2735 1683 2780 Christianos,

198 2791 289 2826 quos
319 2783 413 2826 apud
442 2795 505 2818 nos
539 2790 681 2831 oportet
709 2795 849 2819 causam
880 2784 1013 2818 dicere.
1062 2782 1256 2818 silvester-2
1282 2792 1345 2815 nos
1370 2782 1416 2815 de
1438 2782 1600 2827 potentia
1623 2782 1683 2817 dei

200 2826 406 2872 pendemus.
462 2840 551 2865 unus
590 2831 682 2866 enim
719 2835 797 2875 est,
836 2841 939 2876 quem
977 2829 1031 2864 sic
1072 2827 1330 2875 compellamus.
1385 2824 1539 2874 “surge,
1580 2828 1682 2872 deus,

201 2877 240 2910 et
261 2883 403 2911 causam
425 2877 519 2913 tuam
542 2874 701 2915 assere.”
746 2882 879 2924 quanto
911 2874 1003 2914 enim
1035 2875 1147 2923 magis
1170 2873 1271 2911 uobis
1298 2873 1440 2911 humani
1471 2874 1594 2912 auxilii
1616 2875 1681 2911 de-
