1742 3184
174 142 278 192 782
591 142 598 146 ’
659 141 904 190 GEORGII
934 142 1187 190 CEDRENI

170 259 250 316 τὴν
276 262 359 303 τῶν
385 254 640 318 Βουλγάρων
658 255 876 315 ἐπιμονήν,
911 257 1010 311 τοὺς
1023 259 1179 312 *ἵππους
1200 257 1329 306 αὗτοῦ
1346 257 1663 320 νευροκοπῆσας,

173 329 245 373 διὰ
270 333 346 386 τῆς
373 329 518 380 νυκτὸς
544 335 632 381 τοῖς
660 330 818 381 πλοίοις
838 329 986 384 ἐπιβὰς
1005 331 1222 388 λαθραίως
1237 329 1363 389 ἔφυγε
1380 333 1449 375 καὶ
1471 332 1568 387 μετ’
1594 336 1662 376 αι’-

173 397 326 456 σχύνης
343 399 386 442 ἓν
405 404 455 458 τῇ
475 397 588 443 πόλει
608 399 862 457 παρεγένετο.
926 390 1213 452 Ἰουστινιανὸς
1233 401 1279 444 δὲ
1300 401 1566 457 ἐπιμνησθεὶς
1585 402 1661 458 τὴν

171 469 269 513 κατ’
295 469 424 513 αὐτοῦ
442 474 524 513 τῶν
537 471 811 526 Χερσωνιτῶν
831 470 900 512 καὶ
916 472 1215 529 Βοσποριανῶν
1235 472 1303 514 καὶ
1322 474 1475 515 λοιπῶν
1491 472 1662 527 ἔπιβου-
1710 473 1718 478 ”

171 537 272 596 λήν,
305 544 445 583 πᾶσαν
471 543 572 582 ναῦν
599 538 680 581 ἀπὸ
701 543 850 597 μικροῦ
872 539 949 591 ἕως
966 538 1148 597 μεγάλης
1165 539 1396 595 ἀπέστειλε,
1423 540 1693 600 προστάξαςό

169 609 328 662 πάντας
354 609 451 660 τοὺς
476 610 688 659 οἰκοῦντας
719 609 762 652 ἐν
796 609 962 662 ἐκείνοις
989 616 1076 662 τοῖς
1108 608 1249 662 τόποις
1277 612 1384 670 ξίφει
1408 610 1660 669 ὄλοθρεῦσαι

23 687 55 724 Ρ
78 688 149 726 447
172 682 241 725 καὶ
282 680 438 735 μηδένα
474 679 723 734 ζωογονίσαι.
793 678 832 723 οἱ
862 680 907 723 δὲ
936 679 1195 738 πεμφθέντες
1223 679 1548 736 καταλαβόντες,
1591 683 1661 725 καὶ

165 750 341 808 μηδενὸς
372 747 511 798 αὐτοῖς
544 747 826 802 ἀντιστάντος,
859 747 1016 802 πάντας
1044 754 1102 810 τῷ
1130 750 1238 807 ξίφει
1265 749 1448 804 ἀνεῖλον,
1483 755 1566 795 τῶν
1586 770 1660 807 μι-

166 824 275 878 κρῶν
298 819 452 874 νηπίων
472 816 600 873 μόνον
617 815 859 876 φεισάμενοι
882 817 939 871 ὡς
960 818 1066 878 πρὸς
1086 820 1276 863 δουλείαν
1298 822 1660 878 περιποιηθέντων.

167 891 236 934 καὶ
270 888 367 939 τοὺς
399 888 475 943 μὲν
509 886 792 946 πρωτεύοντας
821 891 1048 947 Χερσῶνος
1067 887 1140 946 μβ
1162 888 1285 941 ὄντας
1302 893 1536 948 φαμιλικῶς
1555 891 1660 950 πρὸς
1673 898 1717 935 10

166 959 242 1003 τὸν
273 958 450 1014 βασιλέα
481 959 765 1010 ἐξαπέστειλαν
774 991 789 1013 ,
837 957 1001 1017 ἑτέρους
1039 960 1084 1003 δὲ
1118 957 1220 1003 ἔπτὰ
1253 960 1432 1012 ξυλιῆιαις
1463 959 1661 1014 σούβλαις

168 1026 580 1087 προσαναρτήσαντες
615 1029 679 1071 ἐπὶ
713 1028 844 1087 πυρὸς
871 1028 1087 1086 ὤπτησαν,
1122 1031 1190 1073 καὶ
1216 1028 1369 1081 ἄλλους
1388 1034 1438 1088 τῇ
1461 1028 1660 1087 θαλάσσῃ

168 1098 462 1157 ἔναπέρριψαν.
530 1098 684 1154 μαθὼν
709 1099 754 1142 δὲ
778 1103 909 1143 ταῦτα
934 1099 1221 1151 Ἰουστινιανὸς
1247 1100 1313 1148 ἐπὶ
1333 1103 1387 1157 τῇ
1407 1104 1490 1142 τῶν
1506 1100 1661 1155 νηπίων

168 1169 351 1230 σωτηρίᾳ
380 1166 523 1224 ἐμάνη.
591 1173 666 1212 τοῦ
699 1170 744 1212 δὲ
773 1167 924 1213 στόλου
954 1170 1059 1228 πρὸς
1082 1170 1156 1225 τὴν
1177 1168 1296 1212 πόλιν
1318 1168 1591 1221 ἀναπλέοντος
1611 1168 1658 1214 τὸ

167 1243 311 1282 πλοῖον
329 1236 615 1282 ἐκινδύνευσεν.
671 1238 978 1297 ἠριθμήθησαν
996 1240 1043 1283 δὲ
1064 1239 1103 1283 οἳ
1125 1236 1428 1292 ἀποθανόντες,
1458 1241 1526 1282 καὶ
1546 1237 1659 1298 εὖρέ-
1672 1242 1716 1278 15

165 1313 307 1372 θησαν
319 1307 503 1365 χιλιάδες
519 1307 594 1366 ογ’.
663 1313 738 1353 τοῦ
758 1310 802 1352 δὲ
816 1309 1104 1354 Ἰουστινιανοῦ
1121 1314 1279 1366 μᾶλλον
1297 1310 1363 1353 ἐπὶ
1379 1307 1512 1368 τούτῳ
1525 1326 1659 1368 χαρο-

114 1387 145 1422 Β
170 1380 434 1435 ποιηθέντος,
469 1377 592 1422 πάλιν
615 1378 750 1437 ἕτερον
772 1380 963 1436 ἐκπέμπει
982 1378 1155 1433 στόλον,
1192 1380 1388 1438 ἀροτριᾶν
1407 1377 1572 1422 ἅπαντα
1592 1380 1660 1422 καὶ

165 1451 395 1508 ἓκδαφίζειν
413 1447 620 1501 κελεύσας,
646 1451 715 1492 καὶ
737 1449 1014 1509 κατασφάξειν
1034 1449 1220 1501 ἅπαντας
1240 1450 1316 1501 ἕως
1335 1449 1537 1508 οὗροῦντα
1555 1449 1661 1507 πρὸς

166 1527 317 1576 τοῖχον.
384 1523 516 1563 ταῦτα
537 1516 786 1571 ἀκούσαντες
805 1519 843 1562 οἷ
861 1524 942 1563 τῶν
959 1517 1149 1576 κάστρων
1163 1520 1324 1563 ἐκείνων
1343 1517 1515 1570 ἑαυτοὺς
1531 1537 1660 1575 κατη-

166 1591 447 1648 σφαλίσαντο,
493 1591 562 1631 καὶ
599 1589 703 1647 πρὸς
734 1587 918 1646 χαγάνον
949 1592 1007 1642 εἷς
1033 1590 1253 1648 Χαζαριάν
1280 1588 1472 1645 ἔπεμψαν
1500 1593 1716 1632 στεῖλαιὲθ

165 1659 266 1702 λαὸν
294 1661 351 1710 εἷς
379 1658 568 1718 φυλακὴν
599 1659 749 1702 αὐτῶν.
818 1657 1140 1715 καταλαβόντων
1159 1660 1205 1704 δὲ
1226 1663 1309 1702 τῶν
1328 1663 1402 1703 τοῦ
1419 1659 1660 1703 Ἰουστινια-

163 1734 237 1772 νοῦ
268 1730 410 1772 ε’κεῖνοι
438 1729 513 1779 τὰς
540 1729 615 1783 μὲν
639 1728 823 1786 κεφαλὰς
845 1730 981 1773 αὐτῶν
1004 1728 1281 1788 κρατήσαντες
1301 1727 1460 1772 ἔσωθεν
1479 1732 1562 1770 τῶν
1580 1726 1659 1770 κά-

164 1815 300 1858 στρων
331 1798 568 1842 ἀπέκτειναν
590 1798 630 1842 οἱ
650 1800 934 1857 Χερσωνῖται,
967 1799 1040 1844 τὸν
1062 1799 1106 1844 δὲ
1127 1798 1270 1842 λοιπὸν
1292 1796 1395 1841 λαὸν
1419 1796 1555 1841 αὐτῶν
1572 1804 1660 1849 τοῖς

259 1943 304 1980 18
326 1938 518 1988 ἐδαφίζειν
539 1940 685 1978 rectius.
709 1952 830 1989 margo
853 1941 884 1977 P

163 2069 313 2115 videns,
349 2081 518 2116 equorum
539 2081 682 2105 suorum
703 2069 825 2105 nervis
848 2068 993 2115 incisis,
1027 2069 1135 2104 noctu
1158 2066 1303 2114 navigia
1327 2067 1555 2115 conscendit,
1577 2069 1658 2105 fur—

164 2118 300 2162 timque
333 2116 473 2163 elapsus
507 2128 584 2151 cum
619 2118 794 2152 dedecore
820 2117 960 2152 domum
985 2116 1108 2151 rediit.
1165 2116 1355 2151 secundum
1379 2116 1467 2152 haec
1489 2117 1658 2152 memoria

166 2164 328 2200 recolens
349 2163 498 2198 insidias
522 2164 591 2198 sibi
615 2176 635 2199 a
661 2163 967 2201 Chersonensibus
991 2161 1208 2209 Bosporanis
1233 2161 1383 2207 aliisque
1399 2168 1567 2208 paratas,
1590 2164 1655 2198 ad-

165 2222 307 2246 versum
331 2222 394 2246 eos
416 2222 526 2245 naves
553 2222 633 2246 suas
657 2223 678 2246 a
702 2210 844 2246 minima
869 2211 915 2245 ad
937 2210 1120 2245 maximam
1143 2221 1263 2244 omnes
1285 2209 1401 2255 misit,
1428 2210 1592 2245 mandato
1615 2213 1657 2245 nt

165 2259 368 2304 quicunque
390 2269 434 2292 ea
451 2257 529 2292 loca
550 2257 770 2302 habitarent,
793 2257 953 2292 universi
968 2256 1092 2303 gladio
1114 2257 1398 2301 trucidarentur,
1422 2268 1539 2302 neque
1556 2257 1656 2292 vitae

164 2304 371 2351 cuiusquam
401 2309 622 2350 parceretur.
667 2304 765 2340 missi
800 2317 843 2340 eo
875 2305 943 2339 hoc
978 2305 1226 2350 perfecerunt,
1261 2303 1405 2339 *nemine
1437 2303 1528 2350 ipsis
1560 2303 1656 2339 resi-

164 2356 301 2387 stente:
335 2350 445 2386 solum
469 2351 655 2387 infantium
678 2352 787 2387 caede
810 2351 1074 2396 abstinuerunt,
1102 2350 1237 2397 quippe
1255 2349 1297 2385 in
1314 2350 1531 2386 servitutem
1555 2362 1656 2386 man-

163 2398 340 2444 cipandis.
389 2398 570 2444 principes
604 2398 903 2434 Chersonensium
934 2398 1051 2443 viros,
1083 2409 1227 2432 numero
1249 2396 1319 2441 42„
1351 2397 1473 2434 addita
1496 2397 1658 2433 custodia

162 2446 208 2479 ad
225 2445 474 2491 imperatorem
491 2445 671 2490 miserunt,
695 2445 783 2480 alios
804 2450 940 2491 septem
963 2444 1091 2491 ligneis
1112 2443 1258 2480 sublicis
1279 2444 1319 2478 in
1339 2443 1446 2479 altum
1465 2455 1658 2490 suspensos

163 2491 239 2536 igni
264 2497 447 2537 assarum,
482 2491 570 2527 alios
604 2491 641 2527 in
667 2505 768 2528 mare
799 2493 1020 2528 abiecerunt.
1080 2491 1136 2526 his
1171 2490 1324 2536 cognitis
1354 2490 1575 2526 Iustinianus
1609 2492 1656 2526 ob

164 2543 324 2574 servatos
354 2539 508 2573 infantes
541 2538 698 2574 insaniit.
748 2551 825 2574 cum
857 2539 895 2574 in
927 2538 1046 2574 reditu
1077 2538 1200 2574 classis
1223 2539 1294 2573 iam
1319 2538 1498 2583 Byzantio
1523 2549 1657 2585 appro-

162 2584 371 2665 pinquaret,
401 2585 601 2631 periclitata
626 2591 693 2622 est.
741 2591 957 2622 mortuorum
980 2597 1144 2621 numerus
1163 2585 1299 2630 initus,
1331 2590 1567 2631 repertusque
1589 2584 1657 2619 mi-

180 2630 247 2665 ium
272 2633 330 2668 73.
377 2632 417 2667 id
450 2632 614 2678 gaudium
647 2633 834 2668 Iustiniani
864 2633 979 2668 auxit.
1028 2632 1194 2678 misitque
1223 2631 1331 2667 aliam
1360 2632 1528 2677 classem,
1562 2643 1656 2677 quae

165 2678 283 2712 omnia
299 2678 373 2714 solo
389 2684 576 2725 aequaret,
603 2679 783 2726 solumque
801 2684 921 2716 aratro
938 2679 1204 2726 proscinderet,
1227 2679 1519 2726 interficeretque
1535 2690 1656 2714 omnes

165 2734 279 2768 usque
310 2726 355 2759 ad
386 2726 597 2771 mingentem
630 2726 666 2761 in
698 2727 883 2773 parietem.
933 2725 1027 2772 quod
1059 2738 1136 2761 cum
1168 2725 1429 2761 intellexissent
1452 2726 1514 2771 qui
1537 2731 1657 2760 castra

164 2768 236 2804 ista
260 2771 482 2817 obtinebant,
507 2773 732 2808 muniverunt
753 2786 855 2818 sese,
882 2773 1072 2818 missisque
1093 2773 1132 2807 in
1155 2772 1364 2808 Chazariam
1387 2772 1432 2808 ad
1450 2773 1657 2817 Chaganum

163 2816 290 2861 legatis
314 2819 526 2864 praesidium
550 2820 620 2854 sibi
641 2821 684 2855 ab
708 2833 750 2855 eo
773 2821 852 2855 dari
874 2820 1095 2866 flagitarunt.
1145 2832 1221 2855 cum
1236 2820 1444 2866 appulisset
1466 2818 1655 2854 Iustiniani

163 2862 307 2911 classis,
350 2865 522 2911 primores
556 2878 678 2902 eorum
712 2868 807 2904 nacti
837 2867 933 2921 intra
968 2873 1089 2904 castra
1119 2867 1387 2904 chersoneuses
1419 2866 1654 2909 trucidarunt,
