<?xml version="1.0" encoding="UTF-8"?>
<!DOCTYPE html PUBLIC "-//W3C//DTD XHTML 1.0 Transitional//EN"
    "http://www.w3.org/TR/xhtml1/DTD/xhtml1-transitional.dtd">
<html xmlns="http://www.w3.org/1999/xhtml" xml:lang="en" lang="en">
 <head>
  <title>
</title>
<meta http-equiv="Content-Type" content="text/html;charset=utf-8" />
  <meta name='ocr-system' content='tesseract 3.04.00' />
  <meta name='ocr-capabilities' content='ocr_page ocr_carea ocr_par ocr_line ocrx_word'/>
</head>
<body>
  <div class='ocr_page' id='page_1' title='image "./corpusscriptorum13niebuoft_0094.png"; bbox 0 0 1742 3184; ppageno 0'>
   <div class='ocr_carea' id='block_1_1' title="bbox 184 166 1207 227">
    <p class='ocr_par' dir='ltr' id='par_1_1' title="bbox 184 166 1207 227">
     <span class='ocr_line' id='line_1_1' title="bbox 184 166 1207 227; baseline -0.013 0"><span class='ocrx_word' id='word_1_1' title='bbox 184 178 263 227; x_wconf 85' lang='lat'>-70</span> <span class='ocrx_word' id='word_1_2' title='bbox 525 177 533 203; x_wconf 68' lang='lat'>⁷</span> <span class='ocrx_word' id='word_1_3' title='bbox 682 170 930 221; x_wconf 83' lang='lat' dir='ltr'>GEORGII</span> <span class='ocrx_word' id='word_1_4' title='bbox 952 166 1207 216; x_wconf 77' lang='lat' dir='ltr'>cEDRENI</span> 
     </span>
    </p>
   </div>
   <div class='ocr_carea' id='block_1_2' title="bbox 144 279 1742 1891">
    <p class='ocr_par' dir='ltr' id='par_1_2' title="bbox 144 279 1742 1891">
     <span class='ocr_line' id='line_1_2' title="bbox 196 279 1688 347; baseline -0.01 -9"><span class='ocrx_word' id='word_1_5' title='bbox 196 290 318 346; x_wconf 69' lang='grc' dir='ltr'><strong><em>στόν,</em></strong></span> <span class='ocrx_word' id='word_1_6' title='bbox 355 290 506 335; x_wconf 80' lang='grc' dir='ltr'><strong><em>αἶ’νεσιν</em></strong></span> <span class='ocrx_word' id='word_1_7' title='bbox 533 291 602 334; x_wconf 78' lang='grc' dir='ltr'>καὶ</span> <span class='ocrx_word' id='word_1_8' title='bbox 629 286 905 347; x_wconf 72' lang='grc' dir='ltr'><strong><em>προσκύνησιν</em></strong></span> <span class='ocrx_word' id='word_1_9' title='bbox 926 287 993 330; x_wconf 81' lang='grc' dir='ltr'>καὶ</span> <span class='ocrx_word' id='word_1_10' title='bbox 1014 286 1129 342; x_wconf 83' lang='grc' dir='ltr'><strong><em>νίκην</em></strong></span> <span class='ocrx_word' id='word_1_11' title='bbox 1145 281 1252 328; x_wconf 77' lang='grc' dir='ltr'><strong><em>κατὰ</em></strong></span> <span class='ocrx_word' id='word_1_12' title='bbox 1270 284 1355 327; x_wconf 82' lang='grc' dir='ltr'>τῶν</span> <span class='ocrx_word' id='word_1_13' title='bbox 1374 281 1541 340; x_wconf 72' lang='grc' dir='ltr'><strong><em>ἐχθρῶν</em></strong></span> <span class='ocrx_word' id='word_1_14' title='bbox 1558 279 1688 325; x_wconf 80' lang='grc' dir='ltr'>αῧτοῦ</span> 
     </span>
     <span class='ocr_line' id='line_1_3' title="bbox 191 349 1688 419; baseline -0.009 -11"><span class='ocrx_word' id='word_1_15' title='bbox 191 363 361 408; x_wconf 43' lang='grc' dir='ltr'><strong><em>’πάντων</em></strong></span> <span class='ocrx_word' id='word_1_16' title='bbox 390 362 704 419; x_wconf 74' lang='grc' dir='ltr'><strong><em>εὐαγγελίζεται·</em></strong></span> <span class='ocrx_word' id='word_1_17' title='bbox 741 358 787 403; x_wconf 77' lang='grc' dir='ltr'>ὃν</span> <span class='ocrx_word' id='word_1_18' title='bbox 822 360 890 402; x_wconf 84' lang='grc' dir='ltr'>καὶ</span> <span class='ocrx_word' id='word_1_19' title='bbox 925 355 982 409; x_wconf 80' lang='grc' dir='ltr'>ὡς</span> <span class='ocrx_word' id='word_1_20' title='bbox 1011 355 1192 412; x_wconf 76' lang='grc' dir='ltr'><strong><em>σκύμνον</em></strong></span> <span class='ocrx_word' id='word_1_21' title='bbox 1217 354 1378 404; x_wconf 76' lang='grc' dir='ltr'><strong><em>λέοντος</em></strong></span> <span class='ocrx_word' id='word_1_22' title='bbox 1402 351 1473 395; x_wconf 79' lang='grc' dir='ltr'><strong><em>διὰ</em></strong></span> <span class='ocrx_word' id='word_1_23' title='bbox 1492 351 1539 396; x_wconf 87' lang='grc' dir='ltr'><strong><em>τὸ</em></strong></span> <span class='ocrx_word' id='word_1_24' title='bbox 1564 349 1688 409; x_wconf 75' lang='grc' dir='ltr'><strong><em>φύσει</em></strong></span> 
     </span>
     <span class='ocr_line' id='line_1_4' title="bbox 194 421 1688 490; baseline -0.01 -12"><span class='ocrx_word' id='word_1_25' title='bbox 194 431 410 490; x_wconf 83' lang='grc' dir='ltr'><strong><em>βασιλικὸν</em></strong></span> <span class='ocrx_word' id='word_1_26' title='bbox 430 437 504 476; x_wconf 83' lang='grc' dir='ltr'>τοῦ</span> <span class='ocrx_word' id='word_1_27' title='bbox 524 433 792 488; x_wconf 75' lang='grc' dir='ltr'><em>μονογενοῦς,</em></span> <span class='ocrx_word' id='word_1_28' title='bbox 827 426 884 480; x_wconf 80' lang='grc' dir='ltr'>ὥς</span> <span class='ocrx_word' id='word_1_29' title='bbox 901 428 945 471; x_wconf 71' lang='grc' dir='ltr'>ἐκ</span> <span class='ocrx_word' id='word_1_30' title='bbox 961 430 1147 483; x_wconf 77' lang='grc' dir='ltr'>βλαστοῦ</span> <span class='ocrx_word' id='word_1_31' title='bbox 1170 425 1215 469; x_wconf 77' lang='grc' dir='ltr'>δὲ</span> <span class='ocrx_word' id='word_1_32' title='bbox 1233 423 1361 467; x_wconf 73' lang='grc' dir='ltr'><strong><em>αὐτοῦ</em></strong></span> <span class='ocrx_word' id='word_1_33' title='bbox 1393 423 1595 478; x_wconf 77' lang='grc' dir='ltr'><strong><em>ἀναβῆναι</em></strong></span> <span class='ocrx_word' id='word_1_34' title='bbox 1617 421 1688 464; x_wconf 76' lang='grc' dir='ltr'><strong><em>διὰ</em></strong></span> 
     </span>
     <span class='ocr_line' id='line_1_5' title="bbox 191 492 1688 562; baseline -0.009 -14"><span class='ocrx_word' id='word_1_35' title='bbox 191 504 270 561; x_wconf 79' lang='grc' dir='ltr'><strong><em>’τὴν</em></strong></span> <span class='ocrx_word' id='word_1_36' title='bbox 289 505 335 547; x_wconf 74' lang='grc' dir='ltr'>ἐκ</span> <span class='ocrx_word' id='word_1_37' title='bbox 357 502 571 562; x_wconf 69' lang='grc' dir='ltr'><strong><em>παρθένου</em></strong></span> <span class='ocrx_word' id='word_1_38' title='bbox 588 502 772 559; x_wconf 74' lang='grc' dir='ltr'><strong><em>γέννησιν</em></strong></span> <span class='ocrx_word' id='word_1_39' title='bbox 791 498 819 555; x_wconf 80' lang='grc' dir='ltr'><em>ἢ</em></span> <span class='ocrx_word' id='word_1_40' title='bbox 839 496 1073 556; x_wconf 81' lang='grc' dir='ltr'><strong><em>σάρκωσιν,</em></strong></span> <span class='ocrx_word' id='word_1_41' title='bbox 1109 498 1176 540; x_wconf 82' lang='grc' dir='ltr'>καὶ</span> <span class='ocrx_word' id='word_1_42' title='bbox 1198 493 1326 538; x_wconf 80' lang='grc' dir='ltr'><strong><em>αὐτὸν</em></strong></span> <span class='ocrx_word' id='word_1_43' title='bbox 1349 494 1395 537; x_wconf 76' lang='grc' dir='ltr'>δὲ</span> <span class='ocrx_word' id='word_1_44' title='bbox 1417 497 1563 537; x_wconf 78' lang='grc' dir='ltr'><strong><em>τοῦτον</em></strong></span> <span class='ocrx_word' id='word_1_45' title='bbox 1583 492 1688 535; x_wconf 78' lang='grc' dir='ltr'><strong><em>ἀνα-</em></strong></span> 
     </span>
     <span class='ocr_line' id='line_1_6' title="bbox 192 560 1722 629; baseline -0.008 -12"><span class='ocrx_word' id='word_1_46' title='bbox 192 571 373 619; x_wconf 85' lang='grc' dir='ltr'><strong><em>πεσόντα</em></strong></span> <span class='ocrx_word' id='word_1_47' title='bbox 404 576 655 629; x_wconf 68' lang='grc' dir='ltr'><em>κοιμηθῆναι</em></span> <span class='ocrx_word' id='word_1_48' title='bbox 687 572 755 613; x_wconf 86' lang='grc' dir='ltr'>καὶ</span> <span class='ocrx_word' id='word_1_49' title='bbox 789 571 1008 626; x_wconf 74' lang='grc' dir='ltr'><strong><em>ἐγερθῆναι</em></strong></span> <span class='ocrx_word' id='word_1_50' title='bbox 1034 568 1106 611; x_wconf 76' lang='grc' dir='ltr'><strong><em>διὰ</em></strong></span> <span class='ocrx_word' id='word_1_51' title='bbox 1128 566 1174 610; x_wconf 85' lang='grc' dir='ltr'><strong><em>τὸ</em></strong></span> <span class='ocrx_word' id='word_1_52' title='bbox 1200 563 1382 620; x_wconf 72' lang='grc' dir='ltr'><strong><em>πάθημα</em></strong></span> <span class='ocrx_word' id='word_1_53' title='bbox 1402 566 1479 607; x_wconf 79' lang='grc' dir='ltr'>τοῦ</span> <span class='ocrx_word' id='word_1_54' title='bbox 1498 560 1722 606; x_wconf 72' lang='grc' dir='ltr'><strong><em>θανάτουό</em></strong></span> 
     </span>
     <span class='ocr_line' id='line_1_7' title="bbox 144 631 1690 700; baseline -0.009 -11"><span class='ocrx_word' id='word_1_55' title='bbox 144 653 177 690; x_wconf 87' lang='lat' dir='ltr'>O</span> <span class='ocrx_word' id='word_1_56' title='bbox 201 646 268 688; x_wconf 84' lang='grc' dir='ltr'>καὶ</span> <span class='ocrx_word' id='word_1_57' title='bbox 294 644 371 700; x_wconf 87' lang='grc' dir='ltr'>τὴν</span> <span class='ocrx_word' id='word_1_58' title='bbox 398 641 642 694; x_wconf 79' lang='grc' dir='ltr'><strong><em>ἀνάστασιν,</em></strong></span> <span class='ocrx_word' id='word_1_59' title='bbox 679 637 886 699; x_wconf 80' lang='grc' dir='ltr'><strong><em>ἂριδήλως</em></strong></span> <span class='ocrx_word' id='word_1_60' title='bbox 912 636 933 682; x_wconf 85' lang='grc' dir='ltr'><strong>ὅ</strong></span> <span class='ocrx_word' id='word_1_61' title='bbox 962 642 1076 689; x_wconf 74' lang='grc' dir='ltr'><strong><em>θεῖος</em></strong></span> <span class='ocrx_word' id='word_1_62' title='bbox 1103 638 1187 680; x_wconf 73' lang='grc' dir='ltr'><strong><em>ἐκεῖ</em></strong></span> <span class='ocrx_word' id='word_1_63' title='bbox 1206 639 1369 694; x_wconf 85' lang='grc' dir='ltr'><strong><em>πρῶτος</em></strong></span> <span class='ocrx_word' id='word_1_64' title='bbox 1388 631 1690 692; x_wconf 75' lang='grc' dir='ltr'>προηγόρευσεν</span> 
     </span>
     <span class='ocr_line' id='line_1_8' title="bbox 192 702 1691 773; baseline -0.009 -15"><span class='ocrx_word' id='word_1_65' title='bbox 192 712 375 773; x_wconf 83' lang='grc' dir='ltr'><strong><em>Ἰσραήλ.</em></strong></span> <span class='ocrx_word' id='word_1_66' title='bbox 444 712 504 769; x_wconf 87' lang='grc' dir='ltr'>μὴ</span> <span class='ocrx_word' id='word_1_67' title='bbox 539 713 738 766; x_wconf 67' lang='grc' dir='ltr'><strong><em>ἐκλείψειν</em></strong></span> <span class='ocrx_word' id='word_1_68' title='bbox 772 710 815 752; x_wconf 82' lang='grc' dir='ltr'>δὲ</span> <span class='ocrx_word' id='word_1_69' title='bbox 846 707 1027 767; x_wconf 72' lang='grc' dir='ltr'><strong><em>ἄρχοντα</em></strong></span> <span class='ocrx_word' id='word_1_70' title='bbox 1051 710 1095 760; x_wconf 69' lang='grc' dir='ltr'>ἐξ</span> <span class='ocrx_word' id='word_1_71' title='bbox 1115 705 1254 751; x_wconf 80' lang='grc' dir='ltr'><em>Ἰούδα</em></span> <span class='ocrx_word' id='word_1_72' title='bbox 1277 704 1305 761; x_wconf 78' lang='grc' dir='ltr'><em>ἢ</em></span> <span class='ocrx_word' id='word_1_73' title='bbox 1329 702 1554 762; x_wconf 76' lang='grc' dir='ltr'><strong><em>ἡγούμενον</em></strong></span> <span class='ocrx_word' id='word_1_74' title='bbox 1564 736 1577 756; x_wconf 96' lang='grc'><strong><em>,</em></strong></span> <span class='ocrx_word' id='word_1_75' title='bbox 1613 702 1691 754; x_wconf 69' lang='grc' dir='ltr'>ἕως</span> 
     </span>
     <span class='ocr_line' id='line_1_9' title="bbox 194 772 1691 843; baseline -0.009 -15"><span class='ocrx_word' id='word_1_76' title='bbox 194 784 269 837; x_wconf 72' lang='grc' dir='ltr'>ἄν,</span> <span class='ocrx_word' id='word_1_77' title='bbox 297 785 443 843; x_wconf 83' lang='grc' dir='ltr'><strong><em>φησίν,</em></strong></span> <span class='ocrx_word' id='word_1_78' title='bbox 469 782 576 841; x_wconf 69' lang='grc' dir='ltr'>ἔλθῃ</span> <span class='ocrx_word' id='word_1_79' title='bbox 597 780 621 825; x_wconf 79' lang='grc' dir='ltr'>ὃ</span> <span class='ocrx_word' id='word_1_80' title='bbox 639 778 851 824; x_wconf 79' lang='grc' dir='ltr'><strong><em>ἀπόκειται</em></strong></span> <span class='ocrx_word' id='word_1_81' title='bbox 859 812 872 831; x_wconf 89' lang='grc'><strong><em>,</em></strong></span> <span class='ocrx_word' id='word_1_82' title='bbox 906 778 1116 822; x_wconf 80' lang='grc' dir='ltr'><strong><em>τουτέστιν</em></strong></span> <span class='ocrx_word' id='word_1_83' title='bbox 1137 775 1158 820; x_wconf 85' lang='grc' dir='ltr'>ὁ</span> <span class='ocrx_word' id='word_1_84' title='bbox 1178 773 1386 834; x_wconf 88' lang='grc' dir='ltr'><strong><em>Χριστός,</em></strong></span> <span class='ocrx_word' id='word_1_85' title='bbox 1422 775 1468 826; x_wconf 80' lang='grc' dir='ltr'>ὃς</span> <span class='ocrx_word' id='word_1_86' title='bbox 1487 775 1598 817; x_wconf 73' lang='grc' dir='ltr'><strong><em>ἐστιν</em></strong></span> <span class='ocrx_word' id='word_1_87' title='bbox 1618 772 1691 816; x_wconf 77' lang='grc' dir='ltr'>ὄν-</span> 
     </span>
     <span class='ocr_line' id='line_1_10' title="bbox 194 842 1692 911; baseline -0.008 -13"><span class='ocrx_word' id='word_1_88' title='bbox 194 871 279 906; x_wconf 80' lang='grc' dir='ltr'><strong><em>τως</em></strong></span> <span class='ocrx_word' id='word_1_89' title='bbox 294 854 519 911; x_wconf 75' lang='grc' dir='ltr'><strong><em>προσδοκία</em></strong></span> <span class='ocrx_word' id='word_1_90' title='bbox 536 855 617 895; x_wconf 86' lang='grc' dir='ltr'>τῶν</span> <span class='ocrx_word' id='word_1_91' title='bbox 638 852 791 894; x_wconf 75' lang='grc' dir='ltr'><strong><em>ἐθνῶν·</em></strong></span> <span class='ocrx_word' id='word_1_92' title='bbox 822 849 871 902; x_wconf 70' lang='grc' dir='ltr'>ὃς</span> <span class='ocrx_word' id='word_1_93' title='bbox 889 849 935 893; x_wconf 80' lang='grc' dir='ltr'><strong><em>τὸ</em></strong></span> <span class='ocrx_word' id='word_1_94' title='bbox 957 850 1021 892; x_wconf 68' lang='grc' dir='ltr'>ἐπὶ</span> <span class='ocrx_word' id='word_1_95' title='bbox 1039 852 1091 906; x_wconf 81' lang='grc' dir='ltr'><strong><em>τῇ</em></strong></span> <span class='ocrx_word' id='word_1_96' title='bbox 1107 848 1298 906; x_wconf 76' lang='grc' dir='ltr'><strong><em>βασιλείᾳ</em></strong></span> <span class='ocrx_word' id='word_1_97' title='bbox 1319 847 1388 889; x_wconf 84' lang='grc' dir='ltr'>καὶ</span> <span class='ocrx_word' id='word_1_98' title='bbox 1407 842 1602 904; x_wconf 72' lang='grc' dir='ltr'><strong><em>ἡγεμονία</em></strong></span> <span class='ocrx_word' id='word_1_99' title='bbox 1622 844 1692 886; x_wconf 81' lang='grc' dir='ltr'>καὶ</span> 
     </span>
     <span class='ocr_line' id='line_1_11' title="bbox 196 915 1742 983; baseline -0.007 -15"><span class='ocrx_word' id='word_1_100' title='bbox 196 926 348 983; x_wconf 78' lang='grc' dir='ltr'><strong><em>ἀρχικῇ</em></strong></span> <span class='ocrx_word' id='word_1_101' title='bbox 367 923 530 983; x_wconf 73' lang='grc' dir='ltr'><strong><em>ἐξουσίᾳ</em></strong></span> <span class='ocrx_word' id='word_1_102' title='bbox 548 919 661 979; x_wconf 84' lang='grc' dir='ltr'><strong><em>πάσῃ</em></strong></span> <span class='ocrx_word' id='word_1_103' title='bbox 676 921 892 979; x_wconf 80' lang='grc' dir='ltr'>γαυρίαμα</span> <span class='ocrx_word' id='word_1_104' title='bbox 911 917 1162 977; x_wconf 82' lang='grc' dir='ltr'><strong><em>ἀφελόμενος</em></strong></span> <span class='ocrx_word' id='word_1_105' title='bbox 1180 921 1261 961; x_wconf 88' lang='grc' dir='ltr'>τῶν</span> <span class='ocrx_word' id='word_1_106' title='bbox 1273 917 1508 967; x_wconf 76' lang='grc' dir='ltr'><strong><em>Ἰουδαίων,</em></strong></span> <span class='ocrx_word' id='word_1_107' title='bbox 1543 915 1612 959; x_wconf 81' lang='grc' dir='ltr'>καὶ</span> <span class='ocrx_word' id='word_1_108' title='bbox 1634 915 1690 965; x_wconf 78' lang='grc' dir='ltr'><strong><em>εἷς</em></strong></span> <span class='ocrx_word' id='word_1_109' title='bbox 1703 920 1742 958; x_wconf 80' lang='lat'>10</span> 
     </span>
     <span class='ocr_line' id='line_1_12' title="bbox 197 982 1691 1050; baseline -0.007 -13"><span class='ocrx_word' id='word_1_110' title='bbox 197 993 346 1038; x_wconf 69' lang='grc' dir='ltr'><strong><em>ἑαυτὸν</em></strong></span> <span class='ocrx_word' id='word_1_111' title='bbox 367 997 449 1036; x_wconf 82' lang='grc' dir='ltr'>πᾶν</span> <span class='ocrx_word' id='word_1_112' title='bbox 468 992 514 1036; x_wconf 83' lang='grc' dir='ltr'><strong><em>τὸ</em></strong></span> <span class='ocrx_word' id='word_1_113' title='bbox 533 990 685 1050; x_wconf 81' lang='grc' dir='ltr'><strong><em>κράτος</em></strong></span> <span class='ocrx_word' id='word_1_114' title='bbox 705 995 786 1035; x_wconf 88' lang='grc' dir='ltr'>τῶν</span> <span class='ocrx_word' id='word_1_115' title='bbox 811 989 918 1033; x_wconf 83' lang='grc' dir='ltr'><strong><em>ὅλων</em></strong></span> <span class='ocrx_word' id='word_1_116' title='bbox 938 987 994 1042; x_wconf 82' lang='grc' dir='ltr'>ὥς</span> <span class='ocrx_word' id='word_1_117' title='bbox 1014 987 1312 1046; x_wconf 82' lang='grc' dir='ltr'><strong><em>παντοκράτωρ</em></strong></span> <span class='ocrx_word' id='word_1_118' title='bbox 1343 982 1691 1048; x_wconf 76' lang='grc' dir='ltr'><strong><em>ἀναρτησάμενος,</em></strong></span> 
     </span>
     <span class='ocr_line' id='line_1_13' title="bbox 198 1053 1694 1119; baseline -0.007 -11"><span class='ocrx_word' id='word_1_119' title='bbox 198 1061 260 1115; x_wconf 77' lang='grc' dir='ltr'><strong><em>οἷς</em></strong></span> <span class='ocrx_word' id='word_1_120' title='bbox 281 1061 475 1119; x_wconf 78' lang='grc' dir='ltr'><strong><em>βούλεται</em></strong></span> <span class='ocrx_word' id='word_1_121' title='bbox 496 1067 618 1106; x_wconf 80' lang='grc' dir='ltr'><strong><em>τοῦτο</em></strong></span> <span class='ocrx_word' id='word_1_122' title='bbox 641 1064 709 1105; x_wconf 83' lang='grc' dir='ltr'>καὶ</span> <span class='ocrx_word' id='word_1_123' title='bbox 729 1061 953 1119; x_wconf 82' lang='grc' dir='ltr'><strong><em>χαρίζεται.</em></strong></span> <span class='ocrx_word' id='word_1_124' title='bbox 1025 1053 1144 1111; x_wconf 77' lang='grc' dir='ltr'><strong><em>οὗτος</em></strong></span> <span class='ocrx_word' id='word_1_125' title='bbox 1172 1057 1276 1116; x_wconf 83' lang='grc' dir='ltr'><strong><em>πρὸς</em></strong></span> <span class='ocrx_word' id='word_1_126' title='bbox 1305 1057 1379 1113; x_wconf 84' lang='grc' dir='ltr'>τὴν</span> <span class='ocrx_word' id='word_1_127' title='bbox 1411 1054 1593 1112; x_wconf 78' lang='grc' dir='ltr'><strong><em>ἄμπελον</em></strong></span> <span class='ocrx_word' id='word_1_128' title='bbox 1617 1054 1694 1098; x_wconf 76' lang='grc' dir='ltr'>αὖ·</span> 
     </span>
     <span class='ocr_line' id='line_1_14' title="bbox 196 1127 1696 1190; baseline -0.006 -13"><span class='ocrx_word' id='word_1_129' title='bbox 196 1138 293 1187; x_wconf 79' lang='grc' dir='ltr'><strong><em>τοῦ,</em></strong></span> <span class='ocrx_word' id='word_1_130' title='bbox 328 1132 355 1190; x_wconf 77' lang='grc' dir='ltr'><em>ἣ</em></span> <span class='ocrx_word' id='word_1_131' title='bbox 382 1134 494 1177; x_wconf 45' lang='grc' dir='ltr'><strong><em>»ἐστιν</em></strong></span> <span class='ocrx_word' id='word_1_132' title='bbox 515 1134 558 1176; x_wconf 74' lang='grc' dir='ltr'>ἐκ</span> <span class='ocrx_word' id='word_1_133' title='bbox 582 1136 806 1189; x_wconf 76' lang='grc' dir='ltr'><strong><em>περιτομῆς</em></strong></span> <span class='ocrx_word' id='word_1_134' title='bbox 825 1135 907 1174; x_wconf 88' lang='grc' dir='ltr'>τῶν</span> <span class='ocrx_word' id='word_1_135' title='bbox 929 1128 1055 1187; x_wconf 76' lang='grc' dir='ltr'><strong><em>ἁγίων</em></strong></span> <span class='ocrx_word' id='word_1_136' title='bbox 1082 1131 1326 1185; x_wconf 71' lang='grc' dir='ltr'><strong><em>ἐκκλησιῶν,</em></strong></span> <span class='ocrx_word' id='word_1_137' title='bbox 1361 1127 1434 1170; x_wconf 85' lang='grc' dir='ltr'>τὸν</span> <span class='ocrx_word' id='word_1_138' title='bbox 1458 1130 1597 1170; x_wconf 86' lang='grc' dir='ltr'><strong><em>πῶλον</em></strong></span> <span class='ocrx_word' id='word_1_139' title='bbox 1620 1128 1696 1180; x_wconf 85' lang='grc' dir='ltr'><strong><em>τῆς</em></strong></span> 
     </span>
     <span class='ocr_line' id='line_1_15' title="bbox 196 1195 1696 1257; baseline -0.006 -10"><span class='ocrx_word' id='word_1_140' title='bbox 196 1202 295 1247; x_wconf 67' lang='grc' dir='ltr'><strong><em>ὄνου</em></strong></span> <span class='ocrx_word' id='word_1_141' title='bbox 306 1235 320 1256; x_wconf 93' lang='grc'><strong><em>,</em></strong></span> <span class='ocrx_word' id='word_1_142' title='bbox 355 1203 431 1255; x_wconf 82' lang='grc' dir='ltr'><strong><em>τὰς</em></strong></span> <span class='ocrx_word' id='word_1_143' title='bbox 457 1204 499 1254; x_wconf 75' lang='grc' dir='ltr'>ἐξ</span> <span class='ocrx_word' id='word_1_144' title='bbox 529 1203 664 1246; x_wconf 71' lang='grc' dir='ltr'><strong><em>ἐθνῶν</em></strong></span> <span class='ocrx_word' id='word_1_145' title='bbox 684 1202 901 1257; x_wconf 71' lang='grc' dir='ltr'><strong><em>ἐκκλησίας</em></strong></span> <span class='ocrx_word' id='word_1_146' title='bbox 912 1233 925 1253; x_wconf 91' lang='grc'><strong><em>,</em></strong></span> <span class='ocrx_word' id='word_1_147' title='bbox 962 1202 1005 1244; x_wconf 77' lang='grc' dir='ltr'>ἐν</span> <span class='ocrx_word' id='word_1_148' title='bbox 1025 1205 1075 1257; x_wconf 87' lang='grc' dir='ltr'><strong><em>τῇ</em></strong></span> <span class='ocrx_word' id='word_1_149' title='bbox 1091 1200 1200 1243; x_wconf 69' lang='grc' dir='ltr'><strong><em>’ἕλικι</em></strong></span> <span class='ocrx_word' id='word_1_150' title='bbox 1222 1203 1297 1254; x_wconf 81' lang='grc' dir='ltr'><strong><em>τῆς</em></strong></span> <span class='ocrx_word' id='word_1_151' title='bbox 1315 1197 1500 1253; x_wconf 77' lang='grc' dir='ltr'><strong><em>ἀμπέλου</em></strong></span> <span class='ocrx_word' id='word_1_152' title='bbox 1523 1195 1614 1252; x_wconf 80' lang='grc' dir='ltr'><strong><em>ἤτοι</em></strong></span> <span class='ocrx_word' id='word_1_153' title='bbox 1636 1199 1696 1254; x_wconf 80' lang='grc' dir='ltr'><strong><em>τῷ</em></strong></span> 
     </span>
     <span class='ocr_line' id='line_1_16' title="bbox 196 1263 1742 1329; baseline -0.005 -12"><span class='ocrx_word' id='word_1_154' title='bbox 196 1272 397 1328; x_wconf 83' lang='grc' dir='ltr'><strong><em>πνεύματι</em></strong></span> <span class='ocrx_word' id='word_1_155' title='bbox 429 1278 503 1328; x_wconf 83' lang='grc' dir='ltr'><strong><em>τῆς</em></strong></span> <span class='ocrx_word' id='word_1_156' title='bbox 535 1271 695 1329; x_wconf 79' lang='grc' dir='ltr'><strong><em>ἀγάπης</em></strong></span> <span class='ocrx_word' id='word_1_157' title='bbox 725 1271 1087 1329; x_wconf 74' lang='grc' dir='ltr'><strong><em>προσεδέσμευσεν.</em></strong></span> <span class='ocrx_word' id='word_1_158' title='bbox 1156 1263 1276 1320; x_wconf 76' lang='grc' dir='ltr'><strong><em>οὗτος</em></strong></span> <span class='ocrx_word' id='word_1_159' title='bbox 1295 1269 1371 1323; x_wconf 83' lang='grc' dir='ltr'>τὴν</span> <span class='ocrx_word' id='word_1_160' title='bbox 1392 1267 1521 1311; x_wconf 74' lang='grc' dir='ltr'><strong><em>αὐτοῦ</em></strong></span> <span class='ocrx_word' id='word_1_161' title='bbox 1542 1266 1694 1321; x_wconf 81' lang='grc' dir='ltr'><strong><em>στολὴν</em></strong></span> <span class='ocrx_word' id='word_1_162' title='bbox 1707 1274 1742 1310; x_wconf 73' lang='grc' dir='ltr'>1ξ</span> 
     </span>
     <span class='ocr_line' id='line_1_17' title="bbox 198 1338 1695 1398; baseline -0.005 -12"><span class='ocrx_word' id='word_1_163' title='bbox 198 1346 266 1387; x_wconf 83' lang='grc' dir='ltr'>καὶ</span> <span class='ocrx_word' id='word_1_164' title='bbox 288 1347 364 1387; x_wconf 79' lang='grc' dir='ltr'>τοῦ</span> <span class='ocrx_word' id='word_1_165' title='bbox 383 1341 576 1397; x_wconf 81' lang='grc' dir='ltr'><strong><em>σώματος</em></strong></span> <span class='ocrx_word' id='word_1_166' title='bbox 598 1343 673 1398; x_wconf 81' lang='grc' dir='ltr'>τὴν</span> <span class='ocrx_word' id='word_1_167' title='bbox 693 1338 937 1398; x_wconf 81' lang='grc' dir='ltr'><strong><em>περιβολήν,</em></strong></span> <span class='ocrx_word' id='word_1_168' title='bbox 973 1338 1030 1391; x_wconf 82' lang='grc' dir='ltr'>ὡς</span> <span class='ocrx_word' id='word_1_169' title='bbox 1056 1341 1099 1383; x_wconf 75' lang='grc' dir='ltr'>ἒν</span> <span class='ocrx_word' id='word_1_170' title='bbox 1130 1339 1226 1398; x_wconf 81' lang='grc' dir='ltr'><strong><em>οἷ’νῳ</em></strong></span> <span class='ocrx_word' id='word_1_171' title='bbox 1249 1342 1309 1397; x_wconf 74' lang='grc' dir='ltr'><strong><em>τῷ</em></strong></span> <span class='ocrx_word' id='word_1_172' title='bbox 1329 1340 1472 1393; x_wconf 71' lang='grc' dir='ltr'><strong><em>αἵματι</em></strong></span> <span class='ocrx_word' id='word_1_173' title='bbox 1494 1341 1568 1392; x_wconf 83' lang='grc' dir='ltr'><strong><em>τῆς</em></strong></span> <span class='ocrx_word' id='word_1_174' title='bbox 1591 1353 1695 1380; x_wconf 89' lang='grc' dir='ltr'><strong><em>στα-</em></strong></span> 
     </span>
     <span class='ocr_line' id='line_1_18' title="bbox 145 1407 1698 1471; baseline -0.005 -15"><span class='ocrx_word' id='word_1_175' title='bbox 145 1418 178 1456; x_wconf 87' lang='lat' dir='ltr'>D</span> <span class='ocrx_word' id='word_1_176' title='bbox 199 1417 336 1471; x_wconf 77' lang='grc' dir='ltr'><strong><em>φυλῆς</em></strong></span> <span class='ocrx_word' id='word_1_177' title='bbox 354 1413 643 1468; x_wconf 75' lang='grc' dir='ltr'><strong><em>βεβαμμένην,</em></strong></span> <span class='ocrx_word' id='word_1_178' title='bbox 679 1412 721 1454; x_wconf 77' lang='grc' dir='ltr'>ἓν</span> <span class='ocrx_word' id='word_1_179' title='bbox 742 1415 802 1470; x_wconf 74' lang='grc' dir='ltr'><strong><em>τῷ</em></strong></span> <span class='ocrx_word' id='word_1_180' title='bbox 825 1412 958 1470; x_wconf 79' lang='grc' dir='ltr'><strong><em>οἰκείῳ</em></strong></span> <span class='ocrx_word' id='word_1_181' title='bbox 983 1411 1126 1465; x_wconf 74' lang='grc' dir='ltr'><strong><em>αἵματι</em></strong></span> <span class='ocrx_word' id='word_1_182' title='bbox 1149 1413 1313 1461; x_wconf 78' lang='grc' dir='ltr'><strong><em>πλυνεῖ,</em></strong></span> <span class='ocrx_word' id='word_1_183' title='bbox 1349 1407 1372 1451; x_wconf 85' lang='grc' dir='ltr'>ὅ</span> <span class='ocrx_word' id='word_1_184' title='bbox 1396 1409 1527 1459; x_wconf 74' lang='grc' dir='ltr'><strong><em>ἔστιν,</em></strong></span> <span class='ocrx_word' id='word_1_185' title='bbox 1559 1407 1602 1450; x_wconf 71' lang='grc' dir='ltr'>ἐκ</span> <span class='ocrx_word' id='word_1_186' title='bbox 1623 1410 1698 1462; x_wconf 83' lang='grc' dir='ltr'><strong><em>τῆς</em></strong></span> 
     </span>
     <span class='ocr_line' id='line_1_19' title="bbox 197 1475 1698 1542; baseline -0.005 -16"><span class='ocrx_word' id='word_1_187' title='bbox 197 1487 378 1542; x_wconf 81' lang='grc' dir='ltr'><strong><em>φυσικῆς</em></strong></span> <span class='ocrx_word' id='word_1_188' title='bbox 401 1487 572 1540; x_wconf 71' lang='grc' dir='ltr'><strong><em>φθορᾶς</em></strong></span> <span class='ocrx_word' id='word_1_189' title='bbox 595 1484 652 1533; x_wconf 81' lang='grc' dir='ltr'><strong><em>εἷς</em></strong></span> <span class='ocrx_word' id='word_1_190' title='bbox 677 1481 924 1540; x_wconf 73' lang='grc' dir='ltr'><strong><em>ἀφθαρσίαν</em></strong></span> <span class='ocrx_word' id='word_1_191' title='bbox 942 1483 1188 1536; x_wconf 76' lang='grc' dir='ltr'><strong><em>μεταβαλεῖ,</em></strong></span> <span class='ocrx_word' id='word_1_192' title='bbox 1225 1481 1267 1522; x_wconf 75' lang='grc' dir='ltr'>ἐν</span> <span class='ocrx_word' id='word_1_193' title='bbox 1298 1482 1465 1536; x_wconf 81' lang='grc' dir='ltr'><strong><em>σταυρῷ</em></strong></span> <span class='ocrx_word' id='word_1_194' title='bbox 1492 1475 1698 1533; x_wconf 75' lang='grc' dir='ltr'><strong><em>αἱματού-</em></strong></span> 
     </span>
     <span class='ocr_line' id='line_1_20' title="bbox 196 1545 1697 1609; baseline -0.005 -12"><span class='ocrx_word' id='word_1_195' title='bbox 196 1570 319 1609; x_wconf 85' lang='grc' dir='ltr'><strong><em>μενος</em></strong></span> <span class='ocrx_word' id='word_1_196' title='bbox 341 1555 408 1596; x_wconf 78' lang='grc' dir='ltr'>καὶ</span> <span class='ocrx_word' id='word_1_197' title='bbox 427 1554 472 1596; x_wconf 79' lang='grc' dir='ltr'>ἐκ</span> <span class='ocrx_word' id='word_1_198' title='bbox 491 1557 644 1608; x_wconf 77' lang='grc' dir='ltr'><strong><em>νεκρῶν</em></strong></span> <span class='ocrx_word' id='word_1_199' title='bbox 668 1551 865 1607; x_wconf 80' lang='grc' dir='ltr'><strong><em>ἀμίαντος</em></strong></span> <span class='ocrx_word' id='word_1_200' title='bbox 893 1553 961 1593; x_wconf 87' lang='grc' dir='ltr'>καὶ</span> <span class='ocrx_word' id='word_1_201' title='bbox 995 1550 1218 1608; x_wconf 73' lang='grc' dir='ltr'><strong><em>ἄφθαρτος</em></strong></span> <span class='ocrx_word' id='word_1_202' title='bbox 1246 1547 1526 1603; x_wconf 82' lang='grc' dir='ltr'><strong><em>ἀνιστάμενος.</em></strong></span> <span class='ocrx_word' id='word_1_203' title='bbox 1595 1545 1697 1591; x_wconf 41' lang='grc' dir='ltr'><strong><em>,τού-</em></strong></span> 
     </span>
     <span class='ocr_line' id='line_1_21' title="bbox 197 1617 1742 1680; baseline -0.003 -14"><span class='ocrx_word' id='word_1_204' title='bbox 197 1640 270 1667; x_wconf 88' lang='grc' dir='ltr'>του</span> <span class='ocrx_word' id='word_1_205' title='bbox 294 1624 363 1666; x_wconf 87' lang='grc' dir='ltr'>καὶ</span> <span class='ocrx_word' id='word_1_206' title='bbox 387 1622 427 1665; x_wconf 79' lang='grc' dir='ltr'><strong><em>οἱ</em></strong></span> <span class='ocrx_word' id='word_1_207' title='bbox 453 1622 670 1680; x_wconf 77' lang='grc' dir='ltr'><strong><em>ὀφθαλμοὶ</em></strong></span> <span class='ocrx_word' id='word_1_208' title='bbox 690 1621 893 1679; x_wconf 87' lang='grc' dir='ltr'><strong><em>χαροποί,</em></strong></span> <span class='ocrx_word' id='word_1_209' title='bbox 923 1619 979 1672; x_wconf 85' lang='grc' dir='ltr'>ὡς</span> <span class='ocrx_word' id='word_1_210' title='bbox 1006 1620 1087 1663; x_wconf 81' lang='grc' dir='ltr'><strong><em>ἀπὸ</em></strong></span> <span class='ocrx_word' id='word_1_211' title='bbox 1119 1620 1233 1662; x_wconf 74' lang='grc' dir='ltr'><strong><em>οἴνου</em></strong></span> <span class='ocrx_word' id='word_1_212' title='bbox 1261 1623 1336 1663; x_wconf 86' lang='grc' dir='ltr'>τοῦ</span> <span class='ocrx_word' id='word_1_213' title='bbox 1367 1617 1600 1674; x_wconf 80' lang='grc' dir='ltr'><strong><em>πνεύματος</em></strong></span> <span class='ocrx_word' id='word_1_214' title='bbox 1623 1625 1742 1662; x_wconf 79' lang='grc' dir='ltr'><strong><em>πε-2&lt;</em></strong></span> 
     </span>
     <span class='ocr_line' id='line_1_22' title="bbox 197 1687 1697 1750; baseline -0.003 -14"><span class='ocrx_word' id='word_1_215' title='bbox 197 1692 456 1750; x_wconf 79' lang='grc' dir='ltr'><strong><em>πληρωμένοι</em></strong></span> <span class='ocrx_word' id='word_1_216' title='bbox 490 1695 566 1734; x_wconf 86' lang='grc' dir='ltr'><em>τοῦ</em></span> <span class='ocrx_word' id='word_1_217' title='bbox 595 1689 710 1748; x_wconf 77' lang='grc' dir='ltr'><strong><em>ἁγίου</em></strong></span> <span class='ocrx_word' id='word_1_218' title='bbox 720 1724 734 1743; x_wconf 86' lang='grc'><strong><em>,</em></strong></span> <span class='ocrx_word' id='word_1_219' title='bbox 772 1690 811 1734; x_wconf 78' lang='grc' dir='ltr'><strong><em>οἳ</em></strong></span> <span class='ocrx_word' id='word_1_220' title='bbox 843 1688 1006 1742; x_wconf 76' lang='grc' dir='ltr'><strong><em>ὀδόντες</em></strong></span> <span class='ocrx_word' id='word_1_221' title='bbox 1034 1690 1080 1733; x_wconf 74' lang='grc' dir='ltr'>δὲ</span> <span class='ocrx_word' id='word_1_222' title='bbox 1109 1687 1211 1747; x_wconf 72' lang='grc' dir='ltr'><strong><em>ὑπὲρ</em></strong></span> <span class='ocrx_word' id='word_1_223' title='bbox 1244 1689 1290 1733; x_wconf 85' lang='grc' dir='ltr'><strong><em>τὸ</em></strong></span> <span class='ocrx_word' id='word_1_224' title='bbox 1318 1688 1426 1746; x_wconf 85' lang='grc' dir='ltr'><strong><em>γάλα</em></strong></span> <span class='ocrx_word' id='word_1_225' title='bbox 1456 1689 1614 1740; x_wconf 87' lang='grc' dir='ltr'><strong><em>λευκοί,</em></strong></span> <span class='ocrx_word' id='word_1_226' title='bbox 1651 1688 1697 1732; x_wconf 82' lang='grc' dir='ltr'><strong><em>τὸ</em></strong></span> 
     </span>
     <span class='ocr_line' id='line_1_23' title="bbox 198 1757 1700 1820; baseline -0.003 -15"><span class='ocrx_word' id='word_1_227' title='bbox 198 1759 422 1820; x_wconf 71' lang='grc' dir='ltr'><strong><em>ὑπερφυῶς</em></strong></span> <span class='ocrx_word' id='word_1_228' title='bbox 460 1761 810 1820; x_wconf 75' lang='grc' dir='ltr'><strong><em>φωτοειὸέστατον</em></strong></span> <span class='ocrx_word' id='word_1_229' title='bbox 848 1764 931 1804; x_wconf 88' lang='grc' dir='ltr'>τῶν</span> <span class='ocrx_word' id='word_1_230' title='bbox 966 1760 1094 1803; x_wconf 73' lang='grc' dir='ltr'><strong><em>αὐτοῦ</em></strong></span> <span class='ocrx_word' id='word_1_231' title='bbox 1127 1758 1259 1816; x_wconf 88' lang='grc' dir='ltr'><strong><em>λόγων</em></strong></span> <span class='ocrx_word' id='word_1_232' title='bbox 1291 1762 1359 1802; x_wconf 83' lang='grc' dir='ltr'>καὶ</span> <span class='ocrx_word' id='word_1_233' title='bbox 1394 1757 1700 1817; x_wconf 73' lang='grc' dir='ltr'><strong><em>καθαρώτατον</em></strong></span> 
     </span>
     <span class='ocr_line' id='line_1_24' title="bbox 202 1827 1700 1891; baseline -0.001 -17"><span class='ocrx_word' id='word_1_234' title='bbox 202 1832 482 1891; x_wconf 76' lang='grc' dir='ltr'><strong><em>ἐμφαίνοντες.</em></strong></span> <span class='ocrx_word' id='word_1_235' title='bbox 540 1831 774 1887; x_wconf 77' lang='grc' dir='ltr'><strong><em>Ζαβουλὼν</em></strong></span> <span class='ocrx_word' id='word_1_236' title='bbox 799 1830 1003 1889; x_wconf 83' lang='grc' dir='ltr'><strong><em>παράλιον</em></strong></span> <span class='ocrx_word' id='word_1_237' title='bbox 1025 1830 1130 1890; x_wconf 82' lang='grc' dir='ltr'><strong><em>πρὸς</em></strong></span> <span class='ocrx_word' id='word_1_238' title='bbox 1151 1829 1282 1888; x_wconf 81' lang='grc' dir='ltr'><strong><em>ὅρμον</em></strong></span> <span class='ocrx_word' id='word_1_239' title='bbox 1301 1829 1453 1873; x_wconf 79' lang='grc' dir='ltr'><strong><em>πλοίὼν</em></strong></span> <span class='ocrx_word' id='word_1_240' title='bbox 1473 1827 1700 1888; x_wconf 78' lang='grc' dir='ltr'><strong><em>προελόμε-</em></strong></span> 
     </span>
    </p>
   </div>
   <div class='ocr_carea' id='block_1_3' title="bbox 168 1960 1710 2949">
    <p class='ocr_par' dir='ltr' id='par_1_3' title="bbox 168 1960 1710 2949">
     <span class='ocr_line' id='line_1_25' title="bbox 202 1960 1704 2011; baseline -0.001 -11"><span class='ocrx_word' id='word_1_241' title='bbox 202 1963 317 2011; x_wconf 87' lang='lat' dir='ltr'>ipsius</span> <span class='ocrx_word' id='word_1_242' title='bbox 342 1976 387 2000; x_wconf 83' lang='lat' dir='ltr'>ex</span> <span class='ocrx_word' id='word_1_243' title='bbox 410 1963 524 2011; x_wconf 86' lang='lat' dir='ltr'>stirpe</span> <span class='ocrx_word' id='word_1_244' title='bbox 546 1963 739 2010; x_wconf 89' lang='lat' dir='ltr'>oriturum,</span> <span class='ocrx_word' id='word_1_245' title='bbox 776 1962 968 2011; x_wconf 87' lang='lat' dir='ltr'>perspicue</span> <span class='ocrx_word' id='word_1_246' title='bbox 1000 1962 1127 1999; x_wconf 83' lang='lat' dir='ltr'>laetam</span> <span class='ocrx_word' id='word_1_247' title='bbox 1150 1960 1265 1997; x_wconf 81' lang='lat' dir='ltr'>laudis</span> <span class='ocrx_word' id='word_1_248' title='bbox 1287 1962 1508 1998; x_wconf 82' lang='lat' dir='ltr'>adorationis</span> <span class='ocrx_word' id='word_1_249' title='bbox 1530 1967 1638 2010; x_wconf 81' lang='lat' dir='ltr'>atque</span> <span class='ocrx_word' id='word_1_250' title='bbox 1658 1963 1704 1998; x_wconf 87' lang='lat' dir='ltr'>de</span> 
     </span>
     <span class='ocr_line' id='line_1_26' title="bbox 203 2009 1704 2056; baseline -0.001 -9"><span class='ocrx_word' id='word_1_251' title='bbox 203 2012 363 2048; x_wconf 66' lang='lat' dir='ltr'>omnibus</span> <span class='ocrx_word' id='word_1_252' title='bbox 391 2011 554 2047; x_wconf 75' lang='lat' dir='ltr'>hostibus</span> <span class='ocrx_word' id='word_1_253' title='bbox 587 2011 762 2046; x_wconf 80' lang='lat' dir='ltr'>victoriae</span> <span class='ocrx_word' id='word_1_254' title='bbox 793 2010 1098 2047; x_wconf 82' lang='lat' dir='ltr'>denuntiationem</span> <span class='ocrx_word' id='word_1_255' title='bbox 1133 2009 1302 2056; x_wconf 80' lang='lat' dir='ltr'>exponit3</span> <span class='ocrx_word' id='word_1_256' title='bbox 1337 2021 1442 2056; x_wconf 86' lang='lat' dir='ltr'>quem</span> <span class='ocrx_word' id='word_1_257' title='bbox 1477 2016 1516 2045; x_wconf 87' lang='lat' dir='ltr'>et</span> <span class='ocrx_word' id='word_1_258' title='bbox 1550 2010 1704 2045; x_wconf 85' lang='lat' dir='ltr'>catulum</span> 
     </span>
     <span class='ocr_line' id='line_1_27' title="bbox 202 2057 1704 2105; baseline -0.001 -12"><span class='ocrx_word' id='word_1_259' title='bbox 202 2058 315 2094; x_wconf 84' lang='lat' dir='ltr'>leonis</span> <span class='ocrx_word' id='word_1_260' title='bbox 341 2060 385 2094; x_wconf 91' lang='lat' dir='ltr'>ob</span> <span class='ocrx_word' id='word_1_261' title='bbox 410 2058 587 2104; x_wconf 85' lang='lat' dir='ltr'>unigeniti</span> <span class='ocrx_word' id='word_1_262' title='bbox 605 2065 764 2093; x_wconf 78' lang='lat' dir='ltr'>naturam</span> <span class='ocrx_word' id='word_1_263' title='bbox 789 2058 945 2103; x_wconf 77' lang='lat' dir='ltr'>regiam,</span> <span class='ocrx_word' id='word_1_264' title='bbox 982 2063 1018 2093; x_wconf 87' lang='lat' dir='ltr'>et</span> <span class='ocrx_word' id='word_1_265' title='bbox 1042 2069 1188 2103; x_wconf 81' lang='lat' dir='ltr'>germen</span> <span class='ocrx_word' id='word_1_266' title='bbox 1213 2070 1256 2092; x_wconf 87' lang='lat' dir='ltr'>ex</span> <span class='ocrx_word' id='word_1_267' title='bbox 1280 2057 1360 2104; x_wconf 88' lang='lat' dir='ltr'>ipso</span> <span class='ocrx_word' id='word_1_268' title='bbox 1384 2057 1634 2105; x_wconf 79' lang='lat' dir='ltr'><strong>pullulaturum</strong></span> <span class='ocrx_word' id='word_1_269' title='bbox 1659 2058 1704 2092; x_wconf 92' lang='lat' dir='ltr'>ob</span> 
     </span>
     <span class='ocr_line' id='line_1_28' title="bbox 202 2104 1707 2152; baseline -0.001 -11"><span class='ocrx_word' id='word_1_270' title='bbox 202 2105 320 2142; x_wconf 74' lang='lat' dir='ltr'>carnis</span> <span class='ocrx_word' id='word_1_271' title='bbox 352 2106 397 2141; x_wconf 89' lang='lat' dir='ltr'>de</span> <span class='ocrx_word' id='word_1_272' title='bbox 429 2105 572 2151; x_wconf 83' lang='lat' dir='ltr'>virgine</span> <span class='ocrx_word' id='word_1_273' title='bbox 606 2104 883 2152; x_wconf 80' lang='lat' dir='ltr'>assumptionem</span> <span class='ocrx_word' id='word_1_274' title='bbox 915 2110 952 2139; x_wconf 83' lang='lat' dir='ltr'>et</span> <span class='ocrx_word' id='word_1_275' title='bbox 980 2105 1150 2140; x_wconf 77' lang='lat' dir='ltr'>humanos</span> <span class='ocrx_word' id='word_1_276' title='bbox 1176 2104 1312 2140; x_wconf 77' lang='lat' dir='ltr'>natales</span> <span class='ocrx_word' id='word_1_277' title='bbox 1332 2104 1507 2152; x_wconf 79' lang='lat' dir='ltr'>appellat.</span> <span class='ocrx_word' id='word_1_278' title='bbox 1554 2106 1707 2140; x_wconf 88' lang='lat' dir='ltr'>eundem</span> 
     </span>
     <span class='ocr_line' id='line_1_29' title="bbox 203 2151 1708 2199; baseline -0.001 -11"><span class='ocrx_word' id='word_1_279' title='bbox 203 2164 347 2199; x_wconf 81' lang='lat' dir='ltr'>quoque</span> <span class='ocrx_word' id='word_1_280' title='bbox 378 2154 585 2188; x_wconf 83' lang='lat' dir='ltr'>moriturum</span> <span class='ocrx_word' id='word_1_281' title='bbox 620 2157 658 2188; x_wconf 90' lang='lat' dir='ltr'>et</span> <span class='ocrx_word' id='word_1_282' title='bbox 690 2152 788 2188; x_wconf 74' lang='lat' dir='ltr'>vitae</span> <span class='ocrx_word' id='word_1_283' title='bbox 818 2151 1022 2188; x_wconf 87' lang='lat' dir='ltr'>restitutum</span> <span class='ocrx_word' id='word_1_284' title='bbox 1050 2152 1120 2197; x_wconf 87' lang='lat' dir='ltr'>iri,</span> <span class='ocrx_word' id='word_1_285' title='bbox 1154 2153 1198 2187; x_wconf 92' lang='lat' dir='ltr'>ob</span> <span class='ocrx_word' id='word_1_286' title='bbox 1224 2151 1347 2187; x_wconf 80' lang='lat' dir='ltr'>mortis</span> <span class='ocrx_word' id='word_1_287' title='bbox 1371 2151 1646 2199; x_wconf 76' lang='lat' dir='ltr'>propensionem</span> <span class='ocrx_word' id='word_1_288' title='bbox 1671 2156 1708 2186; x_wconf 85' lang='lat' dir='ltr'>et</span> 
     </span>
     <span class='ocr_line' id='line_1_30' title="bbox 203 2199 1705 2246; baseline -0.001 -11"><span class='ocrx_word' id='word_1_289' title='bbox 203 2199 521 2244; x_wconf 84' lang='lat' dir='ltr'>resurrectionem,</span> <span class='ocrx_word' id='word_1_290' title='bbox 546 2199 734 2234; x_wconf 84' lang='lat' dir='ltr'>evidenter</span> <span class='ocrx_word' id='word_1_291' title='bbox 756 2199 810 2235; x_wconf 85' lang='lat' dir='ltr'>ibi</span> <span class='ocrx_word' id='word_1_292' title='bbox 834 2199 967 2246; x_wconf 86' lang='lat' dir='ltr'>primus</span> <span class='ocrx_word' id='word_1_293' title='bbox 993 2199 1145 2234; x_wconf 90' lang='lat' dir='ltr'>omnium</span> <span class='ocrx_word' id='word_1_294' title='bbox 1169 2199 1310 2233; x_wconf 81' lang='lat' dir='ltr'>divinus</span> <span class='ocrx_word' id='word_1_295' title='bbox 1334 2199 1513 2245; x_wconf 81' lang='lat' dir='ltr'>praedicit</span> <span class='ocrx_word' id='word_1_296' title='bbox 1534 2199 1705 2235; x_wconf 81' lang='lat' dir='ltr'>Israelus.</span> 
     </span>
     <span class='ocr_line' id='line_1_31' title="bbox 204 2246 1706 2293; baseline -0.001 -11"><span class='ocrx_word' id='word_1_297' title='bbox 204 2247 255 2282; x_wconf 77' lang='lat' dir='ltr'>ait</span> <span class='ocrx_word' id='word_1_298' title='bbox 285 2259 370 2282; x_wconf 88' lang='lat' dir='ltr'>vero</span> <span class='ocrx_word' id='word_1_299' title='bbox 403 2258 578 2292; x_wconf 79' lang='lat' dir='ltr'>nunquam</span> <span class='ocrx_word' id='word_1_300' title='bbox 612 2246 808 2293; x_wconf 86' lang='lat' dir='ltr'>principem</span> <span class='ocrx_word' id='word_1_301' title='bbox 832 2259 896 2282; x_wconf 86' lang='lat' dir='ltr'>seu</span> <span class='ocrx_word' id='word_1_302' title='bbox 922 2247 1105 2282; x_wconf 87' lang='lat' dir='ltr'>ductorem</span> <span class='ocrx_word' id='word_1_303' title='bbox 1133 2258 1177 2281; x_wconf 91' lang='lat' dir='ltr'>ex</span> <span class='ocrx_word' id='word_1_304' title='bbox 1206 2246 1320 2291; x_wconf 82' lang='lat' dir='ltr'>stirpe</span> <span class='ocrx_word' id='word_1_305' title='bbox 1344 2247 1456 2282; x_wconf 83' lang='lat' dir='ltr'>Iudae</span> <span class='ocrx_word' id='word_1_306' title='bbox 1489 2246 1706 2291; x_wconf 82' lang='lat' dir='ltr'>defuturum,</span> 
     </span>
     <span class='ocr_line' id='line_1_32' title="bbox 204 2293 1708 2340; baseline -0.001 -12"><span class='ocrx_word' id='word_1_307' title='bbox 204 2294 316 2329; x_wconf 86' lang='lat' dir='ltr'>donec</span> <span class='ocrx_word' id='word_1_308' title='bbox 339 2293 377 2329; x_wconf 90' lang='lat' dir='ltr'>id</span> <span class='ocrx_word' id='word_1_309' title='bbox 403 2294 523 2330; x_wconf 82' lang='lat' dir='ltr'>veniat</span> <span class='ocrx_word' id='word_1_310' title='bbox 547 2293 605 2329; x_wconf 87' lang='lat' dir='ltr'>cui</span> <span class='ocrx_word' id='word_1_311' title='bbox 630 2306 687 2329; x_wconf 87' lang='lat' dir='ltr'>res</span> <span class='ocrx_word' id='word_1_312' title='bbox 713 2293 895 2339; x_wconf 83' lang='lat' dir='ltr'>repositae</span> <span class='ocrx_word' id='word_1_313' title='bbox 917 2299 1020 2338; x_wconf 87' lang='lat' dir='ltr'>sunt,</span> <span class='ocrx_word' id='word_1_314' title='bbox 1060 2304 1187 2339; x_wconf 88' lang='lat' dir='ltr'>nempe</span> <span class='ocrx_word' id='word_1_315' title='bbox 1210 2293 1397 2339; x_wconf 77' lang='lat' dir='ltr'>Christus,</span> <span class='ocrx_word' id='word_1_316' title='bbox 1424 2294 1486 2340; x_wconf 91' lang='lat' dir='ltr'>qui</span> <span class='ocrx_word' id='word_1_317' title='bbox 1510 2305 1597 2329; x_wconf 88' lang='lat' dir='ltr'>vere</span> <span class='ocrx_word' id='word_1_318' title='bbox 1615 2304 1708 2338; x_wconf 81' lang='lat' dir='ltr'>gen-</span> 
     </span>
     <span class='ocr_line' id='line_1_33' title="bbox 203 2340 1706 2387; baseline -0.001 -11"><span class='ocrx_word' id='word_1_319' title='bbox 203 2340 291 2376; x_wconf 85' lang='lat' dir='ltr'>tium</span> <span class='ocrx_word' id='word_1_320' title='bbox 316 2341 536 2387; x_wconf 81' lang='lat' dir='ltr'>exspectatio</span> <span class='ocrx_word' id='word_1_321' title='bbox 562 2346 636 2383; x_wconf 83' lang='lat' dir='ltr'>est3</span> <span class='ocrx_word' id='word_1_322' title='bbox 672 2341 734 2387; x_wconf 81' lang='lat' dir='ltr'>qui</span> <span class='ocrx_word' id='word_1_323' title='bbox 759 2340 901 2376; x_wconf 84' lang='lat' dir='ltr'>Iudaeis</span> <span class='ocrx_word' id='word_1_324' title='bbox 925 2341 1055 2375; x_wconf 80' lang='lat' dir='ltr'>fastum</span> <span class='ocrx_word' id='word_1_325' title='bbox 1079 2340 1337 2387; x_wconf 82' lang='lat' dir='ltr'>elationemque</span> <span class='ocrx_word' id='word_1_326' title='bbox 1360 2353 1519 2386; x_wconf 90' lang='lat' dir='ltr'>omnem,</span> <span class='ocrx_word' id='word_1_327' title='bbox 1544 2346 1585 2376; x_wconf 89' lang='lat' dir='ltr'>ut</span> <span class='ocrx_word' id='word_1_328' title='bbox 1606 2340 1634 2375; x_wconf 89' lang='lat' dir='ltr'>ii</span> <span class='ocrx_word' id='word_1_329' title='bbox 1659 2341 1706 2375; x_wconf 93' lang='lat' dir='ltr'>ob</span> 
     </span>
     <span class='ocr_line' id='line_1_34' title="bbox 202 2386 1707 2435; baseline 0 -14"><span class='ocrx_word' id='word_1_330' title='bbox 202 2397 350 2433; x_wconf 84' lang='lat' dir='ltr'>regnum</span> <span class='ocrx_word' id='word_1_331' title='bbox 372 2387 557 2434; x_wconf 84' lang='lat' dir='ltr'>imperium</span> <span class='ocrx_word' id='word_1_332' title='bbox 578 2388 851 2434; x_wconf 83' lang='lat' dir='ltr'>universamque</span> <span class='ocrx_word' id='word_1_333' title='bbox 875 2393 1090 2435; x_wconf 88' lang='lat' dir='ltr'>potestatem</span> <span class='ocrx_word' id='word_1_334' title='bbox 1119 2387 1383 2433; x_wconf 82' lang='lat' dir='ltr'>gloriabantur,</span> <span class='ocrx_word' id='word_1_335' title='bbox 1419 2387 1601 2431; x_wconf 81' lang='lat' dir='ltr'>adimens,</span> <span class='ocrx_word' id='word_1_336' title='bbox 1635 2386 1707 2422; x_wconf 89' lang='lat' dir='ltr'>sibi</span> 
     </span>
     <span class='ocr_line' id='line_1_35' title="bbox 205 2434 1706 2482; baseline 0.001 -14"><span class='ocrx_word' id='word_1_337' title='bbox 205 2441 246 2469; x_wconf 93' lang='lat' dir='ltr'>ut</span> <span class='ocrx_word' id='word_1_338' title='bbox 270 2434 505 2482; x_wconf 82' lang='lat' dir='ltr'>omnipotenti</span> <span class='ocrx_word' id='word_1_339' title='bbox 526 2446 662 2471; x_wconf 90' lang='lat' dir='ltr'>omnem</span> <span class='ocrx_word' id='word_1_340' title='bbox 686 2435 932 2470; x_wconf 83' lang='lat' dir='ltr'>universarum</span> <span class='ocrx_word' id='word_1_341' title='bbox 960 2446 1078 2470; x_wconf 84' lang='lat' dir='ltr'>rerum</span> <span class='ocrx_word' id='word_1_342' title='bbox 1097 2435 1372 2471; x_wconf 80' lang='lat' dir='ltr'>dominationem</span> <span class='ocrx_word' id='word_1_343' title='bbox 1392 2435 1596 2481; x_wconf 84' lang='lat' dir='ltr'>vindicans,</span> <span class='ocrx_word' id='word_1_344' title='bbox 1624 2434 1706 2481; x_wconf 76' lang='lat' dir='ltr'>qui-</span> 
     </span>
     <span class='ocr_line' id='line_1_36' title="bbox 205 2481 1709 2528; baseline 0.002 -13"><span class='ocrx_word' id='word_1_345' title='bbox 205 2481 271 2515; x_wconf 89' lang='lat' dir='ltr'>bus</span> <span class='ocrx_word' id='word_1_346' title='bbox 307 2481 384 2516; x_wconf 87' lang='lat' dir='ltr'>vult</span> <span class='ocrx_word' id='word_1_347' title='bbox 419 2494 462 2517; x_wconf 85' lang='lat' dir='ltr'>ea</span> <span class='ocrx_word' id='word_1_348' title='bbox 493 2482 572 2528; x_wconf 89' lang='lat' dir='ltr'>ipse</span> <span class='ocrx_word' id='word_1_349' title='bbox 604 2482 770 2528; x_wconf 81' lang='lat' dir='ltr'>largitur.</span> <span class='ocrx_word' id='word_1_350' title='bbox 819 2482 850 2517; x_wconf 88' lang='lat' dir='ltr'>is</span> <span class='ocrx_word' id='word_1_351' title='bbox 882 2482 927 2518; x_wconf 80' lang='lat' dir='ltr'>ad</span> <span class='ocrx_word' id='word_1_352' title='bbox 963 2481 1072 2516; x_wconf 85' lang='lat' dir='ltr'>vitem</span> <span class='ocrx_word' id='word_1_353' title='bbox 1107 2493 1227 2527; x_wconf 78' lang='lat' dir='ltr'>suam,</span> <span class='ocrx_word' id='word_1_354' title='bbox 1263 2482 1331 2518; x_wconf 90' lang='lat' dir='ltr'>hoc</span> <span class='ocrx_word' id='word_1_355' title='bbox 1355 2487 1412 2517; x_wconf 82' lang='lat' dir='ltr'>est</span> <span class='ocrx_word' id='word_1_356' title='bbox 1432 2488 1636 2517; x_wconf 79' lang='lat' dir='ltr'>sanctorum</span> <span class='ocrx_word' id='word_1_357' title='bbox 1663 2493 1709 2518; x_wconf 79' lang='lat' dir='ltr'>ex</span> 
     </span>
     <span class='ocr_line' id='line_1_37' title="bbox 206 2526 1708 2576; baseline 0.002 -15"><span class='ocrx_word' id='word_1_358' title='bbox 206 2526 472 2564; x_wconf 85' lang='lat' dir='ltr'>circumcisione</span> <span class='ocrx_word' id='word_1_359' title='bbox 492 2529 696 2575; x_wconf 79' lang='lat' dir='ltr'>ecclesiam,</span> <span class='ocrx_word' id='word_1_360' title='bbox 730 2528 862 2576; x_wconf 90' lang='lat' dir='ltr'>pullum</span> <span class='ocrx_word' id='word_1_361' title='bbox 885 2528 1028 2574; x_wconf 83' lang='lat' dir='ltr'>asinae,</span> <span class='ocrx_word' id='word_1_362' title='bbox 1060 2528 1096 2564; x_wconf 90' lang='lat' dir='ltr'>id</span> <span class='ocrx_word' id='word_1_363' title='bbox 1117 2535 1173 2564; x_wconf 84' lang='lat' dir='ltr'>est</span> <span class='ocrx_word' id='word_1_364' title='bbox 1194 2529 1360 2566; x_wconf 82' lang='lat' dir='ltr'>collectas</span> <span class='ocrx_word' id='word_1_365' title='bbox 1383 2541 1428 2564; x_wconf 85' lang='lat' dir='ltr'>ex</span> <span class='ocrx_word' id='word_1_366' title='bbox 1453 2528 1619 2574; x_wconf 80' lang='lat' dir='ltr'>gentibus</span> <span class='ocrx_word' id='word_1_367' title='bbox 1644 2540 1708 2564; x_wconf 85' lang='lat' dir='ltr'>ec-</span> 
     </span>
     <span class='ocr_line' id='line_1_38' title="bbox 204 2572 1708 2623; baseline 0.002 -15"><span class='ocrx_word' id='word_1_368' title='bbox 204 2572 356 2620; x_wconf 76' lang='lat' dir='ltr'>clesias,</span> <span class='ocrx_word' id='word_1_369' title='bbox 391 2575 556 2621; x_wconf 76' lang='lat' dir='ltr'>capreolo</span> <span class='ocrx_word' id='word_1_370' title='bbox 581 2576 688 2622; x_wconf 87' lang='lat' dir='ltr'>vitis,</span> <span class='ocrx_word' id='word_1_371' title='bbox 721 2576 817 2623; x_wconf 88' lang='lat' dir='ltr'>quod</span> <span class='ocrx_word' id='word_1_372' title='bbox 837 2580 894 2612; x_wconf 83' lang='lat' dir='ltr'>est</span> <span class='ocrx_word' id='word_1_373' title='bbox 916 2576 1065 2622; x_wconf 85' lang='lat' dir='ltr'>spiritus</span> <span class='ocrx_word' id='word_1_374' title='bbox 1090 2575 1311 2622; x_wconf 85' lang='lat' dir='ltr'>dilectionis,</span> <span class='ocrx_word' id='word_1_375' title='bbox 1340 2575 1516 2621; x_wconf 78' lang='lat' dir='ltr'>alligavit.</span> <span class='ocrx_word' id='word_1_376' title='bbox 1574 2575 1607 2611; x_wconf 84' lang='lat' dir='ltr'>is</span> <span class='ocrx_word' id='word_1_377' title='bbox 1630 2582 1708 2611; x_wconf 85' lang='lat' dir='ltr'>sto-</span> 
     </span>
     <span class='ocr_line' id='line_1_39' title="bbox 205 2618 1707 2669; baseline 0.002 -14"><span class='ocrx_word' id='word_1_378' title='bbox 205 2618 276 2655; x_wconf 81' lang='lat' dir='ltr'>lam</span> <span class='ocrx_word' id='word_1_379' title='bbox 299 2633 418 2667; x_wconf 78' lang='lat' dir='ltr'>suam,</span> <span class='ocrx_word' id='word_1_380' title='bbox 453 2622 568 2658; x_wconf 87' lang='lat' dir='ltr'>carnis</span> <span class='ocrx_word' id='word_1_381' title='bbox 600 2623 770 2659; x_wconf 87' lang='lat' dir='ltr'>videlicet</span> <span class='ocrx_word' id='word_1_382' title='bbox 793 2623 977 2668; x_wconf 80' lang='lat' dir='ltr'>amictum,</span> <span class='ocrx_word' id='word_1_383' title='bbox 1013 2629 1053 2658; x_wconf 87' lang='lat' dir='ltr'>ut</span> <span class='ocrx_word' id='word_1_384' title='bbox 1077 2622 1114 2658; x_wconf 90' lang='lat' dir='ltr'>in</span> <span class='ocrx_word' id='word_1_385' title='bbox 1143 2623 1226 2659; x_wconf 89' lang='lat' dir='ltr'>vino</span> <span class='ocrx_word' id='word_1_386' title='bbox 1250 2624 1289 2660; x_wconf 84' lang='lat' dir='ltr'>in</span> <span class='ocrx_word' id='word_1_387' title='bbox 1312 2622 1488 2669; x_wconf 78' lang='lat' dir='ltr'>sanguine</span> <span class='ocrx_word' id='word_1_388' title='bbox 1515 2622 1602 2658; x_wconf 80' lang='lat' dir='ltr'>vitis</span> <span class='ocrx_word' id='word_1_389' title='bbox 1631 2622 1707 2659; x_wconf 87' lang='lat' dir='ltr'>tin·-</span> 
     </span>
     <span class='ocr_line' id='line_1_40' title="bbox 208 2668 1710 2717; baseline 0.002 -14"><span class='ocrx_word' id='word_1_390' title='bbox 208 2671 320 2711; x_wconf 80' lang='lat' dir='ltr'>ctam‚</span> <span class='ocrx_word' id='word_1_391' title='bbox 357 2668 395 2703; x_wconf 87' lang='lat' dir='ltr'>in</span> <span class='ocrx_word' id='word_1_392' title='bbox 415 2677 478 2704; x_wconf 88' lang='lat' dir='ltr'>suo</span> <span class='ocrx_word' id='word_1_393' title='bbox 503 2670 648 2716; x_wconf 87' lang='lat' dir='ltr'>proprio</span> <span class='ocrx_word' id='word_1_394' title='bbox 671 2670 845 2716; x_wconf 82' lang='lat' dir='ltr'>sanguine</span> <span class='ocrx_word' id='word_1_395' title='bbox 875 2669 1033 2714; x_wconf 81' lang='lat' dir='ltr'>lavabit,</span> <span class='ocrx_word' id='word_1_396' title='bbox 1065 2670 1103 2706; x_wconf 89' lang='lat' dir='ltr'>id</span> <span class='ocrx_word' id='word_1_397' title='bbox 1126 2676 1199 2717; x_wconf 86' lang='lat' dir='ltr'>est,</span> <span class='ocrx_word' id='word_1_398' title='bbox 1236 2683 1282 2707; x_wconf 84' lang='lat' dir='ltr'>ex</span> <span class='ocrx_word' id='word_1_399' title='bbox 1312 2668 1462 2706; x_wconf 82' lang='lat' dir='ltr'>interitu</span> <span class='ocrx_word' id='word_1_400' title='bbox 1485 2670 1639 2705; x_wconf 81' lang='lat' dir='ltr'>naturali</span> <span class='ocrx_word' id='word_1_401' title='bbox 1663 2669 1710 2706; x_wconf 82' lang='lat' dir='ltr'>ad</span> 
     </span>
     <span class='ocr_line' id='line_1_41' title="bbox 208 2714 1708 2765; baseline 0.003 -17"><span class='ocrx_word' id='word_1_402' title='bbox 208 2714 449 2750; x_wconf 87' lang='lat' dir='ltr'>condicionem</span> <span class='ocrx_word' id='word_1_403' title='bbox 467 2715 633 2752; x_wconf 84' lang='lat' dir='ltr'>interitus</span> <span class='ocrx_word' id='word_1_404' title='bbox 653 2723 836 2765; x_wconf 85' lang='lat' dir='ltr'>expertem</span> <span class='ocrx_word' id='word_1_405' title='bbox 855 2718 1070 2762; x_wconf 80' lang='lat' dir='ltr'>transferet,</span> <span class='ocrx_word' id='word_1_406' title='bbox 1089 2717 1376 2764; x_wconf 79' lang='lat' dir='ltr'>quandoquidem</span> <span class='ocrx_word' id='word_1_407' title='bbox 1396 2716 1434 2752; x_wconf 90' lang='lat' dir='ltr'>in</span> <span class='ocrx_word' id='word_1_408' title='bbox 1452 2728 1560 2752; x_wconf 78' lang='lat' dir='ltr'>cruce</span> <span class='ocrx_word' id='word_1_409' title='bbox 1577 2729 1708 2752; x_wconf 82' lang='lat' dir='ltr'>cruen-</span> 
     </span>
     <span class='ocr_line' id='line_1_42' title="bbox 207 2762 1708 2811; baseline 0.003 -16"><span class='ocrx_word' id='word_1_410' title='bbox 207 2764 325 2807; x_wconf 82' lang='lat' dir='ltr'>tatus,</span> <span class='ocrx_word' id='word_1_411' title='bbox 362 2774 384 2797; x_wconf 82' lang='lat' dir='ltr'><strong>a</strong></span> <span class='ocrx_word' id='word_1_412' title='bbox 412 2762 559 2798; x_wconf 89' lang='lat' dir='ltr'>mortuis</span> <span class='ocrx_word' id='word_1_413' title='bbox 583 2775 691 2809; x_wconf 86' lang='lat' dir='ltr'>purus</span> <span class='ocrx_word' id='word_1_414' title='bbox 714 2777 756 2799; x_wconf 84' lang='lat' dir='ltr'>ac</span> <span class='ocrx_word' id='word_1_415' title='bbox 787 2765 952 2801; x_wconf 88' lang='lat' dir='ltr'>interitui</span> <span class='ocrx_word' id='word_1_416' title='bbox 974 2776 1196 2811; x_wconf 77' lang='lat' dir='ltr'>nequaquam</span> <span class='ocrx_word' id='word_1_417' title='bbox 1221 2776 1328 2811; x_wconf 87' lang='lat' dir='ltr'>porro</span> <span class='ocrx_word' id='word_1_418' title='bbox 1356 2763 1529 2803; x_wconf 84' lang='lat' dir='ltr'>obnoxius</span> <span class='ocrx_word' id='word_1_419' title='bbox 1554 2764 1708 2800; x_wconf 84' lang='lat' dir='ltr'>exstitit.</span> 
     </span>
     <span class='ocr_line' id='line_1_43' title="bbox 207 2805 1709 2859; baseline 0.002 -17"><span class='ocrx_word' id='word_1_420' title='bbox 207 2805 313 2843; x_wconf 77' lang='lat' dir='ltr'>huius</span> <span class='ocrx_word' id='word_1_421' title='bbox 338 2809 444 2844; x_wconf 73' lang='lat' dir='ltr'>etiam</span> <span class='ocrx_word' id='word_1_422' title='bbox 468 2809 598 2844; x_wconf 83' lang='lat' dir='ltr'>hilares</span> <span class='ocrx_word' id='word_1_423' title='bbox 622 2815 705 2845; x_wconf 90' lang='lat' dir='ltr'>sunt</span> <span class='ocrx_word' id='word_1_424' title='bbox 728 2811 840 2857; x_wconf 88' lang='lat' dir='ltr'>oculi,</span> <span class='ocrx_word' id='word_1_425' title='bbox 871 2818 1039 2859; x_wconf 74' lang='lat' dir='ltr'>tauquam</span> <span class='ocrx_word' id='word_1_426' title='bbox 1063 2824 1084 2846; x_wconf 77' lang='lat' dir='ltr'>a</span> <span class='ocrx_word' id='word_1_427' title='bbox 1106 2812 1214 2857; x_wconf 87' lang='lat' dir='ltr'>vino,</span> <span class='ocrx_word' id='word_1_428' title='bbox 1242 2811 1374 2857; x_wconf 84' lang='lat' dir='ltr'>spiritu</span> <span class='ocrx_word' id='word_1_429' title='bbox 1397 2811 1560 2847; x_wconf 85' lang='lat' dir='ltr'>nimirum</span> <span class='ocrx_word' id='word_1_430' title='bbox 1585 2816 1709 2847; x_wconf 81' lang='lat' dir='ltr'>sancto</span> 
     </span>
     <span class='ocr_line' id='line_1_44' title="bbox 207 2854 1709 2909; baseline 0.002 -21"><span class='ocrx_word' id='word_1_431' title='bbox 207 2854 350 2909; x_wconf 83' lang='lat' dir='ltr'>repleti.</span> <span class='ocrx_word' id='word_1_432' title='bbox 400 2855 524 2891; x_wconf 79' lang='lat' dir='ltr'>dentes</span> <span class='ocrx_word' id='word_1_433' title='bbox 558 2856 650 2892; x_wconf 84' lang='lat' dir='ltr'>lacte</span> <span class='ocrx_word' id='word_1_434' title='bbox 684 2858 911 2895; x_wconf 80' lang='lat' dir='ltr'>candidiores</span> <span class='ocrx_word' id='word_1_435' title='bbox 943 2858 1274 2897; x_wconf 77' lang='lat' dir='ltr'>excellentissimam</span> <span class='ocrx_word' id='word_1_436' title='bbox 1298 2869 1498 2894; x_wconf 88' lang='lat' dir='ltr'>sermonum</span> <span class='ocrx_word' id='word_1_437' title='bbox 1523 2858 1600 2894; x_wconf 80' lang='lat' dir='ltr'>eius</span> <span class='ocrx_word' id='word_1_438' title='bbox 1625 2869 1709 2904; x_wconf 89' lang='lat' dir='ltr'>per-</span> 
     </span>
     <span class='ocr_line' id='line_1_45' title="bbox 168 2901 1709 2949; baseline 0.002 -12"><span class='ocrx_word' id='word_1_439' title='bbox 168 2910 170 2912; x_wconf 78' lang='lat'>·</span> <span class='ocrx_word' id='word_1_440' title='bbox 208 2901 433 2948; x_wconf 63' lang='lat' dir='ltr'>spreuitatem</span> <span class='ocrx_word' id='word_1_441' title='bbox 459 2908 568 2948; x_wconf 68' lang='lat' dir='ltr'>atque</span> <span class='ocrx_word' id='word_1_442' title='bbox 593 2903 782 2949; x_wconf 84' lang='lat' dir='ltr'>puritatem</span> <span class='ocrx_word' id='word_1_443' title='bbox 803 2910 941 2942; x_wconf 82' lang='lat' dir='ltr'>notant.</span> <span class='ocrx_word' id='word_1_444' title='bbox 991 2905 1154 2941; x_wconf 75' lang='lat' dir='ltr'>Zabulon</span> <span class='ocrx_word' id='word_1_445' title='bbox 1178 2905 1387 2941; x_wconf 81' lang='lat' dir='ltr'>maritimam</span> <span class='ocrx_word' id='word_1_446' title='bbox 1408 2906 1451 2941; x_wconf 81' lang='lat' dir='ltr'>ad</span> <span class='ocrx_word' id='word_1_447' title='bbox 1471 2905 1614 2942; x_wconf 83' lang='lat' dir='ltr'>navium</span> <span class='ocrx_word' id='word_1_448' title='bbox 1633 2910 1709 2941; x_wconf 84' lang='lat' dir='ltr'>sta-</span> 
     </span>
    </p>
   </div>
  </div>
 </body>
</html>
