1742 3184
217 191 312 241 166
694 191 936 239 GEORGII
960 191 1208 237 GEDRENI

210 307 462 366 Αἰγυπτίων.
531 305 724 362 τούτους,
771 308 920 367 φησίν,
942 305 1139 358 ἅπαντας
1172 303 1194 349 ὅ
1228 299 1428 360 Σολομῶν
1455 304 1692 365 ἀπέκρυψεν

211 378 283 423 ἅτε
307 376 462 422 θεόθεν
483 382 556 433 τῆς
575 380 725 436 σοφίας
744 378 791 421 τὸ
817 381 952 435 δῶρον
974 375 1204 432 δεξάμενος.
1275 373 1375 418 ὅθεν
1399 372 1572 433 ἐπήγαγε
1591 374 1691 419 “arai

211 448 431 506 ἑσοφίσατο
448 446 548 506 ὑπὲρ
565 447 719 498 πάντας
740 445 1006 505 ἀνθρώπους,
1037 447 1106 489 καὶ
1122 443 1291 500 ἕλάλησε
1309 447 1535 503 τρισχιλίας
1552 464 1690 504 παρα-

208 515 360 572 βολάς,
396 518 464 559 καὶ
484 512 588 571 ἦσαν
609 517 652 560 αἱ
669 517 775 575 ᾠδαὶ
797 516 925 560 αὐτοῦ
943 516 1287 570 πεντακισχίλιαι,
1322 516 1390 557 καὶ
1408 513 1579 570 ἔλάλησε
1597 517 1688 574 περὶ

209 591 291 630 τῶν
326 584 458 638 ’ξύλων
491 591 573 630 τῶν
603 586 682 630 ἀπὸ
714 591 789 642 τῆς
817 586 966 643 κέδρου
991 590 1064 640 τῆς
1087 586 1128 628 ἐν
1150 588 1207 643 τῷ
1228 582 1409 642 Λιβάνῳ
1430 586 1498 633 καὶ
1521 585 1596 636 ἕως
1617 590 1726 640 τῆςᾰ

208 653 376 700 ὑσώπου
396 660 469 711 τῆς
491 655 808 713 ἔκπορευομίνης
829 655 897 698 διὰ
918 659 990 697 τοῦ
1014 655 1172 710 τοίχου,
1209 655 1280 696 καὶ
1301 651 1472 709 {adanae
1494 656 1585 710 περὶ
1609 660 1690 697 τῶν

211 729 368 781 κτηνῶν
388 727 456 768 καὶ
479 730 559 769 τῶν
582 724 762 782 ἑρπετῶν
781 727 850 768 καὶ
869 728 951 768 τῶν
973 728 1161 767 πετεινῶν
1182 724 1250 766 καὶ
1271 724 1362 780 περὶ
1381 728 1463 766 τῶν
1483 722 1687 779 ἰχθύων.”

210 794 289 853 ἀφ’
320 788 376 838 ὧν
404 794 442 837 οἱ
468 800 548 838 τῶν
574 792 778 850 Ἑλλήνων
809 795 1120 852 ιάτροσοφισταὶ
1151 790 1487 851 σφετερισάμενοι
1517 795 1586 836 καὶ
1614 793 1691 845 τὰς

210 863 407 922 ἀφορμὰς
447 862 657 922 εἷληφότες
695 863 770 916 τὰς
810 865 960 915 οῗκείας
988 860 1285 918 συνεστήσαντο
1313 863 1469 917 τέχνας.
1537 861 1692 914 ταύτας

210 933 380 991 ἀφανεῖς
409 934 593 989 ἐποίησεν
617 934 794 987 Ἐζεκίας
814 932 835 976 ὃ
856 931 1074 988 βασιλεύς,
1110 932 1247 988 ἐπειδὴ
1271 931 1346 983 τὰς
1363 933 1588 989 θεραπείας
1610 937 1691 976 τῶν
1703 939 1742 976 10

158 1010 191 1046 D
214 1000 454 1058 νοσημάτων
485 1002 602 1046 ἔνθεν
627 1003 891 1059 κομιζόμενος
917 1001 939 1045 ὃ
972 1003 1073 1053 λαὸς
1103 999 1285 1059 περιώρα
1312 1000 1387 1052 τὰς
1414 1000 1543 1053 ἰάσεις
1567 1003 1692 1045 αἲτεΐν

209 1071 324 1130 παρὰ
338 1076 458 1116 θεοῦ.
523 1075 591 1115 καὶ
611 1071 868 1130 ε’μεγαλύνθη
888 1075 1086 1128 Σολομῶν
1104 1069 1204 1132 ὑπὲρ
1223 1070 1379 1122 πάντας
1395 1071 1493 1122 τοὺς
1508 1075 1692 1126 βασιλεῖς

208 1145 282 1196 τῆς
313 1140 577 1200 γῆς’πλούτῳ
605 1144 672 1185 καὶ
705 1141 921 1200 φρονήσει·
969 1143 1038 1185 καὶ
1070 1139 1216 1192 πάντες
1247 1141 1286 1183 οἱ
1313 1144 1496 1195 βασιλεῖς
1526 1139 1692 1197 ἐζήτουν

209 1212 309 1255 Merv
346 1210 392 1254 τὸ
432 1209 651 1268 πρόσωπον
690 1212 819 1256 αὐτοῦ
852 1213 920 1255 καὶ
953 1211 1126 1255 ἀκοῦσαι
1158 1214 1231 1266 τῆς
1261 1214 1400 1268 φωνῆς
1433 1210 1588 1263 αὐτοῦ,
1622 1213 1692 1254 καὶ

209 1280 468 1338 παρεγίνοντο
512 1281 704 1339 φέροντες
747 1282 917 1333 ἕκαστος
957 1280 1052 1324 κατ’
1094 1280 1278 1324 ἐνιαυτὸν
1306 1279 1361 1323 τὰ
1391 1281 1507 1337 δῶρα
1541 1280 1690 1334 αὐτῶν,
1704 1286 1742 1324 1⁵

209 1347 333 1405 σκεύη
357 1354 499 1407 χρυσᾶ
530 1352 597 1393 καὶ
630 1351 849 1406 ἱματισμὸν
878 1352 947 1394 καὶ
974 1349 1195 1406 ἡδύσματα
1221 1351 1289 1392 καὶ
1309 1351 1460 1400 *ἵππους
1483 1351 1551 1396 καὶ
1570 1348 1694 1406 ἡμιό-

208 1435 318 1469 νους.
390 1421 458 1462 καὶ
484 1414 591 1475 ἦσαν
611 1420 739 1465 αὐτοῦ
753 1423 869 1476 χίλια
888 1418 1131 1478 τετρακόσια
1152 1418 1342 1477 ἅρματα,
1378 1421 1446 1462 καὶ
1467 1421 1583 1463 ἵπποι
1606 1418 1693 1476 θή-

208 1491 313 1530 λειαι
344 1487 515 1541 τοκάδες
540 1488 724 1545 χιλιάδες
752 1489 1081 1548 τεσσαράκοντα,
1115 1490 1183 1532 καὶ
1206 1491 1324 1531 ἵπποι
1351 1490 1407 1540 εἷς
1434 1487 1602 1545 ἅρματα
1624 1507 1693 1544 χι-

206 1554 345 1608 λιάδες
365 1556 540 1601 δώδεκα.
610 1562 678 1602 καὶ
699 1555 749 1615 ἦν
770 1558 992 1616 ἡγούμενος
1013 1563 1094 1602 τῶν
1115 1558 1318 1613 βασιλέων
1335 1556 1500 1601 πάντων
1519 1558 1600 1602 ἀπὸ
1619 1562 1692 1601 τοῦ

84 1627 115 1663 Ρ
139 1628 186 1666 95
207 1631 396 1682 ποταμοῦ
425 1626 649 1686 Εὐφράτου
679 1629 755 1680 ἕως
781 1633 856 1686 γῆς
886 1626 1131 1687 ἀλλοφύλων
1158 1629 1227 1671 καὶ
1254 1627 1330 1678 ἕως
1357 1631 1438 1671 τῶν
1461 1625 1585 1686 ὁρίων
1604 1631 1742 1674 Αἰ-Ξῦ

207 1693 376 1752 γύπτου.

346 1766 434 1808 Καὶ
452 1765 676 1820 βασιλίσσα
697 1768 841 1820 Σαβᾶ,
876 1764 966 1821 ἣτις
987 1765 1140 1822 ἐλέγετο
1162 1766 1348 1820 Σίβυλλα
1366 1764 1468 1823 παρ’
1484 1764 1691 1822 Ἓλλησιν,

209 1831 425 1878 ἀκούσασα
445 1834 491 1878 τὸ
517 1834 647 1890 ὄνομα
670 1835 796 1878 αὐτοῦ
818 1831 946 1891 ἦλθεν
975 1837 1030 1886 εἷς
1054 1833 1338 1892 Ἵερουσαλὴμ.
1354 1834 1545 1892 πειράσαι
1568 1836 1691 1879 αὐτὸν

209 1902 251 1946 ἓν
274 1905 504 1960 αἰνίγματι,
538 1907 607 1948 καὶ
627 1903 804 1961 κάμηλοι
823 1905 1013 1964 αἴρουσαι
1030 1902 1250 1961 ἡδύσματα
1266 1904 1399 1947 πολλὰ
1416 1906 1484 1947 καὶ
1505 1906 1691 1964 ἐξαίρετα

208 2091 295 2127 ergo
319 2080 489 2127 omnium,
523 2082 640 2129 inquit
672 2081 870 2129 scriptura,
903 2081 1091 2118 luminibus
1116 2082 1238 2119 offecit
1260 2083 1428 2118 Solomon
1451 2087 1577 2130 utpote
1598 2084 1694 2120 divi-

206 2127 302 2162 nitus
321 2128 498 2175 sapientia
517 2130 680 2166 donatus.
727 2129 850 2176 itaque
868 2130 1010 2165 additur
1030 2127 1093 2165 “et
1115 2130 1292 2176 sapientia
1314 2130 1551 2170 antecellebat
1573 2143 1693 2167 omnes

205 2174 378 2210 homines.
427 2175 519 2211 dixit
539 2176 610 2211 tria
633 2175 729 2211 milia
750 2175 1016 2223 parabolarum,
1053 2177 1206 2212 carmina
1227 2177 1423 2223 composuit
1447 2178 1528 2212 600.
1577 2179 1694 2216 disse·-

205 2220 279 2256 ruit
301 2220 346 2256 de
369 2223 556 2258 arboribus
581 2234 602 2258 a
629 2224 735 2258 cedro
759 2223 909 2268 Libani,
946 2235 1058 2269 usque
1094 2224 1139 2258 ad
1170 2224 1363 2271 hyssopum
1398 2223 1459 2271 qui
1484 2225 1528 2259 de
1555 2225 1694 2272 pariete

206 2266 396 2303 enascitur.
444 2268 580 2305 locutus
606 2275 662 2304 est
684 2270 729 2305 de
754 2269 970 2316 pecudibus,
1004 2271 1048 2305 de
1071 2271 1300 2317 repentibus,
1334 2271 1379 2305 de
1402 2269 1623 2317 volucribus,
1648 2272 1694 2307 de

206 2311 403 2359 piscibus.'’
450 2327 494 2350 ex
517 2316 660 2362 scriptis
685 2316 760 2351 eius
783 2316 916 2351 Graeci
940 2316 1001 2363 qui
1023 2317 1304 2363 Iatrosophistae
1324 2321 1514 2363 vocantur,
1541 2318 1595 2353 rei
1618 2330 1694 2353 me-

207 2360 308 2395 dicae
331 2360 548 2407 scriptores,
575 2363 757 2399 materiam
783 2369 820 2398 et
843 2367 1047 2409 argumenta
1067 2365 1230 2399 suffurati
1248 2369 1343 2398 artes
1367 2375 1450 2403 suas
1470 2364 1694 2411 conscripse-

207 2411 303 2441 runt.
350 2407 459 2443 libros
484 2409 685 2444 Solomonis
708 2421 773 2444 rex
795 2410 970 2445 Ezechias
995 2410 1039 2445 de
1064 2410 1178 2445 medio
1204 2410 1368 2455 sustulit,
1393 2421 1469 2445 cum
1494 2413 1694 2447 morborum

208 2453 366 2489 remedia
395 2466 439 2489 ex
464 2454 518 2490 his
553 2456 704 2503 populus
735 2461 861 2502 petens
888 2468 910 2492 a
933 2457 999 2491 deo
1031 2457 1251 2492 sanationem
1284 2456 1449 2502 flagitare
1483 2458 1694 2503 negligeret.

209 2498 375 2534 Solomon
399 2501 639 2546 magnitudine
660 2502 863 2538 divitiarum
887 2515 929 2538 ac
952 2503 1148 2548 supientiae
1172 2515 1281 2550 supra
1304 2515 1550 2550 omnesaeges
1574 2510 1695 2539 terrae

210 2543 321 2580 elatus
345 2546 433 2589 fuit3
472 2560 662 2595 omnesque
682 2561 787 2595 reges
810 2549 937 2584 faciem
965 2550 1041 2584 eius
1066 2550 1190 2585 videre
1216 2562 1257 2585 ac
1278 2561 1402 2584 vocem
1425 2551 1549 2586 audire
1568 2551 1692 2598 cupie-

209 2590 316 2634 bant3
342 2593 603 2642 veniebantque
632 2597 790 2631 ferentes
813 2595 942 2644 singuli
966 2597 1153 2642 quotannis
1180 2608 1325 2631 munera
1347 2607 1432 2642 sua,
1467 2609 1556 2632 vasa
1585 2609 1695 2632 aurea

210 2643 346 2672 vestem
387 2646 544 2676 aromata
584 2654 693 2689 equos
735 2641 858 2678 mulas.
913 2643 1067 2678 habebat
1102 2655 1225 2679 currus
1263 2643 1372 2687 1400,
1418 2655 1528 2689 equas
1566 2644 1693 2678 fecun-

210 2681 274 2716 das
297 2683 430 2729 40000,
455 2698 621 2732 equorum
645 2689 690 2723 ad
711 2701 833 2724 currus
858 2689 982 2725 12000.
1031 2696 1197 2736 praeerat
1219 2693 1335 2724 autem
1361 2690 1521 2726 omnibus
1547 2690 1693 2737 regibus

209 2738 233 2763 a
254 2728 364 2764 fluvio
388 2731 573 2778 Euphrate
595 2746 709 2781 usque
733 2736 779 2771 ad
800 2740 932 2771 terram
954 2737 1185 2772 barbarorum
1210 2741 1247 2772 et
1270 2737 1359 2771 fines
1383 2736 1554 2784 Aegypti.

300 2796 354 2833 Ac
384 2800 509 2845 regina
542 2803 681 2850 Sabae,
719 2816 812 2850 quae
836 2816 859 2840 a
881 2803 1032 2840 Graecis
1063 2805 1202 2850 Sibylla
1228 2803 1326 2840 (licta
1348 2804 1438 2851 fuit,
1470 2805 1593 2841 audita
1615 2805 1692 2841 eius

206 2843 302 2880 fama
336 2844 585 2892 Hierosolyma
614 2852 780 2897 advenit,
814 2856 855 2886 ut
909 2851 1069 2897 reposita
1091 2851 1301 2898 quaestione
1331 2852 1376 2887 de
1408 2852 1587 2898 sapientia
1614 2852 1692 2887 eius

206 2890 401 2937 peniculum
432 2893 582 2932 faceret.
639 2898 747 2934 multa
780 2909 857 2936 cam
908 2925 910 2927 -
936 2903 1093 2940 ammata
1124 2899 1317 2946 portabwss
1343 2909 1386 2936 80
1418 2898 1571 2945 eximia,
1600 2897 1690 2935 ΠΜ·
