1742 3184
210 179 308 228 372
686 180 927 226 GEORGII
961 179 1208 224 CEDRENI

187 290 467 355 παρεγένετο,
502 295 609 339 ἀλλὰ
639 293 786 346 πάντες
815 312 867 350 με
900 293 1160 351 ἐγκατέλιπον
1168 298 1197 348 ,’
1212 295 1271 351 μὴ
1301 292 1439 347 αὐτοῖς
1467 295 1689 353 λογισθείη.

208 368 282 424 τὴν
312 368 358 409 δὲ
388 366 491 423 πρὸς
522 364 733 420 Τιμόθεον
759 363 949 421 δευτέραν
970 364 1183 420 ἐπιστολὴ-ν
1209 363 1475 420 κατεχόμενος
1498 363 1690 421 ἔγραψεν,

209 436 314 491 ὁμοῦ
343 436 553 491 σημαίνων
577 432 652 489 τήν
679 451 721 477 τε
749 433 950 489 προτέραν
980 432 1107 476 αὐτοῦ
1134 433 1355 491 ἀπολογίαν
1382 434 1485 492 πρὸς
1502 434 1689 490 Νέρωνα,

209 506 255 548 ὃν
275 507 342 548 καὶ
360 505 502 547 λέοντα
523 504 591 545 διὰ
608 503 654 546 τὸ
674 500 955 559 ἀπάνθρωπον
973 503 1041 545 καὶ
1066 505 1272 561 θηριῶδες
1291 507 1367 546 τοῦ
1383 502 1536 560 τρόπου
1558 507 1693 553 καλῶς

211 573 411 628 ὠνόμασε.
481 574 547 614 καὶ
575 571 648 627 τὴν
676 571 790 629 παρὰ
812 569 943 622 πόδας
962 572 1163 616 τελείωσιν
1187 571 1324 628 ἐπάγει
1347 571 1516 630 φάσκων
1538 570 1690 629 ι(ε’ρρύ-
1704 582 1725 615 6

211 649 322 699 σθην
347 644 390 685 ε”κ
419 639 622 696 στόματος
652 642 833 691 λεόντος·
865 641 971 683 ἀλλὰ
1008 642 1076 683 καὶ
1108 640 1276 699 ῥύσεταί
1300 659 1351 696 με
1385 640 1406 684 ὃ
1441 639 1580 698 κύριος
1612 640 1692 682 ἀπὸ

211 711 361 762 παντὸς
392 710 511 768 ἔργον
547 715 751 768 πονηροῦ,
786 710 853 752 καὶ
881 708 1006 753 σώσει
1039 712 1094 760 εἷς
1122 710 1195 765 τὴν
1223 711 1434 765 βασιλείαν
1464 711 1590 753 αὐτοῦ
1621 709 1693 765 τὴν

165 836 167 838 ¹
211 778 451 838 ἐπουράνιον
459 780 503 832 ,²’
542 777 809 838 ὖπεμφαίνων
829 778 876 821 τὸ
898 781 1130 836 παραυτίκα
1147 778 1371 838 μαρτύριον
1380 812 1393 831 ,
1430 778 1454 821 3
1476 781 1542 822 καὶ
1562 779 1693 835 σαφέ-
1725 801 1737 814 ³

160 859 191 893 C
216 867 357 905 στερον
389 850 431 891 ἓν
458 852 510 906 τῇ
539 849 643 906 αὐτῇ
674 850 864 905 ἐπιστολῇ
891 846 1181 906 προσαγορεύει
1215 850 1340 904 λέγων
1365 847 1474 905 ι(ἐγώ
1505 847 1583 906 γὰρ
1612 848 1692 902 ἤδη

211 920 457 972 σπένδομαι,
494 918 560 960 καὶ
591 916 612 959 ὃ
641 918 783 975 καιρὸς
809 922 882 972 τῆς
907 916 1139 969 ἀναλύσεώς
1155 934 1236 972 μου
1256 918 1515 976 ἐφέστηκεν.”
1588 917 1687 960 ἀπο·
1707 925 1742 960 m

212 986 486 1045 λογησάμενος
513 988 646 1030 τοίνυν
675 988 748 1043 τὴν
777 985 941 1043 πρώτην
963 987 1183 1044 ἀπολογίαν
1204 988 1270 1030 καὶ
1293 982 1420 1038 αὖθις
1441 987 1504 1029 ε’πὶ
1526 986 1600 1042 τὴν
1621 991 1695 1029 τοῦ
1735 1009 1737 1011 ·

213 1056 470 1113 κηρύγματος
493 1058 700 1099 διακονίαν
721 1055 998 1110 στειλάμενος,
1029 1055 1114 1099 εἶτα
1137 1055 1259 1099 πάλιν
1275 1057 1321 1100 τὸ
1343 1054 1530 1114 δεύτερον
1550 1057 1695 1110 ἐπιβὰς

212 1131 264 1185 τῇ
277 1124 415 1182 Ῥώμῃ
433 1125 598 1179 δέσμιος
619 1128 687 1168 καὶ
707 1123 902 1176 ὡσαύτως
920 1126 1082 1183 Νέρωνι
1102 1128 1355 1182 παραδοθεὶς
1371 1126 1442 1168 τὸν
1462 1126 1531 1167 διὰ
1553 1126 1695 1182 ’ξίφους

212 1200 287 1239 τοῦ
316 1196 544 1252 μαρτυρίου
578 1196 779 1253 στέφανον
812 1193 1059 1249 ἀνεδήσατο,
1088 1196 1184 1250 μηνὶ
1207 1195 1369 1252 Ἰουνίῳ
1400 1192 1485 1246 κθ’,
1513 1194 1619 1237 καθ’
1643 1193 1695 1248 ἣν

213 1265 369 1322 ἡμέραν
388 1266 455 1306 καὶ
473 1264 634 1322 Πέτρος
650 1262 908 1320 ἐσταυρώθη,
934 1263 1037 1318 μετὰ
1055 1265 1243 1321 περίοδον
1255 1262 1406 1319 χρόνου
1427 1261 1529 1315 ἑνός,
1554 1261 1691 1305 καθά·
1707 1273 1742 1306 15

214 1348 290 1392 περ
311 1335 378 1376 καὶ
396 1331 579 1389 Μάρκος
595 1336 661 1375 καὶ
679 1334 855 1382 Λουκᾶς
875 1332 913 1374 οἶ
931 1333 1207 1389 εὗαγγελισταὶ
1226 1334 1293 1375 καὶ
1310 1331 1514 1386 Ἰάκωβος
1531 1330 1552 1374 ὅ
1573 1332 1694 1374 ἀδελ-

216 1402 402 1462 φόθεος,
445 1400 502 1452 ὥς
532 1401 765 1459 ἔμπροσθεν
794 1401 963 1458 εἴρηται.
1031 1399 1053 1443 ὃ
1086 1395 1158 1444 οὖν
1191 1400 1394 1459 μακάριος
1425 1404 1601 1451 Λουκᾶς
1630 1401 1694 1443 ε’πὶ

217 1473 355 1522 ε’λαίας
377 1470 644 1529 καρποφόρου
667 1468 936 1527 ἐσταυρώθη,
970 1469 1030 1524 μὴ
1053 1469 1336 1528 εὖρισκομὲνου
1360 1468 1483 1522 ξύλου
1506 1474 1633 1527 ξηροῦ
1652 1471 1695 1512 ἐν

213 1546 274 1600 τῷ
304 1540 416 1598 τόπῳ
449 1539 552 1597 πρὸς
581 1543 627 1583 τὸ
657 1542 846 1597 γενέσθαι
877 1537 1069 1596 σταυρόν.
1138 1541 1206 1581 καὶ
1236 1537 1375 1593 λαβών
1403 1557 1464 1590 τις
1495 1539 1541 1581 τὸ
1573 1543 1695 1594 σῶμα

166 1625 198 1661 1)
223 1610 350 1654 αὗτοῦ
380 1610 448 1652 καὶ
479 1611 630 1662 μεταξὺ
661 1613 821 1652 πολλῶν
854 1609 1057 1663 μνημείων
1087 1606 1417 1663 θάψας’ἄδηλον
1439 1609 1601 1663 ἐποίησε
1622 1607 1692 1650 τὸν
1706 1618 1742 1653 Ξ(

216 1677 364 1737 τάφον.
431 1681 512 1720 τῶν
548 1679 592 1720 δὲ
622 1682 825 1733 μαθητῶν
855 1674 1157 1731 ἀναζητούντων
1176 1677 1388 1731 μετέπειτα
1410 1679 1478 1720 καὶ
1498 1677 1558 1733 μὴ
1584 1674 1694 1734 εὕρι-

218 1746 398 1792 σκόντων
421 1746 549 1790 αὐτοῦ
566 1746 636 1791 τὸν
656 1745 788 1805 τάφον
809 1746 877 1788 διὰ
895 1745 940 1789 τὸ
962 1748 1124 1801 πλῆθος
1141 1750 1222 1789 τῶν
1237 1744 1483 1802 μνημάτων,
1518 1763 1694 1804 προσευ-

316 1878 339 1914 6
362 1875 448 1922 περὶ
471 1876 501 1910 P

221 1992 346 2029 “nemo
379 1990 465 2027 mihi
494 1991 533 2027 in
564 1991 678 2039 prima
696 1991 918 2041 'defensione
947 1991 1082 2037 adfuit,
1113 1992 1178 2028 sed
1211 2003 1331 2028 omnes
1362 2004 1416 2028 me
1448 1992 1694 2030 deseruerunt.

222 2053 294 2077 non
322 2039 512 2086 imputetur
544 2036 671 2085 ipsis.”
717 2039 949 2085 posteriorem
986 2038 1170 2085 epistolam
1208 2040 1253 2075 ad
1291 2039 1516 2075 Timotheum
1552 2038 1696 2085 scripsit

223 2086 409 2134 captivus;
431 2084 493 2119 ubi
515 2084 617 2120 simul
640 2085 848 2120 mentionem
873 2084 961 2120 facit
978 2085 1118 2139 primae
1142 2097 1228 2121 suae
1252 2086 1347 2132 apud
1367 2087 1545 2122 Neronem
1569 2086 1694 2120 defen-

225 2133 348 2169 sionis.
396 2143 497 2176 quem
521 2138 559 2167 et
581 2131 694 2166 leonis
716 2131 856 2166 nomine
886 2132 1026 2177 affecit,
1059 2132 1346 2167 inhumanitatem
1369 2132 1447 2168 eius
1470 2138 1577 2178 atque
1598 2132 1695 2174 feros

223 2190 339 2215 mores
357 2178 538 2224 praeclare
557 2184 702 2221 notans,
727 2183 764 2213 et
782 2177 1014 2212 imminentem
1037 2190 1137 2214 suum
1159 2179 1292 2214 obitum
1314 2190 1394 2213 mox
1416 2178 1568 2223 indicat,
1589 2175 1695 2212 “ere-

223 2231 306 2273 ptus
329 2220 426 2260 sum'’
453 2224 634 2269 inquiens,
655 2220 734 2259 “ori
756 2224 881 2259 leonis.
931 2225 993 2259 sed
1025 2231 1061 2260 et
1091 2226 1129 2260 in
1153 2230 1334 2271 posterum
1359 2237 1414 2260 me
1436 2226 1594 2259 dominus
1615 2235 1694 2258 ser-

225 2271 324 2307 vabit
348 2271 391 2304 ab
416 2270 509 2305 omni
532 2271 620 2306 mala
641 2281 699 2314 re,
734 2270 840 2316 inque
863 2282 961 2305 suum
987 2271 1140 2306 caeleste
1164 2282 1310 2316 regnum
1339 2268 1510 2316 asseret‚”
1545 2271 1694 2306 innuens

224 2316 430 2365 propediem
464 2328 527 2351 suo
562 2316 733 2362 supplicio
767 2329 806 2352 se
835 2317 979 2352 veritati
1009 2318 1245 2352 testimonium
1275 2317 1541 2363 perhibiturum.
1600 2317 1695 2362 quod

226 2364 332 2399 etiam
356 2363 513 2408 apertius
534 2363 572 2399 in
596 2363 716 2397 eadem
744 2362 894 2408 epistola
923 2364 1116 2408 praedicit,
1151 2364 1190 2398 in
1221 2364 1308 2399 haec
1337 2365 1449 2399 verba
1480 2360 1570 2409 “ego
1602 2363 1692 2398 enim

227 2422 320 2445 nunc
341 2408 518 2453 immolor,
549 2410 727 2454 instatque
747 2414 884 2454 tempus
909 2421 1008 2444 meae
1029 2406 1252 2445 solutionis.”
1296 2414 1378 2456 post
1399 2410 1545 2456 primam
1567 2410 1695 2446 defeu-

227 2456 362 2491 sionem
389 2455 551 2490 dimissus
581 2461 653 2499 est,
687 2460 726 2490 ut
755 2466 876 2489 rursus
907 2456 1125 2502 evangelium
1157 2455 1392 2502 praedicaret.
1438 2457 1554 2491 denuo
1578 2462 1694 2490 autem

227 2502 266 2536 in
289 2501 437 2537 vinculis
455 2503 598 2537 Romam
623 2502 812 2544 adductus,
843 2501 995 2546 itemque
1017 2501 1153 2537 Neroni
1177 2502 1348 2546 traditus,
1370 2502 1490 2547 gladio
1513 2507 1694 2537 truncatus

227 2547 389 2591 martyrii
410 2559 573 2584 coronam
597 2547 752 2594 accepit,
773 2547 832 2582 die
849 2547 942 2582 Iunii
963 2549 1027 2594 29,
1050 2549 1172 2583 eodem
1194 2548 1253 2583 die
1276 2559 1345 2593 quo
1370 2553 1453 2583 ante
1477 2560 1604 2583 annum
1622 2548 1693 2582 Pe-

227 2600 304 2629 trus
325 2593 363 2627 in
384 2605 520 2630 crucem
543 2594 613 2629 fuit
634 2600 744 2629 actus.
792 2605 860 2640 quo
885 2593 1049 2640 supplicii
1070 2606 1202 2640 genere
1226 2593 1345 2629 affecti
1365 2599 1450 2630 sunt
1472 2595 1577 2630 etiam
1594 2595 1693 2629 Mar-

228 2650 291 2674 cus
323 2643 359 2673 et
387 2640 503 2676 Lucas
533 2640 771 2686 evangelistae
802 2651 843 2674 ac
874 2640 1022 2676 Iacobus
1056 2640 1187 2675 domini
1218 2641 1351 2685 frater,
1382 2641 1428 2676 de
1456 2641 1584 2686 quibus
1611 2644 1695 2675 ante

228 2684 437 2721 rettulimus.
483 2686 567 2722 divo
585 2687 704 2721 Lucae
726 2697 790 2731 pro
814 2697 918 2721 cruce
941 2687 1008 2722 suit
1026 2687 1102 2722 olea
1120 2686 1313 2731 frugifera,
1337 2698 1414 2721 cum
1436 2689 1481 2722 ad
1503 2687 1694 2733 parandam

229 2741 365 2765 crucem
383 2732 510 2768 nullum
532 2733 578 2768 iis
599 2733 636 2768 in
659 2733 745 2767 locis
769 2731 900 2767 aridum
924 2731 1054 2778 lignum
1071 2733 1300 2778 reperiretur.
1358 2732 1434 2768 eius
1459 2744 1586 2778 corpus
1612 2733 1691 2777 qui-

230 2776 307 2809 dam
330 2777 502 2814 sublatum
529 2779 623 2814 inter
650 2779 757 2814 multa
778 2778 848 2814 alia
868 2780 1030 2824 sepulcra
1051 2778 1265 2821 recondidit3
1302 2777 1422 2824 itaque
1445 2779 1566 2815 effecit
1588 2784 1626 2813 ut
1655 2779 1692 2813 in

229 2823 378 2856 obscuro
410 2823 484 2859 eius
506 2826 706 2871 sepulturae
728 2825 825 2859 locus
849 2830 955 2860 esset.
1002 2837 1079 2861 cum
1111 2830 1227 2860 autem
1262 2830 1388 2870 postea
1419 2825 1583 2871 discipuli
1617 2837 1691 2859 eam

227 2867 468 2915 requirerent,
500 2876 608 2918 atque
631 2876 777 2920 propter
799 2871 1035 2918 sepulcrorum
1057 2870 1311 2908 multitudinem
1335 2883 1405 2906 non
1421 2871 1691 2918 §deprehendere
