1742 3184
387 186 790 246 fflsroamzmu
823 199 1217 246 commolunt
1449 204 1551 252 28⁷

68 315 259 373 τιόχειαν.
327 317 396 360 καὶ
430 316 535 372 μετὰ
572 312 647 358 δύο
676 314 745 372 ξ’τη
777 314 883 359 κατὰ
915 317 1093 374 Περσῶν
1118 315 1436 374 ἐπιστρατεύσας
1453 318 1554 363 (2⁷15-

68 391 224 430 στειλεν
255 384 435 445 ἄρχοντα
465 389 742 444 φορολογῆσαι
773 384 848 442 τὴν
873 383 991 429 πόλιν
1015 383 1281 443 Ἰερουσαλήμ
1291 419 1306 439 ,
1340 386 1386 438 ὃς
1415 406 1554 446 παρα-

68 455 282 514 γενόμενος
310 456 415 511 μετὰ
447 459 602 511 πολλῆς
627 453 838 510 δυνάμεως
863 457 932 498 καὶ
960 454 1143 512 λαλήσας
1167 456 1387 512 εἰρηνικοὺς
1408 455 1554 514 λόγους

69 525 174 581 μετὰ
203 523 326 567 δόλου
356 523 460 582 πρὸς
488 524 563 579 τὴν
589 522 858 581 Ἰερουσαλὴμ
890 526 958 567 καὶ
990 524 1188 568 εἰσελθὼν
1208 526 1404 577 ἐπάταξεν
1426 528 1553 582 αὐτὴν

37 599 204 652 5πληγῇ
223 592 379 651 μεγάλῃ
401 595 470 636 καὶ
490 593 681 656 καθελών
701 593 754 636 τὰ
773 595 882 649 τείχη
906 598 1042 637 πᾶσαν
1063 594 1275 652 ε’νέπρησε,
1310 597 1377 638 καὶ
1403 594 1450 639 τὸ
1479 596 1555 650 μὲν

71 665 180 722 ἱερὸν
204 667 366 721 μιαρῶν
393 666 553 706 θυσιῶν
582 663 769 724 ἐνέπλησε
778 695 792 716 ,
827 663 924 714 τοὺς
948 664 993 706 δὲ
1016 663 1075 721 μὴ
1103 665 1452 722 προαιρουμένους
1471 670 1555 708 τῶν

65 734 273 778 Ἰουδαίων
308 731 512 788 ἑλληνίσαι
549 731 728 789 ἀφειδῶς
760 733 994 776 κατέκτεινε.
1063 734 1241 785 πολλοῦς
1284 729 1356 777 οὖν
1402 734 1556 778 ἀνελὼν

69 805 279 859 ἀπῆλθεν,
314 801 491 858 ἄρχοντα
518 802 752 844 καταλιπων
786 803 842 853 εἷς
871 803 918 846 τὸ
949 804 1181 857 βασανίζειν
1204 803 1300 855 τοὺς
1316 804 1557 855 Ἰουδαίους.

69 873 276 923 Ματθίας
293 872 341 914 δέ
356 888 418 922 τις
434 871 563 929 ἱερεὺς
583 870 685 926 ἔχων
704 871 819 922 υἱοὺς
843 872 980 924 πέντε,
1017 873 1095 931 ἀφ’
1121 866 1178 915 ὧν
1194 873 1353 924 Ἰούδας
1375 871 1397 916 ὅ
1421 876 1555 916 ΠΙακ-

15 951 61 987 10
71 946 240 997 καβαῖος
266 940 479 997 ἐτύγχανε,
516 939 636 996 ζήλου
667 943 868 996 πλησθεὶς
885 943 953 984 καὶ
976 940 1161 998 ὁρμήσας
1179 942 1285 986 κατὰ
1303 947 1376 986 τοῦ
1401 942 1555 1000 ἄρχον·
1577 950 1607 986 Ρ
1634 950 1703 988 164

69 1029 140 1062 τος
158 1011 311 1054 ἀνεῖλεν
332 1008 470 1053 αὐτόν.
515 1011 583 1052 καὶ
602 1010 841 1066 συναγαγών
857 1009 1038 1062 ἅπαντας
1058 1011 1155 1062 τοὺς
1170 1014 1261 1070 περὶ
1281 1012 1406 1055 αὐτὸν
1427 1013 1557 1071 ἀπέρ-

66 1098 184 1137 χεται
215 1081 284 1123 καὶ
314 1077 587 1122 κατασκάπτει
619 1079 716 1129 τοὺς
748 1079 1014 1138 ἀκαθάρτους
1046 1081 1216 1135 βωμοὺς
1236 1086 1318 1124 τῶν
1335 1079 1554 1137 Ἑλλήνων,

71 1152 138 1194 καὶ
157 1148 253 1200 τούς
274 1147 532 1200 ἀποστάντας
550 1154 625 1191 τοῦ
642 1147 770 1203 νόμου
789 1149 958 1207 ἀναιρεῖ.
1030 1148 1051 1193 ὅ
1080 1151 1127 1193 δέ
1150 1167 1193 1206 γε
1218 1150 1439 1206 Ἀντιόχος
1455 1150 1556 1194 ἀκό-

70 1236 187 1274 σμως
209 1236 252 1261 τε
280 1220 350 1262 καὶ
375 1216 597 1274 ἡττημένος
626 1218 670 1260 ἔκ
697 1224 771 1273 τῆς
796 1221 1005 1277 Περσίδος
1023 1219 1097 1275 τὴν
1118 1218 1386 1277 ὑποστροφὴν
1411 1219 1557 1263 ποιού-

17 1296 61 1334 15
71 1306 192 1344 μενος
201 1319 215 1340 ,
248 1289 294 1331 ἐκ
322 1291 476 1342 πολλῆς
505 1288 690 1341 ἀθυμίας
719 1286 990 1345 ἀρρωστήσας
1024 1287 1102 1347 ἔφη
1130 1289 1235 1346 πρὸς
1259 1290 1357 1341 τοὺς
1386 1291 1557 1341 οῗκειόυς

69 1357 218 1401 ἑαυτοῦ
245 1355 500 1414 κἀφίσταται
533 1354 554 1399 ὅ
583 1356 711 1407 ὕπνος
735 1356 815 1400 ἀπὸ
839 1362 921 1400 τῶν
948 1358 1183 1415 ὀφθαλμῶν
1209 1376 1319 1412 μου,
1354 1361 1423 1401 καὶ
1447 1376 1557 1413 συμ-

69 1428 261 1470 πέπτωκα
282 1426 362 1469 ἀπὸ
383 1431 459 1482 τῆς
478 1427 689 1484 μερίμνης.
757 1430 827 1468 νῦν
850 1422 922 1470 οὖν
938 1427 1220 1483 μιμνήσκομαι
1241 1433 1322 1470 τῶν
1345 1433 1480 1471 κακῶν
1500 1423 1557 1471 ὧν

71 1498 242 1551 ε’ποιήσα
266 1497 309 1539 ἓν
333 1493 615 1553 Ἰερουσαλήμ.
686 1494 808 1551 ἔγνων
836 1494 897 1539 ὅτι
919 1495 1044 1554 χάριν
1064 1495 1220 1540 τούτων
1242 1491 1360 1555 εὗρον
1377 1498 1429 1540 τὰ
1450 1497 1558 1540 κακοὶ

71 1570 222 1618 ταῦτα,
256 1567 324 1608 καὶ
353 1565 444 1607 ἰδοὺ
469 1563 703 1619 ἀπόλλυμαι
723 1565 765 1607 ἔν
784 1570 835 1622 γῇ
858 1565 1099 1625 ἀλλοτριά.”
1172 1568 1240 1608 καὶ
1268 1567 1456 1617 συνέταξε
1489 1566 1560 1610 τὸν

15 1632 364 1694 Ξοᾶρματηλάτην
381 1634 510 1677 αὐτοῦ
527 1633 707 1677 ἐλαύνειν
724 1633 970 1687 ἀνενδότως,
1006 1634 1357 1690 ἐπαισθανόμενος
1377 1636 1556 1692 ἐναργῶς
1578 1644 1609 1679 Β

72 1708 145 1760 τῆς
164 1704 324 1747 ἄνωθεν
345 1705 513 1762 κρίσεως
530 1703 607 1759 τὴν
624 1705 836 1761 τιμωριάν.
905 1705 1072 1759 συνέσχε
1093 1704 1173 1762 γὰρ
1198 1704 1321 1748 αὐτὸν
1339 1704 1560 1760 ἀνήκεστος

71 1774 261 1831 ἀλγηδὼν
287 1777 370 1816 τῶν
398 1772 663 1829 σπλάγχνων·
699 1773 848 1829 συνέβη
877 1774 922 1816 δὲ
951 1781 1084 1817 πεσεῖν
1117 1773 1241 1817 αὐτὸν
1271 1775 1340 1817 καὶ
1370 1774 1451 1816 ἀπὸ
1484 1778 1560 1818 τοῦ

71 1842 258 1900 ἅρματος
284 1842 403 1900 ῥοίζῳ
429 1841 676 1901 φερόμενον,
706 1845 774 1885 καὶ
795 1844 987 1902 δυσχερεΐ
1002 1841 1188 1898 πτώματι
1205 1850 1456 1901 περιπεσεῖν,
1488 1845 1559 1886 καὶ

72 1912 206 1956 πάντα
226 1917 298 1955 τοῦ
317 1910 509 1967 σώματος
528 1913 915 1970 ἀποστρεβλοῦσθαι
933 1912 985 1956 τὰ
1002 1914 1106 1969 μέλη
1115 1945 1129 1965 ,
1166 1911 1269 1957 ὥστε
1297 1915 1367 1956 καὶ
1395 1911 1561 1969 σκώλη-

73 2110 336 2158 expeditionem
358 2110 397 2146 in
420 2111 551 2145 Persas
580 2122 709 2157 parans
737 2110 890 2156 legatum
922 2111 1038 2156 misit,
1075 2111 1138 2158 qui
1161 2111 1420 2157 Hierosolymis
1443 2111 1560 2148 tribu-

73 2163 145 2194 tum
170 2157 344 2203 exigeret.
391 2156 424 2192 is
448 2168 524 2191 cum
547 2168 692 2202 magnas
715 2158 922 2193 adduxisset
942 2158 1082 2205 copias,
1112 2164 1191 2193 astu
1214 2165 1340 2204 pacata
1364 2158 1480 2193 omnia
1502 2158 1559 2193 lo-

73 2215 186 2251 quens
210 2205 333 2238 urbem
355 2203 523 2248 intravit,
546 2202 655 2249 inque
677 2215 718 2239 ea
740 2204 931 2240 crudeliter
956 2205 1064 2240 caede
1085 2211 1268 2249 grassatus
1290 2215 1407 2239 muros
1428 2205 1562 2240 deiecit

71 2252 266 2296 urbemque
282 2250 459 2294 incendit3
482 2250 646 2296 templum
665 2261 806 2296 quoque
822 2251 941 2298 impiis
958 2251 1140 2286 sacrificiis
1157 2250 1334 2297 opplevit,
1355 2257 1392 2285 et
1407 2250 1560 2286 Iudaeos

73 2297 137 2344 qui
159 2297 311 2332 Graecis
334 2296 461 2332 ritibus
485 2296 538 2331 uti
562 2302 787 2342 recusarent,
821 2298 1022 2344 promiscue
1053 2297 1203 2341 occidit3
1241 2297 1402 2342 abiitque
1432 2296 1559 2333 relicto

73 2344 257 2390 praefecto
281 2343 343 2398 qui
365 2344 516 2378 Iudaeos
538 2348 735 2389 torqueret,
782 2348 821 2379 at
848 2345 1015 2379 sacerdos
1043 2344 1185 2389 quidam
1211 2344 1351 2378 nomine
1374 2343 1560 2388 Matthias,

73 2390 230 2436 quinque
252 2390 345 2425 filios
368 2389 521 2433 habens,
554 2400 700 2434 quorum
727 2401 816 2425 unus
840 2391 910 2426 fuit
928 2391 1035 2426 Iudas
1059 2391 1314 2434 Maccabaeus‚
1347 2389 1562 2435 indignitate

73 2436 131 2472 rei
150 2436 346 2472 stimulatus
364 2436 638 2482 in'praefectum
659 2436 825 2482 impetum
849 2437 955 2482 fecit,
993 2448 1107 2482 eoque
1134 2437 1310 2471 trucidato
1334 2448 1453 2472 omnes
1477 2447 1562 2472 suos

75 2483 328 2528 congregavit,
359 2483 650 2528 Graecorumque
682 2483 838 2518 incestas
870 2495 951 2519 aras
978 2482 1178 2527 subvertit,
1209 2488 1246 2517 et
1267 2494 1330 2517 eos
1354 2483 1417 2528 qui
1437 2494 1460 2517 a
1480 2482 1562 2528 lege

74 2529 200 2565 divina
230 2529 458 2564 desciverunt
488 2528 680 2564 interemit.
726 2530 790 2565 sed
812 2529 1007 2565 Antiochus
1031 2528 1184 2576 turpiter
1205 2541 1248 2564 ex
1264 2528 1415 2564 Perside
1435 2540 1560 2564 rever·-

18 2597 21 2600 -
75 2580 179 2620 tens,
214 2581 362 2622 accepta
386 2576 506 2620 clade,
537 2587 625 2622 prae
646 2575 753 2610 nimio
777 2587 938 2611 moerore
959 2576 997 2610 in
1020 2577 1176 2610 morbum
1195 2575 1342 2620 incidit,
1373 2575 1560 2611 familiari-

76 2623 212 2667 busque
236 2622 310 2657 suis
333 2623 450 2657 fassus
473 2628 528 2657 est
547 2634 587 2657 se
605 2622 778 2657 insomnio
799 2622 960 2668 torqueri
985 2634 1027 2657 ac
1050 2621 1275 2657 solicitudine
1298 2621 1444 2658 confici:
1468 2633 1562 2657 nunc

77 2679 119 2702 se
140 2668 323 2703 reeordari
346 2678 438 2714 quae
461 2667 719 2713 Hierosolymis
739 2668 911 2704 maleficia
931 2669 1168 2713 exercuisset,
1199 2674 1236 2703 et
1256 2669 1390 2704 sentire
1410 2674 1563 2715 propter

77 2713 149 2749 ista
182 2715 220 2749 iu
253 2714 317 2749 has
350 2727 391 2750 se
423 2714 639 2751 calamitates
667 2715 874 2761 devenisse,
907 2715 1016 2760 inque
1039 2714 1254 2762 alieno—solo
1277 2715 1411 2761 perire.
1458 2714 1562 2750 simul

77 2759 226 2805 aurigae
246 2771 312 2796 suo
335 2762 514 2797 mandavit
538 2767 578 2796 ut
601 2761 710 2796 citato
733 2773 840 2797 cursu
863 2766 1048 2808 pergeret,
1072 2761 1262 2816 perspicue
1278 2762 1564 2798 animadvertens

77 2806 250 2842 divinitus
277 2807 467 2844 immissum
499 2807 722 2854 supplicium.
777 2810 973 2844 vexabatur
1003 2807 1192 2843 insanabili
1219 2808 1466 2844 intestinorum
1495 2809 1564 2843 do-

77 2852 167 2888 lore.
215 2853 346 2890 accidit
382 2860 497 2890 autem
535 2860 575 2889 ut
607 2854 651 2889 de
685 2865 790 2890 curru
819 2866 994 2902 praeceps
1026 2865 1103 2889 cum
1135 2854 1269 2900 impetn
1301 2856 1563 2899 deturbaretur,

78 2909 192 2947 eoque
218 2910 305 2935 casu
335 2901 464 2937 afflicti
495 2900 612 2938 omnia
643 2902 799 2938 membra
831 2900 992 2947 eorporis
1017 2901 1323 2949 excruciarentur,
1358 2913 1402 2938 ac
1423 2911 1566 2938 vermes
