1742 3184
365 185 765 233 HISTORIARUM
793 188 1188 234 GOMPENDIUM.
1421 190 1521 240 273

46 301 280 359 ξανδρείας,
314 302 511 354 Σέλευκος
537 301 559 347 ὅ
586 304 655 346 καὶ
681 299 877 362 Νικάνωρ
903 301 975 353 διὰ
997 302 1044 346 τὸ
1069 301 1272 359 ἀναβῆναι
1294 305 1350 356 εἷς
1375 308 1521 360 Βαβυ-

44 375 156 415 λῶνα
187 373 255 415 καὶ
288 376 490 430 κρατῆσαι
509 377 590 416 τῶν
612 371 840 430 βαρβάρων
861 374 1017 431 Συρίας
1035 374 1102 415 καὶ
1124 375 1399 428 Βαβυλῶνος,
1427 376 1519 420 Ἀν-

43 442 199 497 τίγονος
223 444 297 496 τῆς
323 441 427 499 πρὸς
450 446 509 500 τῷ
540 440 693 500 Ταύρῳ
718 443 930 495 Κιλικίας,
967 443 1106 485 Φίλων
1125 443 1323 498 Μηδίας,
1354 443 1521 490 Πύθων

38 511 229 567 ’Φρυγίας
249 511 319 552 καὶ
337 511 527 563 Λυδίας,
561 511 807 570 Μελέαγρος
828 512 1151 570 Παφλαγονίας,
1185 512 1372 570 Εὐμένης
1392 516 1517 557 Καπ-

7 580 262 632 5παδοκίας,
305 578 552 636 ,Κάσανδρος
588 581 758 632 Λυκίας
800 583 869 624 καὶ
898 578 1223 637 Ἑλλησπόντου,
1266 584 1518 639 Λυσίμαχος

42 646 236 708 Θρᾴκης,
266 647 528 706 Ἀντίπατρος
554 651 783 705 Ποντικῆς,
813 648 1041 709 Ὀξυάρτης
1072 653 1327 708 Βακτρικῆς,
1364 655 1515 697 Φίλιπ-

36 733 113 767 πος
143 718 402 775 Δραγαίνης,
449 720 603 775 Πῶρος
630 718 809 772 Ἰνδίας,
859 719 1161 777 Φραταφέρνης
1201 722 1404 778 Παρθίας
1445 724 1514 765 καὶ

30 783 271 843 ’Υρκανίας,
316 786 574 844 Τριπτόλεμος
600 790 831 846 Περσίδος,
879 791 947 831 καὶ
979 791 1309 845 Μεσοποταμίας
1330 790 1514 848 Ἀρκεσίο

34 858 147 906 λαος.
215 858 284 899 καὶ
319 855 367 899 οὔ
400 856 577 900 διέλιπον
605 856 666 900 ἀεὶ
692 857 788 901 κατ’
816 856 1003 914 ἀλλήλων
1022 858 1328 915 ἐπανιστάμενοι
1336 892 1351 913 ,
1382 861 1458 913 ἕως
1484 859 1511 917 ἦ

0 921 239 980 οῬωμαίων
260 925 366 982 ἀρχὴ
388 925 463 977 τὰς
483 927 709 985 τοπαρχίας
729 925 865 978 πάσας
886 929 1093 971 κατέλυσε.

163 993 213 1038 ‘0
241 995 378 1050 μέντοι
409 992 657 1053 Κάσανδρος
691 996 991 1052 Θεσσαλονίκην
1027 997 1102 1053 τὴν
1139 1001 1215 1039 τοῦ
1239 995 1506 1055 Ἀλεξάνδρου
1528 1007 1560 1044 Ρ
1584 1011 1654 1048 156

29 1064 242 1122 θυγατέρα
275 1063 547 1120 ποιησάμενος
582 1071 754 1121 γυναῖκα
792 1068 850 1116 εἷς
889 1065 1018 1120 ὄνομα
1058 1063 1210 1121 ταύτης
1240 1068 1360 1119 κτίζει
1391 1065 1509 1110 πόλιν

32 1132 347 1189 Θεσσαλονίκην.
414 1133 453 1177 οἶ
482 1135 528 1177 δὲ
554 1136 726 1178 Αἰνείαν
750 1134 902 1191 ταύτην
927 1137 1065 1179 κτίσαι
1087 1135 1191 1189 μετὰ
1214 1135 1259 1178 τὸ
1283 1136 1508 1195 ἀποφυγεῖν

26 1201 98 1245 τὸν
130 1202 318 1260 Τρωῖκὸν
345 1202 546 1257 πόλεμον,
581 1202 681 1246 ὅθεν
707 1206 775 1247 καὶ
800 1202 826 1260 ἦ
849 1201 970 1261 χώρα
996 1205 1152 1260 λέγεται
1179 1204 1324 1247 Αἰνέα.
1395 1206 1434 1248 οἱ
1461 1206 1509 1249 δέ

0 1278 131 1330 5φασι
166 1273 371 1314 Φιλίππου
397 1276 472 1315 τοῦ
494 1270 693 1327 Ἀμύντου
723 1272 823 1316 εἶναι
850 1275 1062 1330 θυγατέρα
1083 1273 1158 1329 τὴν
1182 1273 1505 1330 Θεσσαλονίκην·

23 1340 71 1384 τὸ
104 1341 149 1383 δὲ
179 1342 221 1384 ἓν
249 1345 300 1399 τῇ
330 1338 532 1398 Παλλήνῃ
557 1340 755 1399 φρούριον
775 1342 878 1400 παρ’
907 1342 1035 1385 αὐτοῦ’
1056 1346 1130 1385 τοῦ
1148 1344 1317 1385 Αἲνείου
1342 1345 1505 1386 οἰκοδο-

21 1408 250 1465 μούμενον,
288 1410 373 1453 ἐπεὶ
406 1410 521 1468 παρὰ
550 1415 632 1454 τῶν
660 1409 738 1453 ὑπ’
774 1411 900 1454 αὐτὸν
932 1411 1080 1467 ἀκήκοε
1111 1415 1355 1468 γεγενῆσθαι
1390 1412 1504 1471 αὐτῷ

21 1479 236 1537 θυγατέρα
274 1481 343 1522 καὶ
385 1477 640 1537 Κασάνδραν
674 1482 981 1536 ὀνομασθῆναι,
1025 1482 1090 1524 καὶ
1124 1480 1248 1531 αὐτὸς
1279 1481 1404 1524 αὐτὸν
1432 1482 1504 1525 τὸν

19 1545 145 1591 τόπον
194 1545 482 1606 Κασάνδρειαν
528 1548 717 1605 ὠνόμασε
730 1581 744 1601 ,
800 1551 869 1592 καὶ
917 1549 1070 1606 στήλην
1109 1550 1273 1605 λιθίνην
1309 1551 1501 1606 γυναικὸς

0 1621 160 1673 »σχῆμα
189 1615 363 1673 ἔχουσαν
391 1618 461 1661 καὶ
490 1617 594 1676 πρὸς
625 1619 780 1676 Τροίαν
807 1618 1042 1673 βλέπουσαν
1073 1616 1208 1664 ἐπάνω
1239 1622 1314 1662 τοῦ
1340 1621 1496 1675 τείχους
1518 1633 1549 1668 Β

15 1687 173 1744 ἔστησε.

155 1752 262 1799 Τότε
291 1755 360 1798 καὶ
388 1754 588 1806 Αἴσωπος
615 1752 636 1798 ὅ
664 1753 943 1814 μυθογράφος
961 1753 1137 1812 ἤκμαζε,
1171 1756 1240 1799 καὶ
1253 1753 1496 1810 Ἀναξίμαν-

15 1827 139 1884 δρος,
174 1823 222 1875 ὃς
253 1822 335 1867 εἶπε
361 1823 435 1880 τὴν
460 1829 537 1881 γῆν
561 1825 691 1881 με’σην
722 1823 821 1868 εἶναι
852 1830 927 1870 τοῦ
953 1825 1105 1876 παντὸς
1129 1822 1308 1879 κόσμου,
1334 1826 1403 1867 καὶ
1423 1824 1495 1867 τὸν

12 1895 128 1951 ἣλιον
159 1893 233 1938 οὔκ
261 1891 418 1937 ἐλάττω
447 1897 523 1950 τῆς
552 1899 651 1952 γῆς,
694 1892 823 1952 ἀρχήν
853 1912 895 1938 τε
926 1893 1088 1939 πάντων
1114 1894 1186 1938 τὸν
1214 1894 1388 1951 αἰθέρα,
1424 1895 1494 1936 καὶ

11 2008 51 2040 et
72 2002 309 2047 Alexandria,
340 2001 513 2047 Seleuco,
545 2002 607 2048 qui
632 2005 671 2038 et
689 2001 850 2038 Nicanor
871 2002 1002 2039 dicitur
1024 2015 1068 2038 eo
1090 2002 1184 2049 quod
1205 2002 1250 2038 ad
1271 2001 1492 2047 Babylonem

9 2050 169 2086 duxisset
200 2061 242 2084 ac
271 2050 441 2084 barbaros
470 2055 693 2094 superasset,
727 2049 838 2095 Syria
870 2055 907 2085 et
933 2050 1117 2094 Babylon,
1146 2049 1325 2094 Antigono
1350 2048 1490 2093 Cilicia,

9 2109 102 2143 quae
125 2099 180 2131 est
204 2096 249 2130 ad
274 2095 453 2139 Taurum,
486 2094 628 2130 Philoni
650 2096 792 2141 Media,
826 2096 982 2143 Pythoni
1004 2094 1163 2140 Phrygia
1189 2100 1226 2130 et
1249 2094 1386 2140 Lydia,
1409 2094 1499 2135 Mes

6 2143 128 2188 leagro
146 2141 408 2197 Paphlagonia,
434 2141 587 2196 Eumeni
605 2141 856 2189 Cappadocia,
879 2142 1059 2177 Casandro
1078 2142 1191 2187 Lycia
1209 2141 1254 2175 ad
1274 2140 1489 2195 Hellespon-

7 2194 80 2226 tum
99 2215 111 2233 ,
155 2187 368 2232 Lysimacho
408 2186 564 2222 Thracia
579 2214 590 2232 ,
634 2189 821 2234 Antipatro
859 2189 1014 2234 Pontus,
1063 2189 1249 2233 Oxyartae
1285 2187 1489 2231 Bactnana,

6 2235 174 2281 Philippo
193 2234 401 2280 Dragaena,
424 2232 518 2268 Poro
536 2232 659 2280 India,
682 2234 945 2282 Phratapherni
960 2234 1106 2270 Parthia
1123 2239 1161 2270 et
1178 2232 1375 2278 Hyrcania,
1400 2231 1489 2266 Tri-

6 2282 145 2329 polemo
168 2280 312 2326 Persis,
344 2279 525 2315 Arcesilao
548 2280 817 2326 Mesopotamia.
866 2293 981 2328 neque
1010 2281 1048 2315 hi
1079 2284 1161 2316 ante
1191 2280 1296 2315 finem
1325 2279 1490 2314 fecerunt

6 2327 137 2364 mutuis
158 2339 238 2363 sese
258 2326 360 2362 bellis
385 2326 576 2362 infestandi
603 2338 708 2373 quam
732 2328 926 2364 Romanum
948 2326 1133 2375 imperium
1154 2325 1244 2362 istos
1266 2324 1489 2372 principatus

5 2386 126 2411 omnes
154 2373 325 2410 abolevit.

99 2420 282 2457 Casander
305 2417 562 2454 Thessalonica
583 2417 774 2456 Alexandri
796 2419 870 2456 filia
892 2419 999 2455 ducta
1024 2418 1070 2455 de
1096 2418 1172 2454 eius
1200 2417 1340 2453 nomine
1362 2418 1485 2453 urbem

6 2466 296 2503 Thessalonicam
327 2465 498 2501 condidit.
544 2464 605 2500 alii
628 2467 673 2501 ab
695 2466 818 2501 Aenea
841 2467 1016 2501 conditam
1042 2466 1161 2510 aiunt,
1194 2476 1271 2500 cum
1294 2463 1326 2498 is
1350 2462 1484 2498 Troia-

5 2524 88 2549 num
110 2513 236 2548 bellum
258 2513 344 2558 suga
367 2512 558 2547 evasissetz
581 2512 662 2546 ideo
684 2512 824 2558 regioni
847 2524 972 2547 nomen
998 2512 1118 2547 Aenea
1139 2522 1231 2546 esse.
1279 2509 1341 2545 alii
1364 2509 1484 2544 Thes·

5 2559 197 2595 salonicam
220 2559 412 2605 perhibent
432 2557 538 2593 filiam
558 2557 669 2593 fuisse
692 2558 849 2606 Philippi
871 2558 1046 2604 Amyntae
1068 2556 1147 2592 filii.
1195 2556 1228 2591 is
1251 2567 1367 2591 arcem
1391 2566 1484 2602 quae

3 2605 172 2641 Pallenae
206 2610 281 2651 est,
323 2606 368 2640 ab
398 2604 478 2650 ipso
509 2608 689 2639 exstructa
714 2604 855 2650 Aenea,
896 2616 974 2639 cum
999 2616 1045 2638 ex
1073 2602 1226 2638 subditis
1256 2602 1484 2648 cognovisset

3 2651 112 2687 filiam
133 2651 204 2687 sibi
225 2656 342 2687 natam
365 2662 407 2686 ac
429 2651 644 2686 Casandram
666 2651 874 2687 nominatam
894 2662 995 2697 esse,
1019 2650 1099 2697 ipse
1117 2660 1194 2684 eum
1215 2649 1328 2684 locum
1343 2648 1481 2683 Casan-

3 2698 122 2733 dream
145 2697 358 2744 appellavit,
384 2702 604 2742 statuamque
621 2696 795 2743 lapideam
816 2696 971 2733 mulieris
994 2697 1107 2732 forma
1130 2695 1175 2731 ad
1200 2694 1346 2731 Troiam
1362 2694 1478 2741 respi-

3 2743 156 2780 cientem
177 2755 285 2789 supra
309 2754 443 2778 murum
469 2743 602 2788 posuit.

95 2791 153 2825 Eo
175 2795 335 2836 tempore
356 2789 479 2826 floruit
506 2788 611 2823 etiam
634 2787 815 2837 Aesopus,
851 2789 1046 2825 fabularum
1068 2786 1249 2832 conditor,
1285 2790 1322 2823 et
1344 2786 1479 2822 Anaxi-

3 2837 166 2881 mander,
178 2836 250 2891 ‘qu-i
268 2840 399 2872 terram
422 2836 460 2870 in
480 2835 595 2870 medio
617 2836 775 2871 universi
795 2848 874 2872 esse
892 2835 1003 2879 dixit,
1025 2833 1133 2870 solem
1154 2839 1250 2870 terra
1272 2845 1342 2869 non
1364 2833 1478 2868 mino-

4 2893 100 2928 rem,
133 2882 344 2930 principium
376 2882 526 2918 omnium
556 2892 673 2918 rerum
699 2883 837 2930 acrem,
869 2893 915 2919 ex
945 2892 1015 2929 quo
1046 2880 1163 2918 omnia
1191 2879 1349 2917 oriantur
1369 2880 1478 2927 inque

64 2936 198 2984 θοοῖς.
229 2935 403 2974 cedrenus
429 2940 512 2974 tom.
541 2936 573 2971 Ι.
1143 2930 1198 2972 18
