1742 3184
226 220 249 267 1
261 218 321 267 10
565 255 569 259 .
705 217 946 264 GEORGII
972 217 1219 263 CEDRENI

220 339 289 382 καὶ
320 335 467 394 σχεδὸν
498 334 672 388 ἅπαντες
706 336 745 380 οἷ
777 335 819 379 ἐν
845 338 1109 392 Βεθσαμοΐς,
1145 334 1249 379 ὥστε
1271 334 1337 377 καὶ
1358 333 1545 391 πνιγῆναι
1567 334 1613 378 ἐκ
1635 339 1708 378 τοῦ

221 411 326 451 λαοῦ
357 408 484 451 αὐτοῦ
516 405 761 463 πεντήκοντα
783 405 990 461 χιλιάδας.
1061 401 1186 456 αὖθις
1208 405 1253 447 δὲ
1276 403 1399 447 πάλιν
1421 405 1708 460 ἀποπέμπουσι

97 490 128 525 Ρ
151 490 198 526 62
221 480 289 522 καὶ
319 472 431 521 οὗτοι
465 478 537 533 τὴν
567 477 742 532 κιβωτὸν
771 478 827 528 εἷς
852 477 1183 534 Καριαθιαρείμ·
1221 475 1259 517 οἳ
1283 475 1328 517 δὲ
1350 474 1392 517 ἐν
1412 475 1519 533 αὐτῇ
1539 474 1707 530 ἄσμενοι

217 548 463 599 ἀπεδέξαντο
497 547 570 602 τὴν
603 545 799 602 κιβωτόν,
859 548 926 590 καὶ
962 546 1215 602 κατέστησαν
1247 543 1376 599 αὐτὴν
1407 546 1464 596 εἰς
1494 544 1566 588 τὸν
1597 543 1708 588 οἶκον

211 617 445 674 Ἀμιναόὰμ
467 618 537 660 τὸν
558 619 600 660 ἐν
624 622 683 676 τῷ
703 620 842 674 βουνῷ
851 649 864 669 ,
913 618 983 659 καὶ
1013 614 1179 673 ἡγίασεν
1198 612 1402 672 Ἐλεάζαρ
1431 614 1502 658 τὸν
1521 615 1610 658 υἱὸν
1630 615 1706 658 αὗ-
1720 625 1741 662 5

218 692 293 732 τοῦ
316 687 538 746 φυλάσσειν
567 687 639 742 τὴν
670 686 845 741 κιβωτὸν
876 691 948 742 τῆς
978 684 1183 742 διαθήκης
1208 686 1363 742 κυρίου.
1434 685 1595 741 ἐποίησε
1617 685 1660 727 δὲ
1681 682 1707 740 ἦ

219 758 395 813 κιβωτὸς
423 758 547 800 ἐκεῖσε
575 757 643 812 ἔτη
674 756 725 809 κ’,
761 759 828 799 καὶ
847 754 868 799 ὅ
888 756 989 807 λαὸς
1008 756 1102 814 ἄρτι
1125 754 1332 813 ἐπορεύθη
1354 753 1527 798 ὄπισθεν
1551 755 1710 812 κυρίου.

219 830 288 872 καὶ
311 826 472 884 συνάγει
496 827 695 881 Σαμουὴλ
717 825 872 878 πάντας
892 829 948 878 εἷς
966 829 1179 884 Μασιφιῖ,
1215 826 1283 868 καὶ
1315 832 1510 882 παραινεῖ
1529 825 1711 882 περιελέ-

221 903 326 942 σθαι
350 898 500 948 αὐτοὺς
519 896 652 940 πάντα
674 889 727 940 τὰ
749 898 911 949 εἴδωλα,
946 899 1013 940 καὶ
1038 897 1234 952 ἐποιήσαν
1259 894 1403 945 οὕτως.
1455 894 1495 937 οἳ
1518 895 1562 938 δὲ
1584 892 1708 937 ἀλλό-

222 972 345 1026 φυλοι
386 969 626 1023 παμπληθεὶ
665 968 942 1024 παρενέβαλον
981 967 1049 1010 ἐπ’
1083 963 1245 1016 αὐτούς.
1316 966 1385 1007 καὶ
1421 963 1573 1021 ηὔξατο
1606 962 1739 1019 ὖπέρι

224 1037 360 1081 αὐτῶν
378 1037 599 1092 Σαμουήλ,
635 1039 703 1079 καὶ
733 1035 949 1094 ἐβρόντησε
976 1035 1137 1095 κύριος,
1184 1042 1348 1078 κινεῖται
1374 1035 1418 1078 δέ
1436 1039 1517 1086 πᾶς
1536 1034 1711 1092 Ἰσραὴλ

225 1108 331 1151 κατὰ
373 1112 453 1150 τῶν
491 1106 750 1165 ἀλλοφύλων,
797 1109 864 1151 καὶ
899 1106 1095 1158 ἐπάταξεν
1125 1106 1277 1157 αὖτοὺς
1304 1103 1443 1162 κύριος
1477 1105 1547 1147 διὰ
1573 1104 1713 1161 χειρὸς

170 1186 202 1223 Β
220 1177 395 1235 Ἰσραὴλ
418 1178 575 1234 πληγὴν
597 1176 789 1234 μεγάλην.
859 1179 926 1220 καὶ
953 1178 1056 1232 μετὰ
1087 1181 1207 1220 τοῦτο
1228 1174 1443 1231 συνάγεται
1468 1179 1548 1225 πᾶς
1570 1173 1591 1216 ὃ
1612 1174 1713 1225 λαὸς

223 1248 326 1306 πρὸς
346 1248 546 1302 Σαμουὴλ
565 1248 745 1304 λέγοντες
773 1245 941 1303 ((ἐπειδὴ
976 1248 1014 1290 οἱ
1046 1247 1131 1288 υἱοί
1161 1262 1237 1290 σου
1263 1245 1391 1301 ’Ῑωὴλ
1422 1245 1490 1287 καὶ
1517 1245 1637 1299 Ἀβιᾶ
1662 1244 1710 1287 οὗ

224 1317 330 1361 κατὰ
361 1317 434 1368 τὰς
462 1319 541 1368 σὰς
566 1315 806 1375 πορεύονται
836 1315 979 1369 ὁδούς,
1016 1316 1124 1359 ἀλλὰ
1148 1314 1298 1374 δώροις
1323 1316 1547 1357 ἐκκλίνουσι
1569 1313 1615 1357 τὸ
1648 1315 1742 1358 ‹ll—1

224 1405 352 1439 καιον,
389 1388 556 1443 ποιήσον
575 1385 672 1443 ἡμῖν
691 1388 878 1442 βασιλέα,
915 1387 961 1438 ὃς
984 1393 1115 1445 κρινεῖ
1129 1383 1281 1442 ἢμᾶς.”
1332 1384 1510 1442 πονηρὸν
1529 1385 1575 1427 δὲ
1591 1389 1712 1427 τοῦτο

221 1455 352 1516 ἐφάνη
387 1462 445 1515 τῷ
478 1456 691 1513 Σαμουήλ.
770 1455 882 1512 ὅμως
914 1455 1019 1500 εἶπεν
1051 1458 1161 1515 αὐτῷ
1193 1453 1214 1499 ὅ
1244 1455 1356 1506 θεὸς·
1377 1453 1610 1498 ὑπακοῦσαι
1640 1459 1714 1497 τοῦ

220 1531 345 1578 λαοῦ,
392 1529 459 1570 καὶ
490 1526 552 1570 ὅτι
583 1527 630 1570 οὗ
654 1527 698 1570 σὲ
720 1525 1037 1578 ἐξουδενώκασιν
1059 1526 1152 1568 ἀλλ’
1180 1526 1250 1580 ἐμὲ
1274 1529 1332 1583 τῷ
1349 1525 1408 1580 μὴ
1432 1525 1567 1567 θέλειν
1588 1529 1714 1578 βασι-

221 1595 418 1640 λεύεσθαι
446 1594 520 1639 ὑπ’
556 1598 678 1651 ἐμοῦ’
732 1597 837 1639 κατὰ
863 1602 994 1639 ταῦτα
1017 1593 1284 1651 πεποιήκασιν
1308 1595 1345 1636 οἳ
1373 1595 1542 1651 πατέρες
1565 1594 1714 1647 αὐτῶν,

223 1667 301 1724 ἀφ’
341 1661 390 1721 ἧς
422 1663 578 1723 ἡμέρας
605 1664 799 1722 ἐξήγαγον
826 1666 975 1717 αὐτοὺς
1001 1668 1043 1718 ἐξ
1066 1663 1296 1722 Αἰγύπτου.
1367 1664 1523 1721 ἔχρισεν
1545 1659 1616 1707 οὖν
1636 1664 1742 1712 nezi-2

170 1750 202 1785 c
227 1743 311 1787 τοῖς
329 1736 528 1790 Σαμουὴλ
550 1737 723 1790 βασιλέα
746 1736 816 1778 τὸν
834 1735 997 1789 Σαούλ,
1035 1735 1167 1793 ἄνδρα
1189 1735 1448 1790 Βενιαμίτην.
1496 1735 1563 1776 καὶ
1589 1731 1610 1775 ὅ
1630 1738 1714 1788 βα-

227 1805 363 1857 σιλεὺς
374 1806 600 1861 Ἀμανιτῶν
618 1810 742 1857 Ναᾶς
766 1807 964 1862 ἐπανέστη
985 1811 1034 1864 τῇ
1058 1808 1099 1847 Γ
1097 1803 1247 1848 αλαάδ.
1318 1805 1356 1847 οἱ
1392 1805 1436 1847 δὲ
1467 1802 1620 1860 ἤθελον
1650 1805 1713 1847 ἐπὶ

323 1917 342 1951 1
368 1914 555 1960 πληγῆναι
563 1914 568 1919 “
577 1914 764 1962 Xylander

228 2020 298 2055 que
317 2020 437 2043 omnes
457 2008 769 2044 Bethschemesani
794 2008 912 2052 cives3
936 2012 1156 2055 quapropter
1177 2007 1282 2043 etiam
1307 2008 1352 2043 50
1375 2006 1471 2042 milia
1490 2006 1646 2042 virorum
1669 2007 1714 2043 de

229 2056 289 2090 illo
314 2055 444 2102 populo
469 2056 664 2101 perierunt.
713 2056 833 2102 itaque
858 2056 895 2090 hi
919 2067 1035 2091 arcam
1063 2068 1084 2091 a
1115 2068 1154 2090 se
1177 2055 1481 2090 Cariatiearimam
1510 2054 1715 2097 dimittunt3

229 2103 328 2138 cuius
354 2103 450 2137 cives
470 2114 546 2138 eam
571 2102 704 2137 alacres
730 2109 956 2148 exceperunt,
982 2102 1089 2148 inque
1115 2103 1217 2137 domo
1242 2102 1451 2137 Aminadabi
1475 2100 1545 2136 sita
1568 2101 1605 2135 in
1631 2101 1718 2135 colle

227 2155 482 2195 reposuerunt3
519 2149 800 2195 Eleazarumque
823 2149 855 2184 is
880 2149 988 2184 filium
1013 2161 1111 2185 suum
1138 2149 1379 2194 consecravit,
1414 2147 1476 2195 qui
1501 2159 1616 2183 arcam
1639 2149 1719 2183 foe-

229 2195 327 2231 deris
349 2195 462 2231 divini
487 2197 695 2232 custodiret.
744 2197 795 2231 ibi
820 2208 902 2232 arca
924 2208 1034 2232 annos
1052 2198 1099 2231 20
1123 2202 1179 2231 est
1201 2202 1426 2231 commorata.
1459 2200 1544 2230 tunc
1568 2195 1719 2242 populus

228 2243 346 2278 denuo
371 2243 431 2278 dei
454 2243 655 2290 praeceptis
681 2245 969 2290 obtemperabat3
1009 2255 1098 2289 quos
1118 2243 1316 2289 Masipham
1341 2249 1555 2278 convocatos
1579 2241 1721 2277 Samuel

190 2330 194 2337 ἦ
229 2290 437 2325 exhortatus
460 2297 515 2326 est
538 2291 590 2326 uti
621 2290 808 2326 simulacra
841 2291 956 2325 omnia
984 2290 1176 2326 abolerent.
1228 2290 1374 2336 eiusque
1398 2289 1547 2324 monitui
1569 2288 1720 2335 populus

228 2337 505 2383 obtemperavit.
553 2338 671 2372 statim
695 2337 840 2373 barbari
864 2337 1024 2373 omnibus
1050 2338 1163 2384 copiis
1190 2339 1360 2373 adversus
1385 2336 1552 2383 populum
1575 2335 1719 2370 Israeli-

229 2395 306 2418 cum
332 2390 414 2419 sunt
438 2384 605 2430 profecti.
654 2396 720 2431 pro
744 2395 815 2430 quo
840 2395 917 2419 cum
942 2385 986 2420 ad
1020 2385 1121 2419 deum
1155 2385 1319 2431 precibus
1344 2383 1487 2419 Samuel
1518 2382 1721 2418 intercede-

227 2436 297 2475 ret,
320 2430 475 2466 intonuit
498 2432 598 2467 deus.
648 2443 690 2467 ac
722 2437 797 2467 toto
829 2432 960 2478 populo
991 2431 1028 2466 in
1061 2432 1172 2466 aciem
1207 2438 1330 2466 contra
1358 2432 1530 2466 barbaros
1563 2441 1720 2475 egresso,

229 2489 332 2512 manu
358 2478 434 2512 eius
458 2479 545 2514 deus
568 2478 746 2524 ingentem
771 2484 925 2524 stragem
947 2479 1178 2514 barbarorum
1201 2478 1325 2514 edidit.
1351 2477 1406 2513 his
1431 2478 1484 2512 ita
1505 2476 1617 2522 gestis
1641 2476 1721 2510 uni—

229 2536 355 2559 versus
377 2525 528 2570 populus
551 2527 596 2561 ad
615 2525 813 2560 Samuelum
834 2525 1018 2571 confluxit,
1044 2537 1191 2571 eumque
1210 2527 1263 2560 sic
1282 2525 1552 2572 appellaverunt
1572 2524 1610 2567 (1
1623 2523 1721 2557 Sam.

229 2571 269 2615 8)
301 2567 608 2617 “quandoquidem
639 2571 706 2607 filii
736 2573 789 2608 tui
815 2572 932 2607 Ioelus
964 2577 1001 2607 et
1022 2573 1131 2607 Abias
1157 2572 1227 2607 tuis
1259 2572 1421 2618 vestigiis
1445 2582 1516 2606 non
1540 2570 1720 2614 insistunt,

229 2617 294 2652 sed
318 2617 355 2651 in
378 2618 565 2654 iudicando
585 2619 762 2666 corrumpi
781 2631 820 2654 se
839 2619 940 2654 donis
959 2620 1163 2665 patiuntur,
1190 2621 1337 2665 agedum
1361 2629 1481 2664 regem
1506 2617 1609 2652 nobis
1634 2628 1719 2651 con-

230 2663 362 2709 stitue,
394 2665 455 2710 qui
479 2672 601 2701 noster
621 2667 668 2701 sit
686 2663 831 2702 iudex.‘'
878 2666 1060 2712 displicuit
1079 2667 1115 2702 id
1140 2666 1352 2712 postulatum
1376 2664 1564 2700 Samuelo:
1598 2675 1721 2699 verum

230 2715 349 2745 tamen
373 2723 394 2746 a
416 2712 482 2746 deo
507 2712 623 2748 iussus
648 2713 738 2760 ipsis
762 2713 930 2759 obsequi,
967 2714 1107 2759 quando
1132 2725 1203 2748 non
1225 2711 1424 2748 Samuelum
1459 2713 1524 2747 sed
1556 2723 1596 2746 se
1618 2711 1721 2745 deum

233 2757 478 2803 sprevissent,
512 2772 703 2806 regemque
727 2760 816 2807 ipsis
841 2773 920 2795 esse
954 2772 1032 2795 eum
1056 2761 1239 2806 dedignati
1263 2765 1405 2804 essent,
1440 2758 1568 2794 imitati
1593 2757 1631 2792 in
1655 2757 1723 2791 hoc

231 2803 402 2839 maiorum
425 2816 565 2841 suorum
592 2807 708 2852 facta,
743 2808 805 2853 qui
829 2809 874 2843 ab
897 2819 938 2843 eo
964 2807 1023 2842 die
1046 2819 1115 2853 quo
1142 2820 1185 2842 ex
1208 2808 1375 2853 Aegypto
1399 2805 1518 2842 educti
1549 2803 1720 2839 divinitus

232 2851 388 2896 fuerunt,
414 2850 504 2886 tales
527 2865 608 2888 sese
630 2854 837 2900 gessissent,
862 2855 913 2889 ita
937 2866 1021 2900 ergo
1041 2854 1198 2899 Saulum,
1224 2854 1398 2888 hominem
1421 2852 1519 2888 tribu
1539 2850 1719 2887 Beniami-

234 2909 371 2942 naeum,
398 2898 563 2934 unctione
586 2913 704 2947 regem
724 2901 769 2936 iis
791 2902 1005 2947 designavit.
1038 2902 1227 2936 secundum
1253 2901 1340 2935 haec
1362 2899 1635 2935 Ammonitarum
1657 2908 1722 2931 rex

235 2944 375 2980 Naasus
409 2944 594 2983 Gileadam
627 2950 748 2983 urbem
783 2948 1018 2996 oppugnavit.
1066 2960 1143 2984 cum
1172 2959 1259 2983 vero
1292 2948 1319 2982 ii
1351 2946 1475 2982 salutis
1508 2943 1722 2981 obtinendae
