1742 3184
208 204 308 257 302
547 237 552 242 ·
689 206 934 257 GEORGII
960 208 1209 256 GEDRENI
1226 226 1229 232 ⁴

207 323 375 386 ἔρριψεν
404 324 447 370 ἐν
470 328 531 387 τῷ
556 321 695 385 κόλπῳ
726 325 877 370 αῧτοῦ·
922 323 1021 384 ὅπερ
1050 325 1250 384 ἀναγνοὺς
1277 323 1300 370 ὅ
1329 327 1498 386 Καῖσαρ
1525 324 1690 383 ἀνέστη,

205 394 398 448 κελεύσας
429 395 608 454 ἀργῆσαι
638 396 692 439 τὰ
721 396 919 454 κριθέντα
949 396 1055 454 παρ’
1091 396 1233 440 αὐτοῦ.
1281 394 1365 440 ’ὅτι
1396 395 1504 439 πάνυ
1532 391 1583 453 ἦν
1609 395 1691 439 τῶν

59 468 91 506 P
113 470 183 509 172
205 467 337 526 φίλων
355 464 664 524 θεραπευτικός.
732 466 842 516 τινὸς
856 465 938 523 γὰρ
956 470 1039 510 τῶν
1061 463 1444 524 συστρατευομένων
1463 465 1575 525 αὗτῷ
1595 467 1691 522 δεη-

203 536 351 586 θέντος
369 541 444 591 τῆς
464 537 521 587 εἷς
534 536 581 579 τὸ
599 533 893 592 βουλευτήριον
915 534 1044 579 αὗτοῦ
1058 535 1308 592 παρουσίας,
1337 537 1459 578 εἷπεΐν
1477 534 1603 579 αὐτὸν
1617 535 1692 590 μὲν

203 605 474 661 ἀσχολεῖσθαι
482 637 496 658 ,
532 605 750 663 ἐπιτρέψαι
773 605 823 647 δέ
839 622 918 647 τινι
939 609 1020 648 τῶν
1044 606 1175 663 φίλων
1196 605 1503 663 παραγενέσθαι
1526 607 1594 647 καὶ
1616 605 1725 661 τὴνὸ

197 676 341 734 χρείαν
371 678 600 732 πληρῶσαι.
671 673 717 725 ὃς
743 673 953 731 ὀργισθεὶς
977 673 1056 732 ἔφη
1080 672 1190 731 “ἐγὼ
1219 672 1362 727 ὁσάκις
1386 678 1461 730 τῆς
1481 675 1581 729 ἐμῆς
1601 675 1694 716 ἐπι-

202 745 370 802 κουρίας
394 741 594 799 ἐδεήθης,
625 742 699 785 οὐκ
720 742 846 786 ἄλλον
869 743 960 787 ἀντ’
985 743 1087 798 ἐμοῦ
1110 742 1321 799 ἔπεμψα.”
1393 745 1463 788 καὶ
1491 741 1693 802 ἐρυθριά-

204 831 283 865 σας
304 812 325 857 ὃ
350 814 517 871 Καῖσαρ
540 814 608 855 καὶ
631 816 872 869 συναπῆλθε
890 814 959 856 καὶ
979 814 1239 871 συνέπραξεν.
1403 809 1406 811 ’

335 883 425 925 Ἐπὶ
453 883 498 925 δὲ
525 887 599 938 τῆς
622 883 835 937 βασιλείας
860 881 1108 939 Αὐγούστου
1131 883 1347 941 Καίσαρος
1366 883 1532 938 εῗσῆλθε
1551 886 1692 924 πλοῖον

201 949 282 994 ἆπὸ
311 951 616 1009 Ἀλεξανδρείας
649 954 705 1004 εἷς
735 952 811 1008 τὴν
841 950 998 1010 πόρταν
1021 950 1212 1008 ιΡώμης,
1256 949 1547 1009 ἐπιφερόμενον
1578 953 1691 995 σίτου
1704 957 1742 993 1ss

202 1022 359 1077 μοὸίων
386 1019 581 1077 χιλιάδας
608 1020 662 1075 v',
708 1019 907 1077 ἐπιβάτας
938 1020 1019 1074 ασ’,
1053 1020 1207 1072 ναύτας
1234 1019 1287 1074 σ’,
1321 1022 1485 1078 πέπερι,
1522 1019 1691 1073 ὀθόνας,

149 1101 180 1138 Β
200 1089 384 1148 χάρτην,
428 1089 567 1143 ὖέλια,
612 1093 679 1133 καὶ
720 1091 792 1134 τὸν
828 1091 957 1147 μέγαν
993 1090 1203 1146 ὀβελίσκον
1234 1090 1339 1145 μετὰ
1369 1095 1443 1133 τοῦ
1475 1090 1691 1145 βασιλέως,

204 1159 330 1203 αὐτόν
358 1178 402 1204 τε
432 1159 590 1204 ἑστῶτα
620 1161 663 1203 ἐν
693 1164 751 1220 τῷ
779 1158 946 1220 μεγάλῳ
977 1160 1129 1220 ἱππικῷ
1135 1193 1149 1213 ,
1185 1160 1329 1216 ἔχοντα
1348 1159 1459 1216 ὕψος
1477 1157 1610 1210 πόδας
1627 1157 1692 1213 πζ’

200 1228 367 1286 ἥμισυν.

341 1296 438 1354 Εἶχε
460 1298 505 1341 δὲ
526 1298 595 1340 καὶ
613 1295 905 1355 Ἀθηνόδωρον
927 1297 998 1340 τὸν
1016 1296 1282 1354 Ἀλεξανδρέα
1306 1295 1548 1355 σοφώτατον
1570 1293 1691 1340 πάνυ.
1703 1304 1742 1339 15

201 1362 254 1423 ἦν
284 1369 330 1411 δὲ
362 1370 530 1426 Καῖσαρ
563 1360 775 1422 μανιώδης
804 1367 865 1410 ἀεὶ
893 1369 985 1426 περὶ
1019 1367 1094 1418 τὰς
1121 1371 1203 1410 τῶν
1231 1366 1455 1424 ἀλλοτρίων
1483 1372 1691 1422 γυναῖκας,

197 1436 255 1489 ὥς
286 1440 355 1481 καὶ
386 1437 536 1488 αὐτοὺς
565 1438 819 1495 ἐξυπηρετεῖν
850 1441 908 1495 τῷ
936 1434 1154 1492 μιάσματι.
1221 1434 1339 1492 ἡνίκα
1361 1436 1440 1494 γὰρ
1462 1435 1607 1493 ἤρχετό
1631 1453 1693 1487 τις

197 1512 280 1551 τῶν
311 1512 545 1563 βουλευτῶν
573 1506 678 1565 πρὸς
707 1506 833 1550 αὐτὸν
864 1504 1020 1564 ὡραίαν
1053 1506 1156 1562 ἔχων
1189 1513 1382 1562 γυναῖκα,
1414 1505 1565 1560 ἔπεμπε
1589 1506 1693 1563 πρὸς

198 1582 345 1622 τοῦτον
374 1578 445 1621 τὸν
478 1578 624 1620 οἰκεῖον
647 1575 888 1628 δακτύλιον,
924 1578 992 1619 καὶ
1013 1575 1129 1630 ἠξίου
1149 1577 1341 1629 ἐμβαλεῖν
1359 1574 1434 1629 τὴν
1450 1575 1632 1631 γαμετὴν
1650 1575 1692 1618 ἐν

200 1647 436 1705 καταστέγῳ
453 1647 605 1704 φορείῳ
628 1647 695 1688 καὶ
717 1643 1094 1700 κατασημάνασθαι
1104 1677 1118 1697 ,
1154 1646 1222 1687 καὶ
1241 1638 1368 1695 αὖθις
1382 1643 1453 1687 τὸν
1473 1643 1742 1688 ὃακτύλιονΞῦ

199 1716 569 1771 ἀντιπέμψασθαι·
603 1716 673 1757 καὶ
708 1713 815 1758 οὕτω
847 1712 1064 1769 δεχόμενος
1092 1713 1167 1769 τὴν
1194 1720 1366 1771 γυναῖκα
1391 1714 1433 1756 ἐν
1456 1717 1514 1773 τῷ
1537 1715 1692 1773 φορείῳ

199 1784 450 1843 ἀσελγαίνων
469 1782 687 1844 ἐσφράγιζε
708 1786 777 1828 καὶ
799 1783 1141 1842 ἄνταπέστρεφεν.
1210 1781 1308 1842 ὅπερ
1342 1782 1480 1841 γέγονέ
1508 1801 1609 1838 τινι,
1645 1783 1692 1835 ὃς

290 1918 335 1954 10
360 1915 414 1958 εἰς
435 1912 504 1953 τὸν
523 1906 667 1959 πόρτον
690 1913 870 1961 Meursius
1026 1916 1070 1952 19
1093 1913 1264 1962 ἐκβαλεῖν
1286 1915 1318 1951 Ρ

201 2042 350 2077 eamque
380 2031 553 2076 signatam
585 2029 625 2065 in
656 2030 825 2076 gremium
856 2030 933 2066 eius
965 2029 1132 2065 coniecit.
1180 2041 1222 2065 ea
1244 2029 1338 2065 lecta
1363 2029 1500 2066 Caesar
1521 2030 1690 2076 surrexit,

199 2078 376 2124 iussitque
411 2077 664 2114 sententiarum
693 2077 843 2117 latarum
870 2089 891 2112 a
916 2089 955 2112 se
985 2078 1227 2112 executionem
1257 2076 1412 2112 differri.
1465 2082 1544 2111 erat
1575 2083 1690 2113 autem

200 2125 239 2161 in
263 2125 394 2160 amicos
416 2125 601 2160 admodum
625 2124 819 2160 officiosus.
868 2135 945 2159 curn
977 2124 1119 2170 quidam
1147 2123 1246 2158 cuius
1273 2122 1422 2158 militiae
1449 2127 1532 2158 erat
1556 2124 1694 2159 Caesar

200 2182 286 2207 usus
306 2183 436 2218 opera,
462 2172 506 2206 ab
532 2183 574 2206 eo
598 2175 741 2220 peteret
761 2175 801 2205 ut
821 2170 878 2206 sui
900 2171 938 2205 in
961 2171 1112 2217 quadam
1134 2181 1175 2204 re
1197 2169 1344 2205 iuvandi
1363 2169 1483 2216 gratia
1499 2169 1538 2204 in
1559 2171 1693 2206 curiam

200 2219 364 2263 veniret,
396 2219 602 2264 Caesarque
624 2230 665 2253 se
687 2221 894 2264 occupatum
919 2229 1019 2263 esse,
1043 2218 1107 2252 sed
1131 2217 1237 2251 misso
1256 2217 1369 2252 amico
1390 2217 1467 2252 eius
1486 2217 1693 2253 necessitati

199 2266 483 2302 subserviturum
506 2266 758 2312 responderet,
791 2275 1003 2300 succensens
1036 2264 1125 2299 alter
1154 2260 1271 2309 “ego'’
1302 2263 1440 2310 inquit,
1463 2259 1628 2309 “quoties
1652 2270 1695 2300 tu

199 2312 373 2349 auxilium·
387 2324 501 2347 meum
521 2312 750 2358 requirebas,
773 2322 845 2346 non
867 2310 972 2346 alium
996 2322 1072 2346 meo
1097 2310 1176 2345 loco
1197 2307 1315 2346 misi.''
1362 2311 1415 2346 ita
1432 2310 1567 2346 Caesar
1585 2322 1691 2347 vere-

198 2359 329 2397 cundia
351 2363 467 2395 motus
485 2370 555 2394 una
573 2359 686 2404 abiit3
709 2358 814 2404 eique
836 2357 878 2392 in
899 2369 1006 2393 eausa
1026 2369 1092 2394 sua
1114 2358 1252 2404 agenda
1274 2357 1404 2393 adfuit.
1673 2360 1681 2367 “

291 2428 452 2474 Augusto
476 2428 675 2475 imperante
697 2427 799 2463 navis
824 2425 1063 2462 Alexandrina
1080 2426 1117 2462 in
1135 2430 1276 2473 portum
1299 2427 1434 2462 Romae
1451 2429 1508 2461 est
1527 2426 1694 2475 advecta,

198 2475 460 2521 quadringenta
482 2475 677 2511 modiorum
699 2473 867 2511 frumenti
889 2473 986 2509 milia
1009 2474 1194 2518 adferens,
1228 2473 1427 2509 classiarios
1454 2475 1564 2518 1200,
1599 2485 1690 2509 nan-

197 2527 253 2557 tas
277 2524 362 2568 200,
398 2527 473 2558 tum
502 2522 625 2568 piper,
655 2522 787 2567 lintea,
821 2520 984 2565 chartas,
1015 2520 1132 2567 vitra,
1168 2531 1400 2566 magnumque
1432 2519 1625 2556 obeliscum
1656 2525 1693 2556 et

197 2567 448 2615 imperatorem
469 2569 674 2606 collocatum
695 2569 734 2604 in
756 2579 881 2613 magno
906 2567 1022 2613 circo,
1047 2567 1154 2603 altum
1176 2569 1288 2614 pedes
1310 2567 1357 2603 87
1381 2578 1414 2601 s.

290 2638 427 2674 Habuit
461 2639 568 2674 etiam
599 2638 863 2674 Athenodorum
898 2636 1197 2681 Alexandrinum,
1231 2633 1530 2682 sapientissimum
1560 2634 1692 2670 virum.

199 2683 324 2718 insano
349 2685 541 2721 alienarum
565 2697 712 2721 uxorum
736 2684 847 2720 amori
867 2683 1074 2730 indulgebat
1094 2684 1248 2725 Caesar-3
1274 2683 1435 2727 adeoque
1455 2682 1528 2728 ipsi
1551 2681 1691 2727 flagitio

201 2729 277 2765 eius
300 2732 417 2766 mariti
442 2732 700 2768 inserviebant.
748 2742 827 2767 cum
857 2731 950 2766 enim
981 2731 1108 2776 aliquis
1134 2735 1336 2765 senatorum
1364 2730 1409 2764 ad
1433 2739 1511 2764 eum
1534 2729 1690 2774 veniret,

200 2776 259 2811 cui
280 2787 369 2812 uxor
391 2784 486 2814 esset
509 2781 684 2823 formosa,
721 2779 766 2814 ad
794 2778 887 2813 hune
909 2778 1046 2813 Caesar
1066 2776 1163 2812 misit
1185 2787 1285 2811 suum
1309 2774 1471 2810 annulum
1484 2802 1495 2821 ,
1528 2775 1690 2821 postula-

200 2822 326 2869 vitque
357 2827 397 2858 ut
427 2836 570 2860 uxorem
600 2825 639 2860 in
669 2825 798 2860 lectica
822 2825 867 2860 ad
890 2836 930 2859 se
953 2825 1110 2860 mitteret
1132 2827 1257 2870 operta
1281 2822 1539 2868 obsignatoque
1560 2827 1597 2857 et
1619 2833 1690 2858 una

201 2868 366 2904 annulum
390 2871 607 2915 remitteret3
639 2872 763 2918 itaque
794 2871 973 2907 mulierem
996 2871 1033 2906 in
1054 2871 1183 2906 lectica
1207 2869 1407 2915 accipiens,
1439 2869 1581 2915 expleta
1606 2868 1687 2903 libi-

202 2915 287 2954 dine
315 2926 391 2953 eam
420 2917 638 2964 obsignatam
660 2919 787 2957 marito
810 2918 1028 2956 remittebat*
1075 2917 1233 2967 petierat
1255 2915 1448 2963 aliquando
1468 2915 1506 2952 id
1528 2915 1644 2964 ipsum
1667 2927 1689 2951 a
