1742 3184
191 166 291 216 504
677 165 919 213 GEORGH
953 163 1202 210 GEDRENI

192 286 329 343 ρυξεν.
393 280 440 334 ὃς
468 287 542 339 τῆς
571 278 748 327 συνόδου
783 278 994 323 κανονίσαι
1023 275 1232 350 θελρῦσης
1261 276 1367 322 ὥστε
1395 277 1588 337 κληὶρικόν
1614 279 1674 336 μὴ

190 354 462 411 συνέρχεσθαι
478 353 635 409 γυναικὶ
657 350 761 408 πρὸς
780 347 928 406 γάμον,
966 346 1023 400 ὥς
1047 348 1183 406 βαρὺν
1215 347 1287 391 τὸν
1315 346 1436 404 λόγον
1465 348 1675 407 ἀνέτρεψε,

191 425 260 466 καὶ
276 421 418 478 μόνοις
437 419 670 471 ἐπισκόποις
688 418 869 462 ἒτύπωσε
885 422 1006 462 τοῦτο
1026 415 1442 476 παραφυλάττεσθαι.

327 491 456 536 Μετὰ
474 495 571 548 γοῦν
590 488 744 544 πολλὴν
763 492 836 542 τῆς
856 488 1041 543 σκέψεως
1064 487 1273 544 ἀκρίβειαν
1294 487 1405 538 ἔδοξε
1427 491 1551 530 πᾶσιν
1569 485 1675 542 ὄμοῢ

190 564 274 605 δεῖν
291 559 518 620 ὁρίσασθαι
536 559 582 602 τὸ
602 556 823 613 ὃμοούσιον
842 558 908 600 ἐπὶ
927 562 1001 613 τῆς
1020 556 1252 615 ὄρθοδόξου
1275 558 1460 609 πίστεως,
1490 557 1706 600 τουτέστι5

186 636 261 687 τῆς
283 631 411 686 αὐτῆς
433 630 575 679 οὐσίας
601 630 671 671 καὶ
698 628 861 685 φύσεως
891 631 951 686 τῷ
979 628 1104 684 πατρὶ
1133 628 1200 669 καὶ
1231 625 1302 669 τὸν
1332 626 1422 669 υἱὸν
1450 625 1674 682 ὁμολογεῖν.

39 707 70 743 Ρ
92 708 162 745 288
186 700 239 754 ’ἣν
262 701 312 756 δὴ
335 701 403 742 καὶ
424 698 530 742 κατὰ
550 695 702 755 κράτος
723 698 792 740 καὶ
812 695 1048 754 συμφώνως
1071 697 1340 751 ἐβεβαίωσαν,
1376 697 1503 754 παρὲξ
1515 695 1673 753 Ἀρείου

184 774 259 813 τοῦ
274 771 450 823 ἀσεβοῦς
467 769 536 810 καὶ
558 766 705 824 ἑτέρων
723 765 768 818 ἓξ
791 764 1037 824 ὃμοφρόνων
1056 767 1169 824 αὐτῷ
1178 799 1192 819 ,
1222 765 1293 816 οὓς
1312 764 1672 821 ἀναθεματισθέν-

183 857 259 890 τας
278 837 357 881 ὑπὸ
381 842 462 880 τῶν
483 838 611 880 θείων
631 834 709 892 τιη’
727 837 915 893 πατέρων
937 833 958 878 ὃ
978 836 1175 890 βασιλεὺς
1193 833 1374 893 ἐξώρισε.

321 905 450 951 Iis-sets).
484 907 529 950 δὲ
560 910 692 949 ταῦτα
728 903 1089 963 φιλαπεχθήμονες
1117 904 1263 963 ἄνδρες
1299 900 1405 947 κατά
1433 919 1554 945 τινων
1581 902 1671 945 ἔπι·
1683 909 1728 949 10

181 975 346 1020 σκόπων
389 973 622 1033 ἐγγράφους
662 976 870 1018 ἐπέδωκαν
917 979 977 1034 τῷ
1024 978 1193 1029 βασιλεῖ
1229 973 1489 1030 κατηγορίας.
1569 970 1590 1014 ὃ
1626 973 1671 1015 δὲ

178 1044 334 1096 ταύτας
367 1044 585 1100 δεξάμενος
614 1046 681 1087 καὶ
718 1042 928 1100 δεσμῆσας
957 1045 1026 1087 καὶ
1058 1048 1118 1102 τῷ
1151 1044 1354 1101 δακτυλίῳ
1386 1038 1672 1097 σημηνάμενος

179 1116 359 1159 ἐκέλευσε
384 1113 684 1173 φυλάττεσθαι.
755 1112 841 1157 εἶτα
868 1113 974 1171 πρὸς
1005 1112 1168 1171 εἰρήνην
1201 1112 1352 1163 αὐτοὺς
1378 1113 1447 1154 καὶ
1477 1109 1670 1165 ὁμόνοιαν

177 1182 445 1239 συμβιβάσας
465 1182 620 1235 ταύτας
642 1181 812 1227 ἐνώπιον
835 1181 999 1226 πάντων
1022 1183 1284 1234 κατέκαυσεν,
1321 1180 1431 1239 ὅρκῳ
1453 1184 1670 1239 πληροφο-

177 1253 309 1311 ρήσας
330 1253 482 1304 αὐτοὺς
499 1254 628 1309 μηδὲν
651 1253 879 1309 ἀναγνῶναι
899 1256 980 1295 τῶν
1002 1253 1043 1295 ἓν
1064 1251 1202 1302 αὐτοῖς
1224 1250 1527 1309 γεγραμμένων.
1573 1251 1669 1293 οὐδὲ
1681 1257 1724 1293 15

176 1324 256 1380 γὰρ
278 1323 357 1381 ἔφη
373 1327 526 1380 χρῆναι
542 1322 596 1365 τὰ
615 1320 952 1377 πλημμελήματα
970 1326 1051 1364 τῶν
1076 1321 1214 1378 ἱερέων
1237 1324 1343 1376 δῆλα
1372 1320 1565 1376 γενέσθαι
1583 1326 1668 1371 τοῖς

122 1403 153 1439 Β
177 1390 356 1444 πολλοῖς,
375 1394 447 1434 ἵνα
463 1394 522 1449 μὴ
545 1390 779 1435 σκανδάλου
799 1389 1007 1449 πρόφασιν
1028 1391 1218 1433 ἐντεῦθεν
1237 1388 1518 1445 λαμβάνοντες
1538 1390 1669 1440 ἀδεῶς

174 1460 480 1519 ἁμαρτάνωσιν.
549 1462 628 1518 ἐγὼ
663 1462 707 1504 δὲ
739 1463 775 1504 εἷ
808 1458 1014 1516 αὐτόπτης
1048 1459 1242 1516 ἐγενόμην
1276 1457 1499 1503 ἐπισκόπου
1533 1457 1668 1516 γάμον

172 1530 391 1589 ἀλλότριον
410 1528 716 1589 διορύττοντος,
752 1528 1021 1585 συνεκάλυψα
1048 1529 1098 1572 ἂν
1116 1534 1168 1586 τῇ
1188 1531 1412 1587 πορφυρίδι
1434 1546 1517 1584 μου
1537 1527 1666 1586 ταύτῃ

172 1601 219 1643 τὸ
245 1598 497 1658 παρανόμως
517 1599 748 1656 γινόμενον,
790 1598 846 1650 ὥς
867 1598 917 1642 ἂν
934 1599 993 1655 μὴ
1012 1598 1188 1654 βλάψειε
1212 1600 1309 1650 τοὺς
1327 1599 1564 1653 θεωμένους
1584 1603 1665 1641 τῶν
1674 1607 1723 1643 20

174 1671 395 1726 ὁρωμένων
416 1668 442 1724 ἦ
466 1669 577 1724 ὄψις.
662 1668 770 1712 οὕτω
792 1670 927 1712 τοίνυν
948 1669 1045 1719 τοὺς
1060 1670 1136 1723 μὲν
1154 1664 1198 1712 εὖ
1220 1670 1412 1725 λέγοντας
1432 1666 1664 1726 ἀνακηρύτ-

171 1756 267 1791 των,
304 1739 402 1789 τοὺς
430 1739 475 1781 δὲ
506 1739 786 1794 ἀντιλέγοντας
815 1742 1131 1795 παρακλητικιῦς
1163 1741 1219 1788 εἷς
1251 1736 1444 1792 ὁμόνοιαν
1469 1737 1662 1790 ἐλαύνων,
1702 1764 1707 1770 »

171 1807 269 1858 τοὺς
297 1806 455 1857 πάντας
485 1805 778 1863 ὁμογνώμονας
798 1809 866 1849 καὶ
892 1805 1118 1861 ὁμοδόξους
1143 1812 1229 1857 τοῖς
1258 1807 1664 1864 ἀμφισβητουμένοις

169 1875 301 1920 ἅπασι
334 1876 571 1932 κατέστησε.
651 1878 722 1920 καὶ
752 1875 860 1919 οὕτω
894 1876 1146 1935 παραινέσας
1173 1874 1353 1930 πάντας,
1405 1877 1474 1918 καὶ
1509 1880 1664 1932 πολλῆς

166 2032 284 2067 cilium
303 2033 498 2069 decernere
516 2035 556 2068 ut
580 2031 703 2068 clerici
723 2031 858 2079 nuptiis
883 2032 1116 2075 abstinerent,
1141 2043 1218 2067 eam
1242 2027 1454 2067 sententiam
1478 2034 1518 2066 ut
1539 2031 1661 2068 duram

164 2080 358 2125 refutavit,
376 2086 570 2124 auctorque
594 2080 664 2115 fuit
687 2084 727 2115 ut
749 2080 944 2114 caelibatus
969 2080 1053 2114 solis
1078 2079 1325 2124 iniungeretur
1349 2079 1542 2125 episcopis.

260 2127 314 2161 Re
338 2126 603 2162 accuratissime
630 2127 829 2161 examinata
854 2138 896 2160 ea
920 2127 988 2160 fuit
1013 2127 1164 2160 omnium
1189 2126 1385 2169 sententia,
1411 2137 1530 2160 veram
1555 2124 1661 2161 fidem

165 2177 323 2208 statuere
347 2173 456 2208 filium
481 2174 834 2217 consubstantialem,
869 2173 937 2206 hoc
971 2179 1026 2207 est
1057 2173 1214 2207 eiusdem
1246 2184 1323 2207 cum
1356 2178 1460 2217 patre
1483 2173 1661 2207 essentiae

164 2224 272 2264 atque
297 2226 459 2254 naturae.
510 2231 586 2254 eam
610 2220 822 2255 sententiam
846 2220 996 2254 firmiter
1024 2232 1143 2253 onmes
1169 2225 1275 2264 atque
1298 2230 1367 2253 uno
1395 2231 1456 2253 ore
1479 2220 1660 2265 approba-

163 2272 259 2307 runt,
284 2272 435 2312 excepto
459 2266 568 2312 impio
588 2266 675 2301 Ario
702 2273 738 2301 et
757 2278 820 2301 sex
840 2266 918 2300 aliis
941 2278 1018 2301 cum
1043 2279 1085 2301 eo
1111 2266 1359 2300 sentientibus.
1407 2277 1496 2311 quos
1520 2278 1543 2300 a
1564 2265 1659 2301 divi-

162 2311 219 2346 nis
241 2312 311 2346 318
335 2312 499 2358 patribus
524 2313 744 2359 proscriptos
768 2313 963 2357 imperator
988 2313 1151 2348 exsulare
1175 2311 1293 2346 iussit.

210 2377 214 2381 <
257 2359 457 2393 Secundum
488 2360 601 2404 haec,
633 2371 710 2394 cum
750 2359 1014 2394 inimicitiarum
1055 2360 1284 2394 serendarum
1317 2357 1467 2392 studiosi
1500 2358 1659 2392 homines

161 2404 315 2450 scriptas
348 2411 472 2440 contra
500 2406 688 2452 episcopos
720 2407 890 2451 quosdam
914 2406 1159 2440 accusationes
1183 2405 1390 2450 imperatori
1414 2405 1659 2449 tradidissent,

162 2449 195 2483 is
229 2462 290 2486 eas
326 2458 491 2497 acceptas
532 2452 715 2497 colligavit
755 2464 890 2497 suoque
926 2452 1054 2488 annulo
1089 2452 1294 2497 obsignatas
1328 2451 1508 2485 asservari
1539 2451 1656 2486 iussit.

163 2503 290 2540 postea
313 2498 503 2534 discordiis
525 2499 775 2544 pacificatione
799 2511 863 2534 sua
884 2499 1054 2542 sublatis,
1093 2511 1154 2533 eas
1177 2497 1419 2533 accusationes
1444 2498 1481 2532 in
1505 2510 1659 2542 conspe-

163 2548 222 2576 ctu
248 2545 398 2579 omnium
423 2546 617 2589 cremavit,
656 2546 851 2580 iuramento
886 2546 990 2580 fidem
1026 2545 1163 2580 faciens
1188 2543 1275 2579 nihil
1295 2555 1335 2578 se
1358 2543 1394 2577 in
1419 2543 1463 2578 iis
1488 2545 1656 2590 scriptum

163 2587 307 2633 legisse.
356 2603 427 2625 non
452 2592 564 2637 enim,
598 2592 761 2636 dicebat,
796 2592 928 2626 debent
951 2593 1175 2626 sacerdotum
1201 2590 1332 2625 delicta
1356 2589 1570 2625 multitudini
1593 2603 1656 2625 ex·
1701 2606 1706 2619 a

164 2636 268 2679 poni,
306 2649 350 2671 ne
383 2638 542 2673 homines
568 2638 652 2672 inde
685 2640 842 2675 offensae
871 2644 1010 2684 sumpta
1041 2638 1229 2673 occasione
1260 2637 1338 2672 sine
1374 2643 1470 2671 metu
1494 2642 1657 2682 peccent.

163 2692 231 2725 ego
263 2682 294 2716 si
329 2684 416 2717 meis
451 2685 562 2719 oculis
588 2685 746 2720 viderem
771 2686 815 2719 ab
840 2685 1008 2731 episcopo
1033 2684 1240 2720 adulterium
1265 2683 1454 2727 committi,
1488 2683 1545 2717 vel
1569 2694 1658 2728 put-

163 2738 253 2780 pure
273 2728 354 2763 inea
377 2729 502 2765 vellem
525 2731 700 2777 flagitium
727 2734 918 2776 obtegere,
954 2744 998 2766 ne
1022 2732 1099 2766 eius
1126 2735 1336 2775 conspectus
1367 2729 1457 2764 alios
1479 2729 1653 2767 laederet.

163 2779 213 2807 ita
244 2779 316 2807 tum
350 2775 543 2820 imperator
577 2791 638 2813 eos
665 2778 726 2824 qui
757 2784 855 2813 recte
877 2778 1054 2818 sentirent
1079 2777 1232 2812 victores
1258 2776 1481 2821 praedicans,
1506 2776 1654 2812 veritati

38 2840 55 2860 φ
160 2827 401 2864 repugnantes
430 2823 568 2867 placide
595 2825 639 2859 ad
673 2825 962 2860 consentiendum
990 2825 1182 2859 adhortans
1205 2822 1328 2857 effecit
1351 2823 1405 2858 uti
1428 2823 1587 2857 universi
1608 2823 1653 2857 de

159 2867 266 2901 rebus
292 2870 534 2904 controversis
556 2871 648 2907 idem
673 2872 862 2907 sentirent.
908 2877 1020 2918 atque
1043 2870 1096 2906 ita.
1120 2869 1335 2905 collaudatos
1363 2881 1484 2904 omnes
1506 2869 1652 2904 honori-
