1742 3184
195 177 297 226 702
671 176 919 224 -GEORGII
952 177 1199 223 CEDRENI

190 300 268 352 τῆς
297 294 403 354 πρὸς
431 294 530 347 τοὺς
558 292 801 354 βαρβάρους
832 290 994 352 εῗρῆνης
1023 291 1147 338 πάλιν
1176 292 1198 338 ὅ
1223 289 1406 352 χαγάνος
1426 294 1491 338 ε’πὶ
1513 294 1566 338 τὰ
1581 293 1683 338 Ῥω-

189 366 319 422 μαϊκὰ
345 373 486 424 χωρεῖ.
555 372 641 417 τοῖς
678 367 722 408 δὲ
757 364 975 422 τέσσαρσιν
1008 365 1137 408 αὐτοῦ’
1162 364 1267 416 υἱοῖς
1297 365 1513 423 παραδοὺς
1544 364 1686 422 ἑτέρας

189 434 386 492 δυνάμεις
411 435 639 494 παρέστησε
667 441 862 493 φρουρεῖν
887 434 964 485 τὰς
991 432 1204 490 διαβάσεις
1226 439 1302 478 τοῦ
1322 433 1498 493 Ἴστρου.
1570 435 1608 477 οἳ
1639 436 1683 478 δὲ

183 503 379 561 Ῥωμαῖοι
413 507 578 561 σχεδίας
607 503 850 561 ποιήσαντες
879 504 951 549 τὸν
981 505 1167 561 ποταμὸν
1197 505 1460 563 διεπέρασαν·
1491 506 1559 547 καὶ
1577 505 1682 559 μετὰ

188 580 270 619 τῶν
291 576 392 619 υἱῶν
412 580 485 620 τοῦ
503 572 688 631 χαγάνου
713 574 939 630 συμβαλὼν
965 573 987 617 ὃ
1010 576 1198 633 Πρίσκος
1219 575 1300 618 ἀπὸ
1324 577 1439 633 πρωῒ
1461 575 1536 625 ἕως
1561 573 1716 618 ἔσῃ’-5

189 663 289 703 ρας,
324 646 566 703 τριακοσίων
582 642 798 699 Ῥωμαίων
815 645 1138 701 ἀναιρεθέντων,
1172 645 1376 702 τέσσαρας
1390 643 1584 699 χιλιάδας
1603 648 1684 687 τῶν

186 714 417 774 βαρβάρων
448 713 598 767 ὤλεσε,
629 716 698 758 καὶ
721 719 772 772 τῇ
797 712 966 772 ἐπιούσῃ
990 713 1112 758 πάλιν
1134 714 1242 758 όκτιὺ
1257 713 1452 770 χιλιάδας
1473 718 1554 757 τῶν
1574 718 1685 771 βαρ-

186 785 330 843 βάρων
361 786 508 827 ἀνεῖλε.
576 790 627 842 τῇ
650 786 693 827 δὲ
711 786 826 842 τρίτῃ
848 786 894 844 ἐκ
913 789 995 828 τῶν
1014 783 1284 842 ὑψηλοτέρων
1305 785 1342 828 οἱ
1358 783 1553 839 Ῥωμαῖοι
1581 783 1687 842 πρὸς

42 868 73 903 Ρ
94 867 163 905 401
188 855 285 906 τοὺς
317 853 562 913 βαρβάρους
593 852 830 913 ἐχώρησαν,
865 844 934 897 καὶ
960 852 1132 905 τούτους
1152 854 1377 912 τρέψαντες
1395 855 1460 897 ἐπὶ
1479 854 1531 897 τὰ
1548 853 1685 897 ὕδατα

186 930 262 981 τῆς
293 926 437 980 λίμνης
468 923 652 980 ἤλασαν,
687 923 865 975 πολλοὺς
885 925 928 976 ἒξ
949 924 1085 968 αὐτῶν
1105 925 1431 977 ἀποπνίξαντες,
1453 925 1496 967 ἐν
1525 922 1588 975 οἷς
1615 926 1683 966 καὶ
1696 927 1742 962 10

189 996 230 1037 οἳ
250 999 325 1038 τοῦ
340 993 527 1051 χαγάνου
550 997 695 1046 παῖδες
720 994 997 1051 ἀπεπνίγησαν
1006 1027 1021 1048 ,
1055 996 1125 1038 καὶ
1147 996 1260 1051 νίκην
1282 996 1320 1038 οἳ
1337 993 1540 1050 τΡωμαῖοι
1567 1011 1685 1051 περι-

191 1069 304 1123 φανῆ
345 1063 610 1120 ἀνεδήσαντο.
680 1062 702 1108 ὃ
738 1065 782 1107 δὲ
807 1063 991 1122 χαγάνος
1018 1062 1142 1108 πάλιν
1176 1065 1460 1122 συναθροίσας
1494 1061 1686 1118 δυνάμεις

190 1135 347 1186 πολλὰς
366 1133 704 1190 κατὰ(Ρωμαίων
723 1129 844 1191 ἦλθε.
907 1135 1089 1190 πολέμου
1113 1135 1157 1178 δὲ
1178 1135 1455 1193 κροτηθέντος
1470 1134 1685 1191 τρέπονται

191 1205 231 1248 οἱ
257 1203 469 1262 βάρβαροι
493 1207 560 1247 καὶ
583 1206 697 1261 νίκην
727 1209 938 1248 ποιοῦνται
965 1203 1169 1260 εΡωμαῖοι
1200 1203 1685 1261 πασῶν,ἔπισημοτὲραν.

189 1273 213 1317 ὃ
246 1276 290 1318 δὲ
319 1276 509 1334 Πρίσκος
535 1275 741 1332 τέσσαρας
765 1273 960 1330 χιλιάδας
993 1274 1197 1327 συντάξας
1221 1275 1293 1318 τὸν
1323 1276 1477 1318 Τίσσον
1496 1274 1684 1329 ποταμὸν
1698 1278 1742 1314 15

186 1349 365 1402 περᾶσαι
395 1345 600 1388 ἐκέλευσεν
624 1347 681 1396 εἷς
703 1345 751 1388 τὸ
773 1350 1084 1402 κατασκοπῆσαι
1105 1346 1156 1388 τὰ
1179 1350 1260 1389 τῶν
1279 1342 1507 1403 βαρβάρων
1524 1341 1683 1399 σκηνώ-

187 1432 315 1470 ματα.
386 1414 425 1457 οἶ
448 1415 492 1457 δὲ
510 1413 721 1474 βάρβαροι
741 1415 872 1470 μηδὲν
895 1420 978 1458 τῶν
999 1413 1221 1472 γεγονότων
1239 1413 1455 1472 ἐγνωκότες
1471 1413 1686 1472 ἑορτάζον-

134 1493 165 1529 Β
189 1501 254 1536 τες
275 1485 588 1539 ε’συμποσίαζον.
657 1483 819 1535 τούτοις
842 1485 882 1527 οἳ
901 1483 1105 1541 ςΡαηιιαῖοι
1126 1483 1370 1543 ἅπροόπτως
1388 1481 1688 1534 ἐπεισπεσόντες

185 1555 378 1611 μέγιστον
396 1553 524 1612 φόνον
546 1553 811 1613 εἰργάσαντο·
845 1553 1066 1613 τριάκοντα
1087 1555 1167 1614 γὰρ
1186 1554 1380 1611 χιλιάδας
1397 1557 1438 1596 Γ
1433 1555 1595 1611 ηπέὸων
1617 1555 1685 1596 καὶ

186 1623 336 1681 ἑτέρων
356 1622 586 1683 βαρβάρων
606 1625 858 1678 ἀπέκτειναν,
889 1627 958 1668 καὶ
980 1627 1171 1682 πλείστην
1193 1626 1476 1682 αἰχμαλωσίαν
1493 1622 1742 1679 λαβόντεςὲο

183 1694 292 1752 πρὸς
322 1694 394 1737 τὸν
422 1696 611 1752 Πρίσκον
643 1693 921 1752 ὗπέστρεψαν.
992 1694 1014 1737 ὅ
1053 1696 1099 1738 df*
1129 1695 1311 1753 χαγάνος
1340 1694 1463 1737 πάλιν
1493 1692 1686 1748 δυνάμεις

183 1764 394 1821 ἀθροίσας
415 1764 480 1806 ἐπὶ
502 1764 574 1807 τὸν
594 1763 757 1822 Ἴστρον
777 1765 1068 1822 παραγίνεται,
1101 1767 1170 1807 καὶ
1198 1763 1480 1819 συμβαλόντες
1506 1762 1686 1818 πόλεμον

184 1831 387 1889 ἡττῶνται
417 1833 456 1875 οἱ
484 1831 696 1891 βάρβαροι
724 1835 794 1876 καὶ
824 1836 880 1884 εἷς
908 1834 980 1877 τὸν
1003 1834 1190 1889 ποταμὸν
1211 1835 1516 1891 ἀποπνίγονται.
1586 1851 1687 1877 συν-

188 1900 439 1946 απόλλυνται
465 1903 511 1946 δὲ
535 1901 698 1954 τούτοις
725 1905 794 1947 καὶ
823 1905 1072 1959 Σθλαβίνων
1093 1902 1253 1961 πλήθη.
1323 1906 1477 1958 ζῶντας
1497 1903 1543 1947 δὲ
1563 1901 1686 1962 ε’κρά-

186 2059 303 2093 autem
328 2068 406 2092 cum
427 2055 593 2092 barbaris
617 2057 766 2092 confusa
789 2069 926 2094 rursum
951 2058 1142 2105 Chaganus
1163 2058 1253 2094 fines
1272 2059 1509 2094 Romanorum
1526 2058 1689 2104 intravit,

188 2109 226 2139 et
249 2108 418 2149 quattuor
443 2103 517 2139 suis
542 2104 626 2138 filiis
654 2104 833 2140 exercitus
862 2105 1007 2150 tribuit,
1044 2106 1173 2151 quibus
1206 2107 1394 2142 transitum
1417 2106 1505 2141 Istri
1529 2106 1688 2141 custodi-

187 2156 283 2186 rent.
332 2151 399 2186 sed
431 2151 583 2186 Romani
612 2151 753 2186 ratibus
786 2153 961 2188 confectis
984 2153 1132 2188 fluvium
1156 2153 1450 2195 transmiserunt3
1481 2153 1689 2199 praelioque

186 2209 401 2243 congressus
437 2209 515 2232 cum
547 2198 710 2243 chagani
743 2198 827 2234 filiis
859 2199 1025 2244 Priscus,
1058 2200 1154 2245 quod
1185 2201 1229 2235 ab
1262 2212 1392 2236 aurora
1423 2201 1468 2236 ad
1499 2211 1689 2245 vesperam

187 2255 302 2290 usque
328 2245 492 2289 duravit,
529 2250 697 2290 quattuor
728 2246 959 2282 barbarorum
983 2246 1079 2282 milia
1102 2247 1252 2292 occidit,
1285 2248 1356 2283 300
1379 2259 1520 2282 suorum
1545 2247 1689 2281 deside-

187 2291 290 2327 ratis.
340 2291 515 2337 postridie
548 2292 625 2326 eius
660 2292 733 2327 diei
766 2304 890 2328 rursus
914 2294 936 2328 8
961 2293 1058 2329 milia
1079 2295 1312 2329 barbarorum
1334 2294 1532 2330 interfecit.
1577 2293 1688 2329 tertia

186 2338 247 2373 die
271 2338 423 2373 Romani
446 2339 491 2373 de
515 2338 701 2384 superiore
733 2338 812 2374 ioco
845 2339 882 2374 in
915 2341 1088 2376 barbaros
1115 2341 1316 2386 irruerunt,
1353 2353 1486 2387 eosque
1518 2341 1618 2376 susos
1649 2340 1687 2374 in

184 2385 351 2430 paludem
375 2383 640 2431 compulerunt,
670 2385 869 2432 multosque
891 2386 945 2421 ibi
969 2388 1207 2432 suffocarunt,
1235 2388 1332 2423 inter
1355 2400 1444 2434 quos
1466 2389 1568 2422 fuere
1590 2387 1687 2422 Cha-

183 2431 269 2476 gani
294 2432 399 2467 etiam
422 2432 501 2467 filii.
552 2432 681 2467 illustri
705 2432 859 2468 victoria
883 2438 956 2468 tum
979 2434 1105 2480 potitis
1122 2434 1313 2480 Romanis,
1337 2446 1475 2470 rursum
1495 2435 1689 2481 chaganus

184 2488 312 2523 magno
338 2482 521 2514 contracto
545 2480 704 2514 exercitu
729 2480 903 2515 adversus
929 2493 991 2516 eos
1016 2481 1276 2527 proficiscitur3
1303 2493 1406 2528 quem
1431 2482 1574 2517 Priscus
1598 2492 1686 2515 con-

185 2536 330 2569 gressus
354 2537 473 2572 pugna
497 2527 610 2570 fudit,
646 2526 944 2573 illustrioremque
976 2528 1097 2572 priore
1123 2528 1308 2563 victoriam
1332 2529 1545 2574 reportavit.
1593 2528 1686 2562 idem

185 2570 332 2607 Priscus
356 2578 527 2618 quattuor
550 2573 648 2608 milia
670 2573 857 2619 instruxit,
882 2586 925 2609 ac
949 2574 1094 2609 Tissum
1118 2586 1253 2610 amnem
1273 2575 1428 2611 transire
1453 2575 1579 2620 iussit,
1601 2580 1685 2610 ten-

184 2618 280 2653 toria
322 2620 555 2655 barbarorum
597 2620 828 2666 speculatum.
889 2622 1032 2656 barbari
1066 2626 1140 2656 tum
1174 2633 1293 2657 eorum
1324 2634 1417 2668 quae
1447 2627 1552 2668 gesta.
1583 2626 1686 2657 erant

184 2663 302 2709 ignari
325 2666 438 2701 festos
463 2666 541 2701 dies
563 2668 716 2712 agebant
739 2679 782 2702 ac
807 2670 1069 2714 compotabant.
1118 2669 1240 2714 itaque
1267 2680 1328 2703 eos
1358 2669 1584 2715 inopinantes
1619 2668 1685 2704 ad-

186 2711 259 2744 orti
280 2712 430 2747 Romani
452 2713 590 2758 ingenti
614 2713 713 2749 clade
736 2715 950 2750 affecerunt:
977 2716 1091 2750 caesis
1115 2716 1208 2751 enim
1231 2716 1277 2751 30
1300 2715 1439 2751 milibus
1465 2716 1685 2762 Gepidarum

186 2756 406 2803 aliorumque
437 2761 690 2806 barbarorum,
724 2772 851 2806 magna
881 2773 958 2796 cum
990 2763 1126 2807 praeda
1155 2762 1200 2797 ad
1226 2762 1387 2798 Priscum
1418 2768 1501 2798 sunt
1528 2762 1683 2797 reversi.

186 2803 380 2848 chaganus
404 2807 518 2842 denuo
542 2808 718 2853 reparatis
741 2808 876 2853 copiis,
916 2809 962 2843 ad
985 2809 1114 2844 Istrum
1139 2820 1215 2844 cum
1239 2810 1444 2855 accederet,
1481 2821 1600 2855 pugna
1624 2809 1683 2842 vi-

187 2855 266 2884 etus
295 2855 371 2895 est,
406 2853 619 2900 barbarique
642 2854 679 2888 in
703 2855 815 2890 fluvio
842 2855 1037 2900 submersi,
1071 2861 1108 2891 et
1131 2867 1207 2890 curn
1231 2855 1287 2890 his
1311 2868 1436 2902 magna
1459 2856 1683 2891 Slavinorum

188 2895 390 2936 multitudo.
436 2899 515 2934 vivi
534 2900 572 2935 in
595 2906 808 2947 potestatem
829 2902 1065 2939 Romanorum
1094 2908 1269 2939 venerunt
1290 2903 1386 2941 3200
1407 2903 1563 2950 Avares,
1598 2903 1683 2938 bar-
