1742 3184
185 146 287 197 634
600 141 603 144 ’
670 151 910 200 GEORGH
937 152 1185 200 cantum

183 262 459 323 καλεσάμενος
483 264 562 327 ἔφη
597 266 745 326 “γενοῦ
774 274 848 324 τῆς
877 268 979 325 ἐμῆς
1009 269 1179 328 μοίρας,
1213 269 1561 328 θαυμασιώτατε,
1595 275 1663 316 καὶ

183 342 268 379 πᾶν
291 337 389 395 ὅπερ
421 338 599 393 αἰτήσεις
629 339 730 396 παρ’
753 337 871 394 ἡμῶν
888 337 1006 397 λήψῃ
1027 339 1244 395 τάχιστα.”
1316 339 1338 384 ὃ
1355 343 1404 385 δὲ
1420 343 1521 400 πρὸς
1541 342 1664 386 αὐτόν

179 404 263 451 “σὺ
287 411 447 463 μᾶλλον
477 412 552 463 τῆς
586 406 816 465 ὃρθοδόξου
846 410 995 466 μοίρας
1025 415 1165 465 γενοῦ,
1209 411 1280 454 καὶ
1307 411 1367 466 μὴ
1389 416 1440 469 τῇ
1462 411 1560 470 δόξῃ
1583 416 1665 455 τῶν

181 476 344 531 ἀσεβῶν
364 476 553 534 Σεβήρου
577 479 644 519 καὶ
664 478 876 534 Εὗτυχοῢς
901 480 969 521 καὶ
986 479 1221 537 Λιοσκόρου
1246 478 1440 535 ἑπόμενος
1467 485 1664 539 κληρονο-

180 544 318 604 μήσῃς
337 547 383 589 τὸ
406 553 487 603 πῦρ
508 547 553 589 τό
577 545 776 590 ammoy-²²
850 551 918 591 καὶ
940 553 1072 591 ταῦτα
1088 550 1221 592 -εἶπιὺν
1243 549 1442 608 ἐδράξατο
1466 555 1539 606 τῆς
1558 555 1698 606 >gia-5

181 615 314 670 μύδος
338 621 414 659 τοῦ
433 617 659 670 βασιλέως,
695 617 822 673 λέγων
844 615 995 661 “roffio
1015 619 1061 662 τὸ
1085 617 1246 673 ἱμάτιον
1270 620 1463 674 οὐδαμῶς
1482 622 1539 671 εἷς
1561 619 1664 680 ᾅδου

125 692 158 727 D
185 683 546 742 συγκαταβήσεταί
564 703 654 739 σοι,
687 691 880 741 βασιλεῦ,
917 688 1024 731 ἀλλὰ
1054 686 1159 744 μόνη
1191 687 1217 744 ἢ
1245 690 1464 743 θεοσέβεια
1484 691 1551 731 καὶ
1569 690 1643 747 ἀρε
1660 712 1668 726 ι

180 759 262 798 τῶν
291 760 444 810 κτῆσις.
515 754 620 813 ἄφες
649 756 723 811 τὴν
755 758 982 812 ἐκκλησίαν,
1017 757 1067 813 ἢν
1096 756 1117 800 ὁ
1144 759 1331 815 Χριστὸς
1359 758 1428 801 διὰ
1455 763 1529 801 τοῦ
1560 760 1666 801 ἰδίου

181 827 357 879 αἵματος
379 822 635 882 ἐξηγόρασεν.
673 825 844 881 ἀμαθὴς
865 824 904 869 εἷ
923 829 990 869 καὶ
1013 826 1316 883 ἀσυλλόγιστος.
1353 828 1471 871 οὐδὲν
1490 833 1571 871 τῶν
1593 832 1668 882 τῆς

180 895 396 949 ἐκκλησίας
417 892 635 950 δογμάτων
659 896 842 953 ἀκριβῶς
862 897 1096 948 ἐπίστασαι,
1127 897 1214 939 ἀλλ’
1240 896 1266 952 ἢ
1294 897 1468 948 πλάναις
1489 899 1556 940 καὶ
1579 902 1667 952 βω-
1679 916 1724 951 10

179 965 393 1019 μολοχιάις
410 963 675 1022 μορμολύττῃ
697 965 793 1015 τοὺς
813 964 1013 1022 ἄφρονας.
1059 967 1202 1023 ἀρκοῧ,
1227 966 1423 1020 βασιλεὺς
1443 966 1513 1018 ὤν,
1547 969 1601 1018 εἰς
1620 966 1666 1009 τὸ

181 1034 257 1077 σὸν
276 1034 450 1089 ἀξίωμα,
475 1036 544 1076 καὶ
566 1034 662 1085 τοὺς
680 1039 761 1077 τῶν
781 1036 1002 1090 ἐκκλησιῶν
1021 1033 1255 1092 προστάτας
1275 1036 1333 1090 μὴ
1358 1035 1545 1088 κόλαζε.”
1583 1034 1604 1078 ὃ
1624 1037 1668 1078 δὲ

182 1102 450 1160 κατῃσχύνθη
478 1106 545 1146 καὶ
570 1103 721 1158 ἔμεινεν
747 1103 928 1162 ἄφωνος.
999 1102 1020 1147 ὅ
1042 1106 1090 1147 δέ
1107 1122 1150 1160 γε
1169 1105 1300 1163 σοφὸς
1321 1107 1537 1156 ἐπίσκοπος
1554 1105 1669 1148 πενέ-

182 1189 335 1225 στατος
361 1172 418 1215 ὢν
449 1173 524 1215 οὖκ
554 1173 735 1229 ἠθέλησε
767 1174 882 1231 παρὰ
909 1177 985 1216 τοῦ
1006 1175 1209 1228 βασιλέως
1231 1178 1373 1229 λαβεῖν
1399 1175 1478 1225 ἕως
1496 1175 1668 1228 ὀβολοῦ·

183 1241 316 1294 οὕτως
332 1237 383 1296 ἦν
404 1241 621 1300 ἐλεύθερος
641 1245 708 1286 καὶ
732 1241 863 1299 μόνης
884 1248 957 1299 τῆς
976 1245 1033 1294 εἷς
1057 1243 1156 1287 θεὸν
1175 1245 1347 1296 πίστεως
1369 1246 1437 1287 καὶ
1462 1245 1669 1299 εὐσεβείας
1681 1261 1724 1297 15

180 1310 529 1371 περιποιούμενος.

38 1396 68 1430 Ρ
93 1396 163 1432 362
324 1381 501 1433 Mna‘g&
534 1382 673 1425 Ἰνδῶν
703 1382 772 1424 καὶ
805 1384 983 1439 Περσῶν
1017 1379 1196 1440 κάστρον
1221 1382 1339 1428 ,ἐστὶν
1374 1379 1674 1437 ὀνομαζόμενον

185 1450 442 1509 Τζουδάδερ,
472 1452 513 1494 ἐν
533 1445 568 1510 ᾧ
586 1451 720 1493 πολλὰ
739 1450 937 1508 χρήματα
957 1453 1026 1494 καὶ
1046 1458 1297 1509 μαργαρῖται
1318 1453 1386 1494 καὶ
1407 1454 1522 1495 λίθοι
1545 1453 1671 1506 τίμιοι

178 1522 441 1576 ’ἀποκείμενοι
465 1515 570 1576 ἦσαν
597 1523 666 1564 καὶ
686 1518 765 1564 ὑπὸ
791 1519 997 1576 δαιμόνων
1015 1520 1305 1579 ἐφυλάττοντο.
1373 1526 1493 1564 τοῦτο
1518 1520 1672 1576 Καβά-

184 1593 260 1647 δης
287 1591 440 1646 μαθὼν
471 1590 599 1646 ἐζήτει
628 1595 782 1645 λαβεῖν.
851 1592 920 1633 καὶ
951 1589 1032 1634 ὑπὸ
1068 1595 1149 1634 τῶν
1181 1588 1386 1646 δαιμόνων
1416 1590 1729 1645 κωλυόμενοςρο

185 1668 290 1704 κινεῖ
311 1661 386 1716 τὴν
413 1665 495 1704 τῶν
515 1660 617 1718 παρ’
647 1661 775 1703 αὐτοῦ
797 1658 941 1716 μάγων
962 1665 1100 1703 πᾶσαν
1118 1661 1313 1712 ἐπίνοιαν,
1347 1659 1482 1702 ἔπειτα
1503 1662 1570 1702 καὶ
1590 1664 1672 1703 τῶν

181 1731 414 1782 Ἰουδαίων,
461 1732 529 1772 καὶ
560 1734 633 1772 τοῦ
666 1734 820 1772 σκοποῦ
857 1727 1140 1785 ἀποτυγχάνει.
1209 1731 1392 1779 πεισθεὶς
1422 1730 1467 1771 δὲ
1499 1730 1569 1771 διὰ
1599 1733 1674 1784 τῆς

184 1800 288 1858 πρὸς
316 1799 387 1842 τὸν
415 1798 518 1842 θεὸν
547 1799 668 1854 εὐχῆς
690 1803 771 1841 τῶν
790 1801 1057 1856 Χριστιανῶν
1075 1797 1222 1842 τούτου
1242 1803 1478 1856 κυριεῦσαι,
1511 1799 1674 1842 ἐπίσκο-

165 1930 348 1967 vomnibus
370 1929 568 1964 sententiae
592 1930 637 1964 de
659 1941 766 1975 passo
791 1929 858 1964 deo
885 1928 1122 1964 assertoribus
1147 1931 1351 1975 obturaret,
1375 1941 1452 1965 eum
1476 1929 1520 1964 ad
1544 1942 1584 1964 se
1606 1941 1673 1964 vo-

185 1983 301 2013 catum
335 1977 494 2012 hortatus
524 1977 581 2012 est
612 1982 652 2011 ut
684 1978 729 2011 ad
759 1988 856 2012 suam
889 1976 1080 2011 factionem
1112 1976 1371 2034 descisceret‚”
1388 1976 1560 2033 pollicens
1595 1988 1675 2010 eum

186 2023 358 2070 quidquid
390 2024 553 2069 petiisset
580 2023 674 2057 illico
707 2029 946 2077 accepturum.
995 2023 1052 2057 cui
1076 2023 1264 2068 episcopus
1299 2019 1371 2058 tu''
1395 2023 1512 2068 inquit
1543 2020 1674 2069 potius

185 2071 232 2106 ad
258 2071 472 2105 orthodoxos
496 2070 620 2114 transi,
646 2082 702 2114 ne,
729 2070 808 2104 dum
834 2069 1020 2115 opiniones
1042 2069 1228 2115 impiorum
1251 2069 1423 2104 hominum
1444 2070 1574 2104 Severi
1596 2070 1676 2103 Eu-

186 2117 306 2163 tychis
331 2122 366 2151 et
388 2117 553 2151 Dioscuri
576 2117 824 2171 amplecteris,
861 2122 1008 2150 aeterno
1037 2116 1117 2173 igni
1148 2116 1229 2151 addi
1233 2113 1351 2153 carisss
1411 2116 1584 2160 simulque
1608 2128 1674 2161 ap-

185 2165 411 2210 prehendens
441 2163 668 2209 imperatoris
699 2142 957 2208 chiamydem‘
960 2158 1102 2196 haec’'
1138 2163 1190 2197 ait
1222 2159 1359 2197 ‘vestis
1389 2174 1609 2216 nequaquam
1637 2167 1676 2197 to

186 2217 270 2256 post
299 2216 444 2245 mortem
477 2216 665 2256 sequetur,
699 2222 719 2244 o
744 2210 959 2254 imperator:
996 2210 1059 2244 sed
1083 2209 1159 2244 sola
1185 2209 1409 2244 comitabitur
1433 2215 1468 2244 te
1491 2209 1608 2255 pietas
1633 2221 1676 2243 ac

186 2258 357 2292 virtutum
389 2256 545 2295 habitus.
595 2257 735 2292 missam
771 2258 829 2291 fac
861 2255 1067 2310 ecclesiam,
1105 2268 1207 2301 quam
1231 2256 1396 2290 Christus
1430 2267 1494 2290 suo
1526 2255 1677 2290 redemit

186 2305 374 2348 sanguine.
423 2303 585 2339 indoctus
618 2316 656 2338 es
686 2309 722 2338 et
754 2302 990 2338 ratiocinandi
1021 2303 1184 2348 ignarus,
1219 2313 1334 2347 neque
1364 2302 1470 2337 ullum
1504 2302 1676 2336 ecclesiae

186 2350 367 2385 decretum
392 2351 552 2396 perfecte
575 2350 763 2395 intelligis:
798 2355 932 2384 tantum
963 2349 1167 2395 imposturis
1201 2354 1237 2383 et
1261 2349 1469 2383 scurrilibus
1493 2348 1676 2382 calumniis

185 2398 304 2432 fatuos
327 2403 455 2432 terres.
505 2397 594 2431 satis
620 2397 688 2431 tibi
711 2398 758 2431 sit
779 2395 976 2441 dignitatis,
1000 2396 1094 2441 quod
1114 2396 1305 2442 imperator
1330 2407 1389 2429 es.
1414 2395 1590 2429 antistites
1615 2407 1675 2429 ec·

187 2443 317 2478 clesiae
343 2455 475 2479 vexare
499 2439 608 2479 noli.”
639 2444 684 2477 ad
708 2444 797 2477 haec
819 2444 1012 2488 imperator
1036 2442 1173 2488 pudore
1196 2442 1350 2476 suffusus
1376 2442 1560 2479 obmutuit.
1587 2453 1675 2487 pau·-

186 2490 364 2536 partimus
391 2495 504 2525 autem
529 2502 605 2525 cum
631 2495 726 2524 esset
748 2490 808 2524 ille
833 2489 1034 2535 episcopus,
1060 2501 1104 2522 ne
1129 2488 1265 2523 obolum
1289 2488 1430 2533 quidem
1455 2490 1500 2522 ab
1522 2489 1677 2542 impera-

186 2543 266 2571 tore
290 2536 402 2572 voluit
426 2537 608 2583 accipere.
640 2537 729 2595 adeo
753 2536 846 2571 liber
868 2541 947 2571 erat
970 2541 1007 2570 et
1031 2535 1175 2570 solius
1165 2547 1203 2569 ιιι
1228 2535 1332 2570 deum
1354 2535 1440 2570 fidei
1463 2546 1507 2569 ac
1529 2534 1676 2580 pietatis

186 2583 359 2618 rationem
383 2584 531 2619 habens.

281 2631 446 2665 Castrum
477 2634 532 2664 est
564 2630 603 2664 in
623 2629 812 2664 Persarum
836 2633 944 2674 atque
967 2627 1132 2663 Indorum
1157 2625 1331 2671 confinio,
1365 2626 1507 2662 nomine
1527 2626 1676 2661 Tzuda-

187 2675 265 2719 der,
299 2676 337 2710 in
363 2688 433 2722 quo
458 2677 600 2711 multum
627 2676 802 2722 pecuniae
826 2675 1094 2720 margaritarum
1118 2678 1155 2708 et
1167 2674 1330 2719 lapidum
1355 2674 1590 2719 pretiosorum
1615 2685 1676 2707 re-

187 2723 342 2768 positum
366 2735 387 2758 a
411 2724 640 2758 daemonibus
664 2723 927 2757 asservabatur.
977 2721 1141 2756 Cabades
1177 2732 1217 2755 ea
1252 2731 1292 2754 re
1323 2726 1493 2766 percepta
1524 2724 1676 2753 castrum

189 2779 364 2813 occupare
384 2775 440 2805 est
462 2770 624 2812 annixus,
657 2781 806 2814 cumque
829 2768 865 2803 ei
889 2780 911 2803 a.
933 2767 1161 2803 daemonibus
1184 2765 1430 2810 absisteretur,
1455 2766 1614 2800 omnibus
1640 2769 1678 2799 et

190 2813 376 2859 Magorum
400 2821 436 2850 et
458 2828 537 2851 mox
558 2817 768 2851 Iudaeorum
791 2814 939 2850 tentatis
963 2815 1099 2850 artibus
1125 2812 1237 2858 impos
1262 2813 1436 2858 propositi
1459 2812 1541 2847 fuit.
1590 2823 1675 2856 ergo

191 2871 270 2896 cum
300 2861 336 2896 ei
366 2873 574 2908 persuasum
597 2867 694 2899 esset.
713 2861 996 2899 Christianorum
1023 2861 1072 2898 ad
1098 2860 1200 2896 deum
1230 2859 1398 2906 precibus
1427 2870 1471 2895 eo
1500 2870 1542 2894 se
1565 2857 1678 2905 potiri
