1742 3184
191 168 258 217 80
677 168 920 216 GEORGII
955 167 1204 214 CEDRENI

188 285 354 345 ἀνήχθη
371 285 451 346 γὰρ
471 284 492 331 ὃ
514 282 678 331 πάντων
697 285 897 343 δεσπότης
916 285 999 330 ἀπὸ
1022 291 1096 330 τοῦ
1116 281 1338 344 Ἰορδάνου
1361 285 1420 338 εἷς
1443 283 1518 342 τὴν
1538 281 1691 343 ε’ρημον

188 363 463 416 πειρασθῆναι
481 356 567 401 ’ὕπὸ
589 362 662 401 τοῦ
682 356 896 412 διαβόλου.
968 356 1004 400 εἲ
1031 357 1167 400 τοίνυν
1188 356 1260 400 τὸν
1279 361 1352 399 τοῦ
1376 357 1530 407 παντὸς
1548 355 1690 415 κύριον

66 436 97 472 Ρ
121 436 166 474 45
192 428 214 474 ὅ
239 428 434 485 διάβολος
455 429 662 486 ἐπείρασε,
697 429 740 472 τί
755 425 987 483 θαυμάζεις
1007 429 1042 470 εἷ
1065 429 1134 471 καὶ
1155 434 1241 478 τοῖς
1266 427 1439 478 δικαίοις
1459 428 1515 478 εἷς
1531 424 1690 484 γυμνά-

186 517 275 545 σιον
303 498 515 555 ὖπομονῆς
544 499 703 554 δαίμων
736 498 1055 552 ἀποστέλλεταις
1106 497 1398 541 ἀποστέλλεται
1430 498 1474 540 δὲ
1503 497 1551 539 οὗ
1583 500 1691 540 θεοῦ

188 571 422 622 κελεύοντος
441 570 575 628 αὐτῷ,
602 569 708 612 ἀλλὰ
726 572 1094 626 παραχιυροῦντος·
1129 569 1365 624 σχηματίζει
1381 566 1462 626 γὰρ
1478 566 1549 610 τὸν
1567 565 1688 624 λόγον
1702 572 1724 609 5

190 640 216 698 ἦ
248 640 390 698 γραφὴ
420 637 476 692 ὥς
502 641 544 682 ἓν
572 640 909 699 προσωποποιίᾳ,
945 636 1001 689 ὥς
1023 636 1124 681 ὅταν
1144 638 1248 695 λέγει
1279 635 1370 696 “trgi
1392 638 1437 680 δέ
1457 635 1692 696 ἁμαρτωλῷ

192 710 300 756 εἶπεν
335 708 357 753 ὃ
387 708 533 761 θεός.”
606 711 676 753 καὶ
710 707 731 752 ὃ
761 709 889 765 μέγας
921 709 966 751 δὲ
997 707 1205 767 Κύριλλος
1231 708 1310 767 ἔφη
1341 705 1615 766 “μετροῦνται
1646 708 1693 751 δὲ

191 786 274 826 τῶν
310 781 389 823 ἀνὰ
421 784 559 824 πᾶσαν
588 780 663 836 τὴν
691 783 766 836 γῆν
796 778 1032 837 ἀνθρώπων
1053 778 1105 822 τὰ
1127 779 1233 822 κατὰ
1256 778 1427 837 καιροὺς
1449 776 1694 834 πλημμελή-

193 869 331 909 ματα,
368 850 396 895 ιῖ
425 852 494 894 καὶ
521 849 640 907 μέχρι
669 847 895 906 ποσότητός
924 866 1033 900 τινος
1058 847 1230 905 ἐκδήλου
1254 853 1328 905 τῆς
1349 846 1557 907 ἁμαρτίας
1576 846 1694 905 ἡμῶν

193 921 393 979 ἡκούσης,
429 919 566 978 ἐπάγει
598 921 649 976 δὴ
681 925 904 976 τηνικαῦτα
935 919 1078 963 λοιπὸν
1106 919 1182 971 τὰς
1215 921 1332 971 δίκας
1363 919 1637 975 λελυπημένος
1669 916 1742 962 “alc

197 993 430 1048 νομοθέτης
463 993 530 1034 καὶ
563 989 724 1049 κύριος,
756 992 1019 1048 ὃιακαρτερεῖ
1033 990 1077 1033 δὲ
1095 991 1139 1042 ἐξ
1159 987 1346 1048 ἐμφύτου
1376 991 1696 1048 φιλανθρωπίας

144 1074 175 1109 Β
199 1062 297 1107 ἔσθ’
322 1062 387 1106 ὅτε
402 1095 413 1114 ,
450 1063 520 1105 καὶ
539 1059 885 1117 πλημμελούντων
904 1061 1108 1117 ἀνέχεται,
1146 1061 1220 1104 οὐκ
1242 1058 1413 1104 εἶσάπαν
1432 1059 1695 1117 ἀγανακτῶν·

199 1135 268 1177 καὶ
289 1133 368 1190 γὰρ
392 1132 470 1190 ἔφη
494 1131 597 1189 πρὸς
614 1131 686 1175 τὸν
719 1130 927 1188 Ἀβραάμ
950 1129 1085 1174 (οὔπω
1108 1129 1472 1188 ἀναπεπλήρωνται
1493 1131 1535 1173 αἱ
1556 1129 1696 1187 ἁμαρ-

199 1206 283 1248 τίαι
315 1207 397 1246 τῶν
428 1203 678 1259 ’Λμοραίων
704 1202 781 1253 ἕως
809 1207 882 1245 τοῦ
911 1206 984 1245 νῦν
993 1202 1023 1253 ,’
1058 1201 1162 1259 πρὸς
1183 1201 1230 1244 δέ
1247 1218 1292 1259 γε
1312 1200 1409 1253 τοὺς
1438 1202 1697 1259 Φαρισαίους

200 1274 442 1324 ἀκαθέκτως
459 1271 737 1328 λελυπηκότας
758 1273 864 1331 φησί
889 1269 978 1314 ςκαὶ
1004 1270 1121 1327 ὖμεῖς
1139 1270 1453 1329 ἀνεπληρώσατε
1475 1271 1521 1315 τὸ
1544 1272 1695 1329 μέτρον
1710 1276 1742 1312 1!

198 1350 280 1389 τῶν
309 1345 497 1399 πατέριον
524 1340 673 1398 ὖμῶν.’
748 1342 896 1386 οὗκοῦν
930 1344 966 1385 εἰ
990 1340 1184 1397 Ιδὀύλοιτό
1206 1360 1267 1393 τις
1287 1344 1506 1396 διαβιῶναι
1528 1343 1603 1397 μὲν
1623 1342 1697 1399 ὀρ-

195 1419 309 1466 θῶς,
339 1412 641 1468 εὖβουλοτάτας
661 1413 705 1456 δὲ
724 1415 793 1455 καὶ
812 1410 1113 1463 ἐπιεικεστάτας
1132 1414 1173 1455 ἓν
1193 1414 1297 1471 τῷδε
1316 1417 1374 1470 τῷ
1389 1413 1469 1471 βίῳ
1487 1416 1698 1455 ποιεῖσθαι

195 1485 271 1536 τὰς
296 1481 536 1542 διατριβάς,
572 1483 850 1541 ὀρθοποὸίσαι
876 1500 918 1526 τε
942 1484 1009 1525 καὶ
1030 1482 1309 1538 διανήξασθαι
1332 1482 1384 1525 τὰ
1403 1482 1516 1525 δεινὰ
1533 1480 1700 1539 γνώμης

197 1553 387 1612 ἐχόμενος
430 1555 564 1611 ὀρθῆς
598 1556 665 1596 καὶ
705 1551 1015 1611 ἀδιαστρόφου,
1063 1557 1295 1610 καρποῦται
1325 1552 1372 1596 τὸ
1406 1552 1466 1608 μὴ
1498 1554 1698 1595 ἔναλιῦναι

198 1631 352 1676 κακοῖς.
421 1626 488 1667 καὶ
521 1622 735 1680 ἀτρεκὴςὸ
760 1621 893 1680 λόγος.
964 1623 1035 1681 ἐφ’
1066 1621 1164 1678 ἡμῖν
1188 1620 1268 1681 γάρ
1297 1625 1382 1666 ἔστι
1406 1623 1452 1667 τὸ
1473 1623 1540 1666 ἐπ’
1568 1622 1697 1681 ἄμφω
1709 1629 1742 1664 2(

197 1696 386 1750 βλέπειν,
422 1692 526 1752 πρός
556 1711 599 1736 τε
628 1692 839 1749 τάγαθόν,
878 1694 1008 1750 φημί,
1043 1695 1112 1736 καὶ
1142 1693 1392 1736 τούναντίον.
1460 1695 1528 1736 καὶ
1559 1693 1597 1736 οἳ
1623 1694 1699 1748 μὲν

200 1766 243 1809 ἒν
265 1764 373 1826 λόγῳ
391 1764 652 1821 πεποιημένοι
674 1764 719 1808 τὸ
740 1762 1039 1820 θαυμάζεσθαι
1066 1763 1248 1822 πεφυκὸς
1269 1765 1311 1808 έν
1328 1767 1442 1825 καλῷ
1462 1762 1699 1822 γενήσονται

202 1969 343 2008 immitti
369 1981 452 2016 eoS,
479 1980 554 2004 cum
578 1981 696 2005 rerum
720 1969 966 2005 universarum
985 1969 1146 2005 dominus
1171 1981 1191 2005 a
1212 1968 1367 2005 Iordane
1394 1967 1565 2005 abductus
1591 1967 1640 2004 sit
1663 1967 1703 2003 in

203 2018 447 2059 solitudinem,
484 2022 524 2052 ut
558 2029 579 2052 a
613 2017 756 2052 diabolo
788 2023 1001 2052 tentaretur.
1050 2016 1179 2064 quodsi
1211 2029 1297 2063 ergo
1325 2017 1354 2052 is
1382 2016 1559 2052 dominum
1582 2016 1703 2051 mundi

203 2065 376 2109 tentavit,
402 2063 487 2111 quid
510 2063 579 2099 iam
603 2064 743 2099 miraris
766 2064 891 2099 malum
910 2064 1051 2110 genium
1072 2064 1115 2099 ad
1136 2064 1266 2099 iustum
1286 2064 1436 2111 aliquem
1461 2063 1576 2109 mitti,
1599 2070 1639 2098 ut
1657 2064 1704 2098 de

203 2113 282 2148 eius
309 2111 499 2147 tolerantia
521 2111 714 2157 periculum
739 2112 879 2146 faciat?
926 2111 1079 2146 mittitur
1113 2118 1227 2148 autem
1261 2124 1331 2147 non
1363 2112 1508 2147 iubente
1531 2111 1596 2145 sed
1620 2121 1704 2157 per-

205 2160 369 2196 mittente
388 2160 469 2195 deo.
503 2170 582 2193 nam
599 2158 776 2205 scriptura
794 2158 990 2193 orationem
1009 2159 1139 2194 format
1159 2165 1323 2204 tanquam
1338 2158 1508 2218 gessonis
1527 2158 1704 2203 confictis,

204 2213 244 2243 ut
262 2218 339 2241 cum
358 2206 445 2242 dicit
466 2205 614 2249 (Psalm.
627 2206 689 2250 49)
714 2201 918 2253 “peccatori
937 2211 1052 2240 autem
1073 2206 1215 2240 dicebat
1235 2207 1336 2241 deus.
1386 2218 1478 2253 quae
1493 2210 1703 2251 sequuntur,

204 2254 323 2300 magni
347 2253 441 2288 illius
471 2252 600 2298 cyrini
630 2260 726 2288 sunt.
774 2254 818 2288 ad
851 2265 1049 2288 mensuram
1078 2253 1268 2299 exiguntur
1292 2253 1468 2288 hominum
1492 2264 1558 2299 per
1582 2253 1705 2287 orbem

204 2308 379 2337 terrarum
409 2300 537 2346 quovis
569 2306 730 2345 tempore
762 2299 947 2335 commissa
975 2306 1145 2346 peccata3
1179 2312 1327 2347 cumque
1351 2301 1396 2336 ad
1422 2300 1644 2336 manifestam
1668 2304 1704 2334 et

203 2349 331 2384 iustam
365 2347 599 2394 quantitatem
624 2352 882 2393 pervenerunt,
913 2352 984 2382 tum
1011 2348 1149 2382 demum
1173 2347 1234 2392 (id
1260 2349 1355 2394 quod
1378 2348 1562 2392 restabat)
1588 2347 1704 2381 offen-

204 2408 263 2431 sus
285 2395 469 2441 legislator
487 2400 594 2440 atque
613 2394 774 2429 dominus
793 2393 969 2441 supplicia
987 2393 1132 2440 infligit.
1182 2407 1432 2441 nonnunquam
1450 2400 1599 2430 naturae
1617 2405 1705 2428 suae

202 2442 420 2488 benignitati
439 2443 639 2488 obsequens
656 2441 798 2486 tolerat,
823 2445 1085 2487 peccantesque
1103 2441 1268 2487 sustinet,
1285 2455 1356 2477 non
1373 2452 1629 2489 usquequaque
1646 2440 1703 2475 in—

204 2489 384 2535 dignatus.
412 2501 489 2524 nam
505 2494 541 2523 et
553 2488 752 2523 Abrahamo
777 2488 868 2523 dixit
887 2488 1075 2523 etiamnum
1090 2495 1236 2535 peccata
1250 2491 1522 2525 Amorraeorum
1536 2500 1606 2523 non
1625 2500 1705 2522 esse

204 2536 363 2583 impleta.
388 2535 591 2571 Pharisaeis
605 2541 733 2581 autem,
755 2547 902 2582 quorum
919 2535 1071 2571 iniuriae
1088 2535 1238 2571 maiores
1259 2542 1361 2572 erant
1379 2548 1483 2583 quam
1503 2541 1542 2570 ut
1557 2534 1705 2570 tolerari

204 2589 364 2630 possent,
385 2583 435 2618 ait
452 2583 672 2627 (Matth.23)
691 2578 757 2618 “ac
771 2594 835 2617 vos
849 2583 1018 2618 maiorum
1034 2589 1229 2618 vestrorum
1242 2595 1439 2619 mensuram
1451 2577 1706 2629 implevistis.’'

205 2636 425 2678 quapropter
457 2629 489 2664 si
521 2629 600 2675 quis
632 2629 729 2665 volet
761 2629 871 2665 vitam
903 2635 1001 2664 recte
1025 2630 1245 2676 transigere,
1279 2642 1427 2677 eamque
1450 2630 1624 2666 rationem
1647 2628 1706 2663 vi-

206 2678 315 2713 vendi
341 2677 459 2713 colere
483 2687 585 2722 quam
610 2676 714 2732 sequi
737 2677 1032 2712 consultissimum
1055 2682 1110 2713 est
1132 2684 1238 2724 atque
1262 2676 1600 2721 commodissimum,
1627 2675 1707 2711 ani-

208 2737 335 2771 moque
369 2730 469 2759 recto
506 2727 543 2758 et
578 2730 780 2769 neutiquam
803 2736 975 2770 perverso
997 2725 1112 2760 fretus
1136 2737 1258 2760 verum
1283 2726 1353 2761 iter
1378 2731 1503 2761 tenere
1526 2722 1706 2770 periculo-

209 2783 340 2818 sosque
363 2771 467 2806 huius
488 2769 623 2806 saeculi
646 2771 774 2806 fluctus
798 2777 965 2817 enatare,
990 2771 1021 2806 is
1047 2783 1124 2807 eum
1150 2773 1302 2808 fructum
1322 2774 1417 2808 feret
1441 2778 1480 2807 ut
1503 2770 1607 2806 nullis
1631 2782 1709 2804 ma—

209 2820 254 2854 lis
279 2818 454 2865 capiatur.
504 2823 610 2863 atque
634 2829 741 2853 verus
766 2823 822 2854 est
844 2818 901 2854 hic
925 2830 1054 2854 sermo.
1104 2818 1141 2854 in
1166 2820 1268 2855 nobis
1294 2820 1387 2855 enim
1411 2824 1467 2855 est
1490 2818 1645 2875 positum
1669 2821 1708 2852 ut

211 2873 396 2912 utrumque
419 2864 664 2911 dispiciamus,
689 2866 819 2901 bonum
843 2866 985 2912 inquam
1008 2870 1116 2912 atque
1140 2866 1278 2903 malum.
1329 2879 1414 2913 ergo
1439 2867 1568 2912 qulbus
1587 2864 1624 2899 id
1643 2875 1706 2898 cu-

210 2925 274 2949 rae
302 2913 371 2949 erit
399 2913 495 2959 quod
525 2917 653 2959 suapte
687 2918 812 2949 natura
846 2913 1112 2950 admirationem
1143 2921 1317 2959 meretur,
1353 2913 1379 2949 ii
1410 2914 1578 2949 virtutem
1602 2912 1708 2947 adse-
