1742 3184
217 198 314 247 154
691 198 937 245 GEORGII
972 198 1218 243 CEDRENI

212 316 391 360 ἐναντίον
410 318 486 359 τοῦ
503 320 621 359 θεοῦ.
671 318 738 359 καὶ
760 314 932 367 ἐπάταξε
951 315 1100 372 καρδία
1118 314 1263 368 Λαβὶδ
1281 313 1405 356 αὐτὸν
1424 313 1468 357 ἓν
1487 318 1545 373 τῷ
1566 313 1692 372 ἀριθ-

211 390 343 442 μῆσαι
370 385 441 429 τὸν
469 383 590 428 λαόν·
619 387 687 428 καὶ
719 386 923 428 ἀπέστειλε
954 383 1093 442 κύριος
1126 386 1167 426 Γ
1165 385 1220 426 ὰδ
1250 382 1322 426 τὸν
1348 381 1565 442 προφήτην
1590 384 1694 442 πρὸς

213 456 376 511 Δαβίδ,
412 457 480 497 καὶ
501 454 583 498 εἶπε
613 453 729 498 ζτάδε
749 455 852 511 λέγει
872 452 1032 512 κύριος·
1069 454 1224 504 {megae
1244 457 1402 512 σεαυτῷ
1417 454 1607 510 γενέσθαι
1628 470 1694 496 σοι

211 525 239 581 ἢ
272 527 366 583 τρία
398 524 466 580 ἔτη
499 524 618 580 λιμὸν
642 526 683 567 ἐν
703 529 754 582 τῇ
773 529 827 581 γῇ
848 541 944 575 σου,
974 523 1002 579 ἢ
1021 527 1154 579 μῆνας
1175 528 1282 581 τρεῖς
1302 521 1462 580 φεύγειν
1485 540 1529 566 σε
1551 524 1593 565 ἔκ
1613 527 1693 566 τῶν

213 596 378 652 ἐχθρῶν
402 612 476 638 σου
500 594 733 652 ὲὶιιπροσθεν
745 626 758 646 ,
794 592 821 648 ἢ
847 600 954 650 τρεῖς
978 591 1135 651 ἡμέρας
1166 591 1351 635 θάνατον
1372 594 1415 635 ἐν
1432 597 1487 650 ’τῇ
1507 597 1559 649 γῇ
1581 592 1689 636 σου..’
1704 601 1726 638 5

213 666 281 708 καὶ
320 663 401 707 εἶπε
440 664 583 718 Λαβὶδ
617 664 719 720 πρὸς
757 661 848 705 Γάδ
877 661 1016 706 ςστενά
1048 680 1120 718 μοι
1153 660 1319 720 σφόδρα
1351 661 1556 706 πάντοθεν
1589 663 1693 705 ἐστι’·

213 733 318 789 πλὴν
343 736 594 788 ἐμπεσοῦμαι
620 736 676 783 εἷς
693 740 835 790 χεῖρας
857 735 1022 789 κυρίου,
1059 730 1120 776 ὅτι
1148 733 1292 775 πολλοὶ
1324 732 1362 774 οἳ
1393 733 1592 787 οἳκτιρμοὶ
1620 731 1696 774 αὗ-

213 807 300 847 τοῦ.
373 805 428 853 εἷς
456 804 500 847 δὲ
524 809 666 861 χεῖρας
698 800 932 859 ἀνθρώπων
965 803 1013 845 οὐ
1042 802 1100 858 μὴ
1127 801 1322 856 ἐμπέσω.3
1394 803 1460 844 καὶ
1488 801 1694 852 ἐξελέξατο

164 876 197 912 D
220 873 361 927 Δαβὶὸ
381 873 451 915 τὸν
466 871 663 915 θάνατον.
732 874 800 915 καὶ
818 870 952 929 ἡμέρα
968 872 1119 930 θέρους
1135 875 1298 928 πυρῶν,
1332 872 1402 913 καὶ
1419 870 1542 914 ἔδωκε
1559 869 1697 929 κύριος

170 978 172 981 .
216 941 400 985 θάνατον
431 943 473 984 ἓν
499 942 664 999 Ἰσραὴλ
687 941 767 985 ἀπὸ
791 945 976 999 πρωΐ-’θεν
1001 943 1077 992 ἓ-’ως
1101 941 1293 998 ἀρίστου,
1329 943 1396 983 καὶ
1420 941 1628 983 ἀπέθανον
1653 942 1695 982 ἐκ
1709 947 1742 984 1<

218 1017 290 1055 τοῦ
323 1016 426 1053 λαοῦ
448 1010 631 1066 χιλιάδες
664 1010 958 1067 ἑβδομήκοντα.
1029 1013 1097 1054 καὶ
1128 1011 1312 1061 ἐξέτεινεν
1343 1008 1364 1052 ὃ
1396 1009 1563 1067 ἄγγελος
1593 1013 1698 1052 θεοῦ

218 1082 292 1137 τὴν
321 1089 441 1138 χεῖρα
470 1081 597 1124 αὐτοῦ
628 1084 684 1132 εἷς
704 1080 973 1138 Ἰερουσαλὴμ
1000 1085 1072 1124 τοῦ
1105 1082 1346 1138 διαφθεῖραι
1373 1080 1414 1123 ἐν
1441 1080 1558 1137 αὐτῇ.
1629 1080 1697 1121 καὶ

220 1151 326 1194 εἶπεν
358 1151 500 1206 Λαβὶδ
529 1151 632 1209 πρὸς
658 1151 727 1194 τὸν
753 1149 852 1193 θεόν
880 1149 991 1193 ζἰδοὺ
1012 1149 1089 1207 ἐγώ
1111 1148 1353 1208 ἡιιιάρτηκα,
1388 1151 1456 1192 καὶ
1474 1148 1551 1206 ἐγώ
1573 1150 1654 1204 εἶμι
1675 1146 1696 1191 ὃ

219 1221 369 1276 ποιμὴν
392 1219 413 1263 ὃ
434 1219 708 1276 κακοποιῆσας
718 1254 731 1273 ,
753 1222 835 1263 ’καὶ
859 1220 910 1263 τὰ
932 1219 1121 1277 πρόβατα
1141 1222 1183 1262 τί
1199 1221 1392 1275 ἐποίησαν
1401 1239 1415 1274 ,·
1449 1219 1630 1275 γενέσθω
1653 1218 1700 1260 δὲ

219 1289 245 1347 ἦ
260 1292 348 1347 χείρ
367 1308 441 1334 σου
460 1292 501 1333 ἕν
519 1291 628 1345 Quot,
665 1289 800 1348 κύριε,
836 1292 903 1333 καὶ
925 1291 966 1332 ἓν
985 1295 1041 1349 τῷ
1060 1290 1157 1348 οἴκῳ
1177 1293 1250 1332 τοῦ
1269 1287 1424 1346 πατρός
1441 1287 1558 1344 μου.’
1630 1288 1698 1329 καὶ
1712 1293 1742 1329 ΙΞ

219 1362 501 1419 παρακληθεὶς
525 1358 545 1402 ὃ
568 1358 707 1417 κύριος
728 1359 810 1403 εἶπε
831 1360 935 1418 πρὸς
953 1360 1023 1402 τὸν
1046 1358 1212 1416 ἄγγελον
1238 1357 1350 1409 εἄνες
1367 1359 1441 1414 τὴν
1454 1354 1574 1415 χεῖρά
1590 1356 1697 1400 ‹mv-²

218 1433 287 1473 καὶ
318 1428 579 1489 ᾠκοδόμησεν
609 1431 694 1473 ἐκεῖ
721 1430 859 1484 Δαβὶὸ
889 1428 1212 1487 θυσιαστήριον,
1238 1430 1314 1471 -καὶ
1346 1426 1542 1485 ἀνήγαγεν
1576 1427 1703 1477 εὐθὺς

218 1497 525 1550 ὁλοκαυτώσεις.
595 1502 665 1542 καὶ
698 1498 919 1555 ἐπήκουσεν
955 1499 1081 1542 αὐτοῦ
1112 1497 1276 1556 κύριος,
1313 1500 1381 1557 zai
1414 1497 1643 1552 συνεσχέθη
1674 1493 1702 1551 ἦ

98 1576 127 1611 Ρ
150 1577 194 1612 88
218 1574 398 1627 θραῦσις
419 1574 491 1612 τοῦ
512 1569 658 1612 λαοῦ.”
728 1574 859 1612 ταῦτα
884 1569 948 1621 δέ,
986 1570 1087 1626 φησὶ
1116 1566 1408 1624 Θεοδώρητος,
1445 1566 1518 1609 οὐκ
1541 1565 1706 1616 ἀπεικὸς

219 1640 498 1695 συμβέβηκεν,
530 1638 624 1681 ἀλλ’
649 1640 796 1689 οἲκείας
816 1639 1073 1695 παρανομίας
1089 1637 1191 1680 ἔτισε
1211 1638 1327 1688 δίκας
1345 1635 1365 1679 ὃ
1385 1637 1486 1687 λαὸς
1509 1635 1578 1678 διὰ
1596 1641 1742 1693 noo-2⁴

221 1709 407 1768 φάσεως·
442 1707 677 1751 καταλιπὼν
705 1709 784 1765 γὰρ
813 1707 882 1750 τὸν
910 1709 1056 1762 εὐσεβῆ
1087 1709 1154 1750 καὶ
1184 1711 1300 1750 θεΐον
1321 1706 1496 1761 βασιλέα
1517 1703 1703 1764 τυράννῳ

220 1781 288 1823 καὶ
320 1779 548 1838 πατραλοι.ἀ
579 1779 695 1821 παιδὶ
725 1775 1076 1835 συνεστράτευσεν.
1147 1776 1253 1820 οὕτω
1281 1777 1326 1818 δὲ
1354 1778 1422 1818 καὶ
1445 1776 1514 1818 διὰ
1534 1775 1607 1830 τὴν
1629 1777 1704 1817 τοῦ

223 1849 363 1892 Σαοὺλ
398 1850 453 1898 εἷς
485 1847 582 1898 τοὺς
608 1849 878 1902 Γαβαωνίτας
907 1847 1111 1904 ἀναίρεσιν
1141 1844 1447 1901 ἔπαιδεύθησαν
1478 1845 1548 1888 διὰ
1581 1847 1703 1899 λιμοῦ

221 1918 326 1973 μετὰ
355 1918 429 1974 τὴν
459 1918 608 1960 ἐκείνου
638 1915 840 1972 τελευτήν.
911 1915 932 1960 ὅ
959 1917 1033 1972 μὲν
1061 1916 1139 1974 γὰρ
1169 1916 1268 1967 λαὸς
1291 1914 1399 1966 ἅπας
1419 1916 1487 1958 καὶ
1501 1915 1660 1970 Ἰησοῦς
1682 1911 1704 1955 ὃ

223 2031 295 2064 tem
327 2029 393 2063 deo
417 2027 455 2062 id
477 2028 628 2071 factum,
664 2030 702 2062 et
733 2039 794 2062 cor
817 2026 948 2062 Davidi
978 2026 1123 2061 tremuit
1151 2025 1314 2060 instituta
1341 2038 1385 2060 ea
1412 2023 1706 2060 dinumeratione.

217 2075 385 2111 dominus
410 2087 496 2119 ergo
519 2080 636 2109 vatem
661 2075 802 2109 Gadum
826 2075 871 2108 ad
892 2074 1065 2108 Davidum
1090 2073 1203 2117 misit,
1240 2073 1301 2118 qui
1320 2073 1355 2107 ei
1372 2073 1445 2107 suis
1469 2071 1590 2107 verbis
1610 2070 1706 2105 indi-

225 2127 325 2157 caret
348 2122 526 2168 optionem
549 2121 621 2168 ipsi
644 2121 722 2156 dari
745 2121 911 2156 liberam:
946 2120 1005 2155 vel
1039 2120 1222 2166 penuriam
1252 2119 1461 2154 triennalem
1494 2117 1614 2163 regni,
1647 2116 1707 2151 vel

223 2169 332 2204 trium
353 2168 520 2203 mensium
543 2169 662 2213 fugam
689 2167 957 2213 insequentibus
986 2167 1164 2211 hostibus,
1202 2166 1261 2201 vel
1284 2172 1419 2212 pestem
1441 2165 1548 2200 trium
1571 2165 1707 2199 dierum

222 2216 260 2250 in
290 2227 400 2261 regno
429 2227 492 2250 suo
524 2215 709 2260 deligeret.
757 2213 943 2260 respondit
964 2226 1028 2248 rex
1051 2226 1091 2248 se
1115 2213 1152 2248 in
1172 2213 1281 2248 tantis
1312 2213 1486 2259 angustiis
1506 2216 1707 2246 versantem

221 2262 323 2297 malle
349 2263 384 2296 in
410 2262 489 2307 dei,
526 2263 624 2296 cuius
650 2261 830 2307 multiplex
855 2265 951 2295 esset
972 2260 1231 2304 misericordia,
1255 2272 1357 2306 quam
1378 2260 1416 2294 in
1434 2258 1609 2294 hominum
1633 2268 1707 2291 ma-

221 2321 287 2345 nus
315 2309 491 2344 incidere:
528 2309 676 2355 proinde
700 2307 937 2354 pestilentiam
960 2308 1158 2352 praeferre.
1207 2319 1291 2352 ergo
1318 2318 1395 2341 cum
1417 2306 1561 2341 triticea
1582 2303 1708 2339 messis

223 2362 340 2402 esset,
362 2356 453 2391 luem
477 2355 564 2390 deus
586 2355 753 2390 Israelico
779 2354 908 2401 populo
927 2354 1092 2396 immisit;
1116 2366 1157 2388 ac
1176 2355 1359 2399 perierunt
1381 2355 1425 2388 ab
1450 2363 1578 2387 aurora
1595 2362 1708 2396 usque

221 2403 267 2438 ad
296 2403 439 2449 prandii
472 2403 593 2437 horam
627 2404 673 2438 70
705 2402 880 2436 hominum
914 2401 1023 2435 milia.
1071 2401 1210 2446 iamque
1244 2401 1350 2436 etiam
1384 2401 1429 2434 ad
1461 2397 1708 2434 Ierusalemam

224 2450 369 2494 angelus
394 2461 530 2486 manum
554 2450 786 2495 extendebat,
822 2453 862 2483 ut
885 2447 921 2482 in
947 2460 990 2482 ea
1017 2452 1170 2493 stragem
1199 2448 1334 2482 ederet.
1383 2446 1435 2481 ibi
1456 2445 1617 2480 Davidus
1641 2444 1707 2478 do-

223 2497 352 2531 minum
374 2496 635 2543 interpellavit,
669 2507 766 2530 suam
791 2507 870 2530 esse
895 2494 1050 2543 culpam,
1082 2507 1121 2529 se
1150 2500 1327 2540 pastorem
1354 2493 1477 2540 populi
1503 2490 1709 2536 deliquisse,

223 2542 351 2576 nullum
377 2556 456 2578 esse
481 2543 597 2578 ovium
622 2542 848 2578 maleficium:
882 2554 922 2576 se
955 2553 1039 2586 ergo
1065 2541 1152 2575 deus
1177 2546 1214 2576 et
1235 2546 1419 2587 paternam
1439 2538 1571 2575 Davidi
1602 2536 1706 2571 fami—

223 2589 305 2622 liam
329 2590 446 2634 potius
470 2590 663 2635 affligeret.
713 2595 878 2624 exoratus
902 2589 989 2622 deus
1014 2588 1138 2633 angelo
1162 2587 1344 2623 mandavit
1375 2590 1415 2620 ut
1444 2596 1581 2620 manum
1611 2595 1710 2618 suam

223 2637 436 2671 retraheret.
479 2637 602 2681 ibique
632 2636 791 2671 Davidus
821 2647 917 2670 aram
951 2635 1126 2669 exstruxit
1157 2640 1195 2670 et
1224 2634 1374 2669 solidum
1403 2633 1470 2667 deo
1498 2630 1709 2666 sacrificium

227 2682 372 2723 obtulit3
407 2687 513 2727 atque
533 2685 600 2718 deo
618 2683 783 2730 precibus
808 2687 983 2718 annuente
1010 2681 1164 2716 cessavit
1186 2681 1303 2715 clades
1327 2679 1462 2726 populi.
1510 2679 1618 2721 haee,
1652 2677 1708 2711 in-

227 2727 306 2772 quit
325 2729 591 2775 Theodoretus‚
619 2742 690 2764 non
713 2731 777 2764 abs
802 2742 842 2764 re
864 2729 915 2763 ita
938 2733 1149 2763 evenerunt:
1175 2739 1296 2763 verum
1322 2738 1365 2760 ea
1386 2725 1573 2760 occasione
1596 2735 1709 2769 popu-

227 2774 281 2808 lus
306 2774 361 2808 sui
380 2777 516 2821 peccati
543 2789 674 2823 poenas
697 2776 816 2822 dedit,
853 2775 948 2821 quod
975 2774 1035 2822 pio
1059 2787 1101 2809 ac
1121 2775 1291 2810 divinitus
1321 2773 1514 2807 constituto
1535 2783 1622 2816 rege
1645 2771 1709 2804 de—

228 2820 352 2856 relicto
389 2827 506 2857 castra
536 2824 681 2868 tyranni
714 2836 756 2858 ac
788 2822 883 2870 patri
914 2833 977 2857 suo
1009 2833 1131 2856 necem
1161 2820 1330 2856 struentis
1354 2825 1496 2854 secutus
1520 2823 1611 2852 erat.
1658 2815 1711 2851 sic

230 2867 336 2902 etiam
369 2879 391 2902 a
421 2875 533 2904 morte
566 2870 665 2905 Sauli
695 2872 807 2905 fames
842 2880 904 2904 eos
938 2868 1128 2913 castigavit
1157 2870 1203 2903 ob
1226 2867 1435 2902 interfectos
1458 2877 1480 2899 a
1503 2863 1611 2899 Saule
1633 2864 1710 2898 Ga-

230 2913 406 2951 baonitas.
461 2915 592 2952 etenim
623 2921 661 2952 et
690 2918 796 2954 Iosua
827 2922 865 2953 et
895 2915 1083 2952 universus
1116 2912 1267 2963 populus
1299 2917 1440 2961 pactum
1469 2912 1603 2947 iterant
1635 2920 1711 2945 cum
