1742 3184
214 177 247 225 6
697 177 940 225 GEoRGn
974 177 1221 224 GEDRENI
1280 163 1287 166 “
1314 163 1320 167 ’

213 293 266 339 τὰ
293 291 429 338 εῗκότα
449 294 737 351 συνελέξαμεν,
772 293 1022 354 προσθέντες
1043 295 1111 337 καὶ
1133 292 1213 339 ὅσα
1233 291 1431 353 ἀγράφως
1447 294 1492 338 ἐκ
1511 299 1697 340 παλαιῶν

214 364 376 423 ἀνδρῶν
402 362 693 420 ἐδιδάχθημεν.
764 364 869 409 ἀλλὰ
900 364 984 421 μὴν
1013 366 1082 407 καὶ
1107 364 1187 408 ἀπὸ
1211 369 1284 420 τῆς
1304 366 1479 422 Λεπτῆς
1497 366 1539 406 Γ
1534 366 1699 417 ενέσεως

214 434 289 478 οὐκ
318 434 433 491 ὀλίγα
464 434 727 486 συλλέξαντες
749 436 819 478 καὶ
844 435 925 478 ἀπὸ
948 435 1288 490 ἐκκλησιαστικῶν
1312 435 1502 493 ἱστοριῶν
1524 437 1592 478 καὶ
1614 436 1694 493 ἀφ’

211 502 359 562 ἑτέρων
377 505 572 559 βιβλίων,
601 506 670 548 καὶ
692 502 771 563 ὑφ’
794 502 839 548 (ἐν
860 503 1142 562 ἐπιδρομάδην
1165 504 1432 560 συνθέμενοι,
1467 512 1553 558 τοῖς
1569 523 1697 562 μετα-

210 574 456 632 γενεστέροις
476 575 824 631 καταλελοίπαμεν
848 573 1008 633 τροφὴν
1031 572 1191 631 ἁπαλὴν
1215 577 1284 619 καὶ
1306 575 1603 632 ἄληλεσμένην,
1634 574 1693 618 ἵν’
1708 581 1732 617 5

160 653 194 691 G
217 645 258 688 οἳ
285 644 360 701 μὲν
385 645 460 695 τὰς
485 648 566 688 τῶν
597 644 807 703 ῥηθέντων
839 644 1054 703 ἱστορικῶν
1087 647 1261 700 βίβλους
1298 644 1539 698 ἐπελθόντες
1571 645 1700 702 ἔχοιεν

211 712 487 770 ὑπομνήματα
525 712 639 770 (οἶδε
668 715 748 773 γὰρ
779 713 806 771 ἦ
837 712 1062 771 ἀνάγνωσις
1090 713 1317 771 ἀνάμνησιν
1343 717 1547 771 ἐμποιεῖν,
1589 714 1615 771 ἡ
1652 715 1696 758 δ’

210 781 441 840 ἀνάμνησις
460 783 622 842 τρέφειν
641 787 710 828 καὶ
727 782 967 842 μεγαλύνειν
984 784 1058 841 τὴν
1077 784 1266 842 μνήμην,
1302 783 1439 844 ὥσπερ
1466 786 1701 829 τούναντίον

209 852 239 910 ἦ
266 854 434 910 ἀμέλεια
455 855 522 897 καὶ
545 852 731 913 ῥαστώνη
756 854 959 913 ἐπιφέρειν
978 855 1205 912 ἀμνηστίαν
1215 888 1229 908 ,,
1254 849 1283 913 ᾗ
1313 858 1391 898 τινὶ
1417 853 1580 908 πάντως
1607 856 1701 898 ἕπε-

209 941 281 969 ται
303 922 439 981 λήθη,
475 923 724 983 ἀμαυροῦσα
746 927 815 969 καὶ
837 925 1067 983 συγχέουσα
1089 926 1163 981 τὴν
1182 923 1347 982 μνήμην
1366 930 1447 969 τῶν
1464 925 1699 984 πεπραγμέ-
1713 934 1742 971 1(

209 993 343 1049 νων),
387 994 427 1037 οἳ
462 995 507 1036 δὲ
539 993 667 1050 μήπω
700 993 1005 1052 ἐντετυχηκότες
1037 1002 1129 1047 ταῖς
1161 995 1359 1054 ἱστορίαις
1395 994 1544 1053 ὁδηγὸν
1574 995 1701 1051 ἔχοιεν

208 1061 331 1120 τήνδε
350 1063 427 1120 τὴν
446 1063 654 1120 ἐπιτομήν..

344 1133 414 1177 Ἐν
434 1134 541 1192 ἀρχῇ
559 1134 744 1191 ἐποίησεν
764 1131 786 1177 ὅ
806 1133 907 1186 θεὸς
929 1133 999 1178 τὸν
1022 1133 1199 1193 οὐρανὸν
1218 1135 1289 1178 καὶ
1313 1133 1387 1191 τὴν
1408 1138 1497 1193 γῆν.
1567 1152 1702 1191 παχυ-

207 1208 347 1262 μερῶς
368 1203 491 1247 εἰπὼν
508 1204 560 1247 τὰ
580 1203 905 1248 συνεκτικώτατα
922 1209 1005 1248 τῶν
1023 1206 1250 1261 στοιχείων,
1279 1205 1384 1261 μετὰ
1402 1209 1533 1249 ταῦτα
1554 1209 1702 1248 λεπτο-

206 1279 346 1332 μερῶς
368 1276 566 1331 ἐξηγεῖται
588 1274 665 1332 τὴν
687 1274 819 1333 ἀρχὴν
838 1278 913 1330 τῆς
933 1275 1122 1328 κτίσεως,
1149 1275 1274 1332 λέγων
1293 1273 1392 1318 ς(καὶ
1419 1273 1523 1318 εἶπεν
1547 1273 1568 1318 ὅ
1588 1273 1700 1328 θεός,
1715 1285 1742 1320 11

210 1343 426 1400 γενηθήτω
452 1344 587 1403 ‹puk-‚³²
660 1345 794 1388 ἰστέον
828 1339 901 1387 οὖν
931 1343 994 1387 ὅτι
1025 1350 1107 1387 πᾶν
1127 1344 1149 1386 ὃ
1171 1339 1224 1400 ἦν
1246 1343 1326 1401 πρὸ
1351 1348 1425 1399 τῆς
1446 1348 1521 1387 τοῦ
1543 1343 1700 1400 κόσμου

154 1421 189 1457 D
212 1412 359 1457 τούτου
381 1412 639 1467 συστάσεως,
669 1414 712 1457 ἐν
735 1415 842 1473 φωτὶ
862 1408 934 1470 ἦν·
971 1412 1064 1456 οὕτε
1084 1413 1164 1471 γὰρ
1186 1413 1230 1456 αἶ
1249 1417 1331 1456 τῶν
1348 1411 1529 1470 ἀγγέλων
1542 1421 1702 1471 χορεῖαι

211 1483 254 1526 ἐν
283 1482 418 1527 σκότει
452 1486 593 1540 διῆγον
625 1482 716 1526 οὔτε
743 1488 874 1525 πᾶσαι
895 1482 939 1524 αἳ
957 1481 1191 1540 ἐπουράνιοι
1214 1484 1426 1540 στρατιαί,
1462 1483 1555 1526 ἀλλ’
1580 1486 1622 1527 ἐν
1644 1489 1702 1542 τῷ

211 1555 320 1611 φωτὶ
343 1555 412 1596 καὶ
435 1550 548 1610 πάσῃ
568 1550 802 1611 εὐφροσύνῃ
830 1556 1082 1609 πνευματικῇ
1102 1552 1176 1608 τὴν
1196 1553 1432 1610 πρέπουσαν
1454 1553 1598 1606 αὐταῖς
1617 1558 1702 1597 λει-

207 1624 403 1680 τουργίαν
437 1622 726 1680 ἐκπληροῦσαι.
794 1621 843 1666 τὸ
870 1621 950 1679 γὰρ
980 1620 1126 1674 σκότος
1149 1623 1192 1664 ἐκ
1211 1627 1284 1678 τῆς
1299 1627 1373 1666 τοῦ
1394 1623 1572 1681 οὐρανοῦ
1594 1625 1699 1682 ἐφα-
1710 1630 1742 1667 24

207 1690 404 1744 πλώσεως
424 1693 493 1735 καὶ
513 1692 566 1735 τὰ
586 1690 665 1736 ὑπὸ
688 1689 837 1735 τούτου
856 1689 1087 1747 σκεπόμενα
1109 1692 1284 1748 γέγονεν.
1353 1694 1417 1736 ἐπὶ
1441 1691 1597 1737 τούτων
1616 1696 1703 1738 τοί-

208 1779 284 1806 νυν
305 1760 412 1806 εἶπεν
432 1760 454 1806 ὅ
474 1761 576 1813 θεὸς
592 1760 806 1820 γενηθήτω
828 1765 942 1820 φῶς,
978 1763 1046 1805 καὶ
1068 1763 1221 1819 ἐγένετο
1244 1766 1354 1822 φῶς·
1388 1764 1598 1822 ἐχωρίσθη
1621 1764 1702 1823 γὰρ

303 1870 327 1907 5
348 1871 664 1917 μεταλελοίπαμεν
686 1873 716 1908 P
741 1871 769 1909 i.
792 1885 827 1909 e.
851 1871 963 1909 editio
986 1870 1204 1909 Parisiensis
1387 1873 1434 1910 21
1459 1871 1550 1920 καὶ]
1573 1872 1669 1910 κατὰ
1684 1874 1704 1911 ?

306 1915 369 1954 ἐπὶ
389 1918 543 1955 malebat
563 1919 752 1966 Xylander

213 2009 283 2047 ctis
307 2011 414 2048 etiam
438 2023 548 2059 quae,
581 2023 659 2048 cum
682 2024 754 2048 non
777 2016 898 2049 essent
916 2012 1072 2060 scripta,
1101 2012 1146 2049 ab
1170 2011 1326 2060 antiquis
1350 2011 1548 2048 hominibus
1571 2014 1706 2051 tradita

211 2058 470 2103 didiceramus,
504 2071 575 2094 non
601 2071 716 2106 pauca
740 2060 846 2095 etiam
870 2073 915 2096 ex
936 2072 1051 2107 parva
1075 2059 1233 2105 Genesi,
1270 2059 1520 2095 ecclesiasticis
1542 2053 1705 2097 historiis

212 2105 364 2151 aliisque
387 2105 488 2141 libris
520 2106 712 2152 complexi,
749 2106 878 2142 cursim
908 2108 1026 2142 omnia
1048 2107 1086 2142 in
1116 2118 1222 2142 unum
1245 2107 1501 2153 composuimus
1525 2107 1705 2144 volumen.

211 2153 310 2198 quod
342 2164 431 2198 opus
462 2154 616 2200 posteris
646 2153 875 2200 relinquimus
914 2158 1081 2200 tanquam
1113 2153 1311 2189 alimentum
1342 2159 1503 2189 tenerum
1536 2167 1578 2190 ac
1613 2156 1705 2192 mola

211 2204 480 2245 praeparatum,
505 2204 545 2235 ut
567 2206 603 2236 et
623 2200 685 2246 qui
705 2200 879 2236 dictorum
897 2201 1146 2236 historicorum
1166 2200 1302 2247 scripta
1320 2200 1502 2246 legerunt,
1526 2214 1702 2238 commen—

210 2245 326 2280 tarios
355 2246 510 2282 habeant
545 2247 699 2291 (etenim
727 2247 835 2283 lectio
859 2247 904 2283 ad
926 2249 1207 2283 recordationem
1235 2247 1457 2283 excitandam
1481 2252 1537 2284 est
1561 2250 1702 2295 efficax,

210 2292 454 2328 recordationi
478 2294 523 2328 ad
544 2293 703 2329 alendam
724 2295 991 2340 augendamque
1011 2295 1211 2329 memoriam
1234 2294 1291 2329 vis
1316 2300 1392 2340 est,
1413 2297 1704 2341 quemadmodum

214 2343 341 2374 contra
370 2339 510 2376 incuria
540 2337 578 2376 'et
607 2340 824 2388 negligentia
855 2341 1075 2377 immemores
1106 2341 1246 2384 reddit3
1282 2342 1374 2376 unde
1398 2354 1542 2388 prorsus
1567 2343 1703 2379 oblivio

214 2387 463 2432 consequitur,
496 2388 697 2423 memoriam
726 2400 844 2424 rerum
876 2393 1055 2435 gestarum
1085 2389 1279 2423 obscurans
1313 2394 1420 2434 atque
1454 2390 1702 2436 confundens)

213 2435 254 2465 et
291 2433 352 2477 qui
389 2433 555 2470 historias
593 2435 745 2471 nondum
789 2440 1052 2482 cognoverunt,
1092 2435 1161 2470 hoc
1195 2436 1402 2482 compendio
1436 2436 1594 2472 ductoris
1623 2437 1702 2474 loco

209 2482 369 2514 utantur.

306 2524 488 2573 Principio
512 2526 600 2563 fecit
621 2527 709 2564 deus
730 2527 863 2564 caelum
885 2531 923 2565 et
938 2531 1083 2564 terram.
1132 2529 1313 2564 confusius
1334 2528 1379 2564 iis
1398 2528 1518 2564 mundi
1536 2530 1702 2575 partibus

214 2570 402 2607 nominatis
430 2584 521 2618 quae
552 2575 701 2611 maxime
732 2575 888 2621 reliquas
921 2575 960 2610 in
990 2587 1031 2610 se
1061 2576 1265 2622 continent,
1301 2575 1502 2611 distinctius
1531 2577 1703 2623 deinceps

215 2618 409 2653 creationis
440 2619 650 2666 principium
682 2629 844 2669 enarrat,
874 2622 996 2658 dicens
1018 2618 1081 2658 “et
1104 2623 1195 2658 dixit
1217 2624 1321 2668 deus,
1352 2623 1417 2657 fiat
1438 2619 1536 2658 lux.'’
1581 2624 1701 2659 scien-

215 2662 298 2698 dum
322 2670 395 2710 est,
432 2665 603 2712 quidquid
626 2674 709 2704 ante
732 2669 836 2704 huius
858 2669 980 2704 mundi
1003 2669 1289 2707 constitutionem
1313 2669 1468 2714 exstitit,
1500 2669 1539 2705 id
1561 2669 1600 2705 in
1622 2670 1701 2705 luce

214 2709 342 2746 fuisse.
390 2723 469 2746 nam
490 2725 605 2759 neque
628 2715 830 2761 angelorum
862 2716 1014 2763 choreae
1038 2716 1074 2750 in
1094 2717 1253 2752 tenebris
1277 2717 1454 2762 degebant
1479 2728 1595 2762 neque
1618 2718 1700 2752 uni-

214 2756 314 2811 versi
338 2757 509 2794 caelestes
534 2761 728 2808 exercitus,
750 2763 814 2798 sed
835 2762 873 2798 in
894 2763 995 2809 luce,
1019 2767 1054 2798 et
1074 2764 1167 2799 omni
1189 2763 1372 2810 spiritibus
1392 2768 1607 2809 congruente
1624 2764 1700 2799 lae-

214 2807 299 2838 una
320 2814 420 2840 suum
443 2805 559 2851 quivis
583 2819 706 2843 munus
728 2809 888 2845 obibant.
935 2811 1106 2845 tenebrae
1126 2814 1242 2845 autem
1266 2809 1473 2845 extensione
1495 2810 1605 2856 caeli,
1631 2822 1703 2856 qua

215 2851 429 2907 tegebantur
463 2863 505 2887 ea
541 2864 633 2898 quae
664 2854 758 2890 infra
785 2856 918 2892 caelum
941 2862 1044 2901 sunt,
1079 2857 1303 2892 exstiterunt.
1350 2857 1396 2891 de
1425 2857 1480 2893 his
1503 2869 1587 2903 ergo
1607 2857 1703 2892 dixit

213 2894 302 2933 deus
323 2893 331 2909 ³
346 2897 411 2935 fiat
427 2895 522 2946 lux,”
547 2911 590 2936 ac
613 2901 751 2938 exstitit
767 2903 842 2940 lux.
889 2915 968 2941 nam
989 2915 1013 2941 a
1029 2903 1188 2940 tenebris
1206 2908 1374 2951 separata
1392 2911 1467 2952 est,
1491 2909 1529 2940 et
1551 2905 1597 2940 ab
1619 2903 1698 2951 opi-
