1742 3184
185 173 287 223 716
671 176 912 221 GEORGII
941 176 1189 220 CEDRENI

201 299 203 301 -
381 297 401 307 Α,
448 292 460 309 e
483 291 507 308 ν
624 290 635 308 e
719 291 732 306 t
821 290 831 307 ι
975 291 1005 307 »3
1051 292 1062 308 e
1236 292 1250 308 τ
1419 283 1429 311 e'
1551 294 1563 312 a

131 297 163 332 D
328 296 400 352 Τῳ
422 312 445 349 η
481 310 557 336 ετει
579 297 701 335 παλιν
730 293 965 348 Ηρακλειος
982 296 1212 335 απεστειλεν
1231 310 1273 334 εν
1291 295 1466 349 Περσιδι
1484 299 1672 352 πρεσβεις

182 362 286 448 πρὸς
318 361 539 420 Χοσρόην,
561 360 814 416 ,αἰτούμενος
845 360 1020 447 εἰρήνην.
1090 360 1112 404 ὃ
1148 362 1192 404 δὲ
1254 362 1419 420 ”οσρόης
1448 366 1515 406 καὶ
1550 364 1673 406 πάλιν

184 432 309 476 αὐτὸν
334 433 632 488 ἀπεπέμψατο,
670 430 792 475 εῗπών
815 430 876 474 ὅτι
899 432 946 473 οὖ
968 431 1162 489 φείσομαι
1181 429 1321 486 ὑμῶν,
1358 432 1433 483 ἕως
1465 431 1514 475 ἀν
1544 432 1672 491 ἀρνη-

184 507 316 559 σησθε
334 502 404 546 τὸν
423 501 753 560 ἐσταυρωμένον,
789 500 837 544 ὃν
855 501 922 558 λε’)
924 518 984 544 ετε
1005 501 1106 544 θεὸν
1124 500 1180 545 ειν
1184 519 1224 544 αι
1235 534 1251 555 ,
1282 503 1350 544 καὶ
1368 501 1672 561 προσκυνήσητε

183 578 241 633 τῶ
264 571 382 632 ήλίω.
1685 569 1708 605 5

323 680 398 733 Τῷ
416 673 461 717 θ’
480 674 556 717 ε’τει
578 671 852 731 ἐστράτευσαν
869 674 907 716 οἳ
918 672 1094 733 ’Ἀβαρες
1116 674 1222 718 κατὰ
1242 679 1316 729 τῆς
1339 671 1521 734 Θρᾴκης.
1570 673 1676 717 ἄπο-

183 747 344 796 στείλας
364 746 407 787 δὲ
419 742 664 801 ςΗράκλειος
682 744 815 801 ᾐτεῖτο
837 742 1019 799 εἰρήνην·
1047 746 1114 787 καὶ
1135 745 1387 798 συνθεμένου
1404 749 1477 787 τοῦ
1491 743 1676 800 χαγάνου

183 814 337 870 ταύτην
369 821 518 866 ποιεῖν,
555 814 726 869 ἐξῆλθεν
750 811 772 856 ὃ
794 815 991 868 βασιλεὺς
1013 813 1093 866 ἔξω
1113 818 1187 856 τοῦ
1210 817 1374 871 μακροῦ
1395 815 1551 868 τείχους
1571 814 1676 868 μετὰ

185 889 338 940 πολλῆς
363 885 617 941 δορυφορίας
638 887 857 938 βασιλικῆς
878 885 946 926 καὶ
971 882 1116 942 δώρων
1137 887 1299 926 πολλῶν
1319 883 1507 940 μεγάλων
1527 881 1678 926 ὑποδέ-

186 959 344 1006 ξασθαι
364 954 434 997 τὸν
446 952 630 1010 χαγάνον
652 955 720 995 καὶ
743 957 881 1007 λαβεῖν
900 953 952 996 τὰ
973 953 1098 997 πιστὰ
1117 954 1220 1010 παρ’
1246 953 1386 996 αὐτοῦ.
1457 951 1478 994 ὃ
1506 953 1550 995 δὲ
1569 952 1679 1010 βάρ-
1692 960 1737 995 10

44 1034 74 1068 Ρ
98 1034 167 1071 409
189 1030 321 1081 βάρος
342 1022 416 1074 τάς
436 1041 478 1066 τε
501 1020 714 1076 συνθήκας
737 1021 947 1077 ἀθετήσας
968 1025 1037 1065 καὶ
1061 1023 1157 1074 τοὺς
1179 1022 1326 1080 ὅρκους
1350 1021 1469 1079 ἄφνω
1489 1040 1681 1078 τυραννι-

189 1099 272 1145 κῶς
304 1093 410 1136 κατὰ
443 1098 515 1135 τοῦ
544 1094 748 1147 βασιλέως
780 1092 995 1148 ἐχώρησεν.
1067 1094 1278 1149 ἐκπλαγεὶς
1298 1093 1343 1135 δὲ
1366 1090 1387 1134 ὃ
1409 1092 1603 1146 βασιλεὺς
1624 1096 1682 1150 τῷ

190 1160 487 1222 ἀπροσδοκήτῳ
512 1163 647 1220 φυγὰς
669 1164 733 1205 ἐπὶ
756 1163 830 1216 τὴν
852 1161 969 1205 πόλιν
985 1160 1230 1218 ὑπέστρεψε.
1302 1161 1443 1215 λαβὼν
1467 1162 1511 1204 δὲ
1534 1159 1554 1204 ὃ
1573 1160 1683 1216 βάρ-

188 1240 321 1289 βαρος
339 1231 412 1288 τήν
433 1250 475 1275 τε
495 1232 712 1287 βασιλικὴν
738 1232 968 1287 ἀποσκευὴν
988 1234 1056 1275 καὶ
1080 1232 1203 1282 ὅσους
1223 1230 1415 1287 ἠδυνήθη
1438 1235 1683 1284 καταλαβεῖν

188 1302 444 1359 ὑπέστρεψε,
480 1301 613 1344 πολλοὶ
637 1304 774 1358 χωρία
803 1307 876 1357 τῆς
907 1301 1076 1361 Θρᾴκης
1101 1299 1345 1357 ληϊσάμενος
1366 1302 1409 1344 ἐκ
1428 1302 1503 1344 τοῦ
1525 1301 1683 1359 ἀπροσ-
1695 1306 1740 1343 15

190 1371 374 1428 δοκήτως
396 1372 602 1427 ἀπατῆσαι
623 1376 675 1430 τῇ
695 1373 827 1414 ἐλπίδι
851 1375 925 1427 τῆς
948 1370 1123 1429 εἷρήνης.

331 1479 405 1534 Τῷ
442 1472 466 1517 ι’
505 1474 582 1518 ἔτει
610 1472 858 1532 ζΗράκλειος
891 1475 994 1532 πρὸς
1023 1472 1205 1532 χαγάνον
1237 1474 1426 1532 πρέσβεις
1456 1473 1689 1517 ἀπέστειλεν

191 1547 308 1589 ἕνεκα
338 1546 430 1602 περὶ
460 1549 542 1588 τῶν
571 1542 647 1586 ὕπ’
681 1545 810 1587 αὐτοῦ
837 1543 1059 1601 γεγονότων
1090 1545 1311 1598 ἀθέσμων,
1347 1546 1415 1587 καὶ
1438 1543 1561 1587 πάλιν
1583 1543 1687 1600 πρὸς

137 1619 167 1653 Β
195 1614 355 1672 εἰρήνην
376 1615 667 1672 προετρέπετο·
704 1615 1015 1672 ἐπιστρατεῦσαι
1038 1614 1115 1671 γὰρ
1137 1612 1425 1669 διανοούμενος
1446 1614 1551 1656 κατὰ
1570 1616 1688 1670 Περ-

191 1687 307 1736 σίδος
335 1682 550 1741 εῗρηνεύειν
577 1684 680 1738 μετὰ
711 1689 787 1727 τοῦ
812 1683 999 1740 χαγάνου
1022 1684 1196 1739 ἤθελεν,
1230 1683 1275 1735 ὃς
1296 1685 1364 1726 καὶ
1387 1684 1593 1733 αι’δεσθεὶς
1613 1682 1687 1737 τὴν
1698 1687 1742 1722 20

192 1759 267 1798 τοῦ
296 1754 500 1809 βασιλέως
530 1752 691 1809 ἀγάπην
718 1761 927 1808 μετανοεῖν
958 1754 1221 1810 ἐπηγγέλλετο
1251 1755 1318 1795 καὶ
1350 1751 1510 1809 ἀγάπην
1536 1760 1687 1795 ποιεῖν·

193 1826 261 1867 καὶ
304 1821 591 1879 στοιχήσαντες
632 1822 768 1866 πάκτα
806 1821 1069 1882 ὑπέστρεψαν
1101 1823 1139 1865 οἷ
1166 1824 1356 1881 πρέσβεις
1387 1823 1480 1878 μετ’
1516 1818 1688 1880 εἰρήνης.

292 2003 431 2038 Octavo
468 2014 560 2037 anno
593 2013 715 2037 rursus
748 2001 937 2037 Heraclius
971 2002 1097 2048 legatis
1130 2001 1167 2036 in
1202 2001 1387 2037 Persidem
1419 2001 1464 2038 ad
1497 2002 1691 2038 chosroem

198 2049 314 2086 missis
344 2062 466 2096 pacem
494 2049 612 2104 petiit.
663 2050 842 2083 Chosroes
870 2050 985 2084 denuo
1021 2061 1081 2083 eos
1112 2049 1264 2103 repulit,
1301 2061 1436 2094 negans
1461 2061 1499 2084 se
1524 2049 1692 2084 Romanis

198 2097 289 2131 velle
313 2109 481 2152 parcere,
518 2095 587 2130 nisi
609 2095 813 2131 crucifixum
833 2090 1074 2141 diffiteantur,
1108 2108 1212 2142 quem
1230 2095 1303 2144 ipsi
1325 2097 1426 2131 deum
1455 2108 1536 2132 esse
1559 2097 1692 2141 dicant,

198 2149 238 2179 et
260 2143 331 2178 nisi
354 2144 505 2178 adorent
526 2143 649 2178 solem.

290 2214 396 2247 Nono
423 2224 514 2247 anno
538 2214 675 2247 Avares
699 2212 737 2246 in
755 2212 945 2247 Thraciam
965 2223 1042 2246 cum
1064 2212 1223 2247 exercitu
1241 2217 1429 2247 venerunt.
1480 2211 1590 2246 mittit
1607 2224 1693 2257 ergo

197 2259 388 2295 Heraclius
412 2271 534 2305 pacem
561 2259 730 2306 petitum3
763 2271 910 2304 cumque
933 2271 1009 2293 eam
1032 2271 1072 2293 se
1096 2260 1370 2305 composituulm
1394 2259 1584 2304 Chaganus
1607 2271 1693 2305 pro-

197 2308 372 2351 mitteret,
402 2306 436 2341 ei
461 2311 563 2340 extra
586 2307 747 2350 Longum
766 2318 876 2351 usque
895 2317 1028 2340 murum
1050 2308 1205 2341 occu1rit
1223 2318 1299 2341 cum
1320 2318 1444 2351 magno
1463 2305 1693 2351 imperatorio

198 2353 391 2397 comitatu,
425 2352 631 2398 magnisque
656 2358 692 2387 et
715 2352 831 2387 multis
856 2352 960 2387 donis
986 2352 1191 2398 Chagauum
1213 2353 1254 2387 ad
1281 2365 1403 2408 pacem
1428 2352 1499 2387 fide
1527 2352 1617 2387 ultro
1641 2353 1694 2387 ci—

198 2406 326 2446 troque
348 2400 431 2434 data
455 2400 661 2434 firmandam
685 2400 845 2434 hortatus
877 2405 945 2433 est.
994 2399 1057 2433 sed
1092 2401 1263 2434 barbarus
1298 2399 1411 2446 pactis
1434 2411 1476 2434 ac
1497 2398 1694 2435 iuramento

199 2446 415 2482 conculcatis
441 2446 557 2481 subito
584 2446 744 2481 hostilem
777 2446 944 2491 impetum
970 2445 1006 2479 in
1030 2446 1232 2481 Heraclium
1257 2446 1378 2490 dedit,
1413 2447 1465 2480 ita
1488 2451 1527 2480 ut
1551 2458 1591 2480 re
1615 2446 1695 2480 ino-

200 2493 324 2547 pinata
347 2493 378 2528 is
396 2493 586 2548 perculsus
610 2492 727 2538 fuga
716 2505 754 2527 ιιι
775 2494 894 2527 urbem
918 2504 958 2526 se
980 2493 1171 2538 receperit.
1221 2493 1412 2537 Chaganus
1435 2493 1696 2537 impedimentis

200 2539 447 2585 imperatoris,
484 2546 521 2575 et
543 2551 632 2585 quos
651 2521 795 2585 potuit,
830 2539 1027 2573 hominibus
1055 2539 1192 2585 aliquot
1217 2540 1351 2584 captis,
1386 2539 1495 2574 multa
1518 2539 1698 2573 Thraciae

202 2587 334 2667 pippida
357 2599 439 2667 splp
444 2586 546 2668 tpacis
572 2587 616 2621 ab
641 2599 683 2621 eo
708 2592 894 2630 ostensae,
930 2585 1017 2620 nihil
1051 2585 1122 2622 tale
1156 2587 1422 2633 exspectantia,
1458 2586 1697 2632 depraedatus

231 2645 343 2668 omum
367 2646 388 2667 a
416 2645 439 2667 ιι

297 2703 399 2737 Αιιιιο
432 2703 568 2738 decimo
604 2702 731 2737 iterum
754 2702 943 2737 Heraclius
967 2703 1012 2737 ad
1038 2714 1115 2738 eum
1137 2703 1275 2748 legatos
1298 2702 1427 2746 mittit,
1462 2713 1527 2747 per
1548 2713 1637 2747 quos
1661 2706 1698 2737 et

206 2751 331 2782 contra
363 2750 490 2784 foedus
523 2752 566 2784 ab
602 2762 644 2783 eo
681 2751 777 2784 facta
811 2750 1044 2795 reprehendit
1077 2755 1115 2784 et
1146 2751 1261 2785 denuo
1299 2749 1343 2783 ad
1378 2761 1498 2794 pacem
1522 2749 1696 2783 hortatur.

207 2805 288 2828 nam
320 2795 448 2829 bellum
479 2796 661 2831 Persicum
696 2796 812 2831 animo
841 2796 983 2841 agitans
1008 2796 1083 2831 eius
1108 2807 1214 2830 causa
1238 2807 1315 2830 cum
1338 2796 1508 2840 Chagano
1533 2795 1699 2849 cupiebat

207 2853 332 2887 pacem
366 2841 510 2878 habere.
570 2844 741 2878 barbarus
775 2843 1025 2877 humanitatem
1057 2843 1218 2878 Heraclii
1251 2842 1428 2877 reveritus
1462 2841 1625 2888 promisit
1659 2853 1698 2874 se

210 2889 306 2924 facta
328 2893 488 2933 mutare,
529 2894 635 2934 atque
658 2890 842 2936 postmodo
866 2902 988 2936 pacem
1017 2889 1200 2925 culturum.
1250 2889 1302 2924 ita
1333 2888 1443 2935 legati
1474 2887 1699 2934 imperatoris
