1742 3184
383 162 787 209 fflsToRrARtm
824 163 1222 215 GOMPENDIUM.
1442 174 1472 219 5
1482 175 1542 222 13

57 271 324 332 προσήκουσα
336 277 406 320 καὶ
423 274 663 337 ἁρμόζουσα
680 275 933 341 διασᾶφησις
947 282 1233 341 προσαγομένη
1250 284 1325 341 τὴν
1344 284 1544 345 ἀλήθειαν

58 345 206 389 doira.
295 358 299 364 ⁴

196 413 446 460 Εἶπᾶτωσαν
464 416 514 460 δέ
530 433 575 473 γε
594 418 662 460 καὶ
681 417 722 460 οἶ
742 419 800 470 εἰς
818 417 867 462 τὸ
882 416 998 476 ἅγιον
1019 423 1180 475 πνεῦμα
1198 426 1542 482 βλασφημοῦντες

59 483 128 526 καὶ
155 487 232 539 τῆς
259 486 379 536 θείας
406 486 550 537 οὐσίας
574 485 675 529 αὐτὸ
693 490 958 546 χωρίζοντες,
1003 495 1092 541 πῶς
1111 488 1141 534 ὁ
1172 491 1276 543 θεὸς
1301 495 1370 536 καὶ
1399 497 1539 554 σωτὴρ

23 550 174 608 5ἦμῶν
212 553 537 610 ἓνανθρωπήσας
570 556 780 613 παρέδωκε
818 559 1157 616 συμπληρωτικὸν
1187 559 1287 604 εἶναι
1318 568 1392 618 τῆς
1422 563 1541 622 ἁγίας

56 619 225 679 τριάδος
251 623 297 666 τὸ
319 623 519 680 πανάγιον
544 630 725 680 πνεῦμα,
760 628 829 669 καὶ
858 629 901 670 ἓν
923 633 974 685 τῇ
995 628 1199 686 ἐπικλήσει
1221 636 1296 675 τοῦ
1316 634 1433 676 θείου
1455 639 1540 688 βα·-

55 694 282 746 πτίσματος
311 693 388 735 σὺν
417 695 542 751 πατρὶ
569 696 637 736 καὶ
668 695 746 754 υἱῷ
774 694 831 747 ὥς
864 698 1109 757 ἐλευθεροῦν
1126 704 1209 742 τῶν
1229 698 1538 759 ἁμαρτημάτων

54 761 152 811 τοὺς
169 759 417 819 ἀνθρώπους
442 762 763 820 ἀριθμούμενον.
832 768 901 808 καὶ
932 768 995 810 ἐπὶ
1027 773 1100 824 τῆς
1118 775 1318 826 μυστικῆς
1338 773 1540 830 τραπέζης

54 829 102 873 τὸ
127 834 247 885 σῶμα
271 831 402 874 idmona
423 837 496 887 τῆς
522 837 599 876 τοῦ
626 834 721 877 υἱοῦ
748 835 994 892 σαρκώσεως
1017 838 1262 894 ἀποφαῖνον,
1297 845 1385 892 πῶς
1403 840 1455 884 ἂν
1475 843 1536 899 εἴη

0 908 45 944 10
55 899 221 955 ποιητὸν
248 899 276 955 ἢ
298 900 464 944 κτιστόν
487 901 513 957 ἢ
537 907 610 958 τῆς
629 904 819 959 ὁουλικῆς
841 903 1025 962 φύσεως,
1062 907 1158 949 ἀλλ’
1182 909 1231 951 οὗ
1253 913 1325 964 τῆς
1350 911 1538 955 δεσποτι-
1558 921 1590 958 Β

51 974 128 1024 κῆς
154 971 223 1011 καὶ
251 972 502 1028 δημιουργοῦ
530 973 598 1014 καὶ
626 975 841 1026 βασιλίδος
857 974 999 1025 οὐσίας
1020 978 1206 1032 συγγενὲς
1227 980 1295 1020 καὶ
1318 977 1538 1034 ὃμοούσιον

50 1038 98 1081 τὸ
122 1037 238 1095 ἅγιον
258 1043 441 1095 πνεῦμας
487 1043 523 1083 εἴ
543 1040 624 1098 γὰρ
647 1044 815 1095 δοῦλον,
848 1043 908 1098 μὴ
926 1047 1270 1102 συναριθμείσθω
1289 1052 1349 1106 τῷ
1370 1050 1537 1107 κτίστῃ·

49 1107 203 1163 ἥνωται
220 1108 301 1166 γὰρ
321 1111 390 1151 καὶ
411 1112 741 1167 συνηρίθμηται,
786 1112 923 1168 ἐπειδὴ
951 1117 1011 1173 τῷ
1038 1114 1204 1172 ἀκριβεῖ
1225 1120 1307 1159 τῶν
1339 1117 1536 1162 τοιούτων

51 1179 304 1235 δογματιστῇ
330 1180 509 1237 Χριστῷ
534 1182 758 1223 πείθεσθαι
788 1181 1008 1238 προσήκει,
1041 1185 1222 1238 βεβαίως
1244 1186 1310 1228 καὶ
1336 1186 1538 1245 ἀσφαλῶς

0 1256 39 1292 15
50 1246 102 1290 τὰ
116 1249 206 1305 περὶ
227 1252 301 1302 τῆς
317 1249 469 1299 οἰκείας
487 1248 630 1299 οὐσίας
650 1249 897 1302 διδάσκοντι,
935 1253 970 1294 εἰ
986 1254 1054 1294 καὶ
1073 1261 1160 1304 τοῖς
1179 1255 1537 1312 πνευματομάχοις

50 1319 182 1369 δοκεῖ,
218 1317 480 1373 σοφωτέρους
501 1316 602 1360 εἶναι
623 1320 690 1361 καὶ
713 1318 765 1362 τὰ
793 1319 966 1376 οὐράνια
992 1322 1113 1364 πλέον
1134 1323 1280 1366 εἰδέναι
1301 1328 1406 1367 θεοῦ
1427 1343 1536 1381 κομ-

47 1383 298 1441 πιέζονταςὴἱ
310 1389 470 1440 μᾶλλον
497 1391 714 1444 τολμηρῶς
733 1405 775 1431 τε
797 1391 864 1431 καὶ
888 1391 1100 1444 δυσσεβῶς
1117 1390 1426 1448 ῥητορεύοντας.
1495 1397 1534 1438 εἴ

48 1450 122 1498 οὖν
143 1453 165 1498 ὅ
185 1459 301 1505 θεῖος
321 1456 487 1511 Δανιὴλ
506 1455 675 1512 ἄγγελον
693 1456 954 1512 θεασάμενος
969 1462 1038 1501 καὶ
1057 1460 1288 1515 θαυμάσας
1308 1462 1355 1505 τὸ
1380 1461 1533 1515 κᾶλλος

47 1526 115 1567 καὶ
143 1525 190 1568 τὸ
221 1524 396 1580 μέγεθος
429 1529 504 1568 τοῦ
532 1525 738 1583 ὀφθέντος
766 1527 923 1584 πρηνὴς
941 1527 1092 1582 ἔπεσεν,
1127 1531 1339 1587 ἐκπλαγεὶς
1356 1532 1461 1589 πρὸς
1481 1532 1530 1576 τό

0 1592 280 1651 ξοπαράδοξον
308 1598 383 1649 τῆς
412 1594 540 1647 θέας,
579 1597 701 1638 ποίαν
723 1597 882 1646 ἕξουσιν
913 1597 1137 1655 ἀπολογίαν
1158 1600 1197 1642 οἱ
1217 1602 1341 1657 πατρὶ
1360 1603 1430 1643 καὶ
1449 1602 1529 1661 υἱῷ
1550 1609 1583 1645 C

45 1666 113 1707 καὶ
138 1662 239 1722 ἁγίῳ
267 1662 466 1718 πνεύματι
496 1663 718 1718 μεσιτεύειν
748 1670 977 1720 τολμῶντες
1005 1670 1075 1710 καὶ
1103 1667 1177 1723 τὴν
1198 1668 1381 1727 ἄρρητον
1402 1669 1530 1728 φύσιν

43 1731 181 1791 λόγοις
209 1734 466 1790 ζυγοστατεῖν
494 1734 788 1793 ἐπιχειροῦντες
805 1737 875 1779 καὶ
896 1741 1236 1796 φυσιολογοῦντες
1242 1758 1260 1794 ,·
1298 1739 1376 1795 τὴν
1393 1741 1530 1785 τοίνυν

42 1907 156 1943 cuivis
187 1887 267 1944 loco
301 1910 339 1944 et
368 1910 541 1946 vocabulo
576 1911 844 1948 convenientem
877 1914 915 1948 et
946 1910 1178 1959 quadrantem
1198 1909 1529 1960 interpretationem

41 1955 237 1992 adhibitam
258 1955 444 1992 veritatem
468 1959 661 2004 parturire.

130 2025 205 2059 Iam
223 2025 300 2070 ·qui
329 2025 377 2060 de
407 2031 531 2061 sancto
565 2027 695 2073 spiritu
729 2027 838 2074 impie
869 2028 1062 2074 loquuntur
1083 2037 1234 2073 eumque
1253 2027 1378 2063 divina
1399 2031 1527 2066 natura

40 2072 289 2115 exterminant,
311 2074 551 2118 respondeant
573 2075 748 2119 quomodo
769 2080 933 2110 servator
954 2080 1076 2108 noster
1099 2074 1186 2108 deus
1208 2074 1246 2108 in
1271 2075 1420 2110 humano
1443 2087 1526 2110 cor-

38 2129 129 2165 pore
153 2119 347 2153 obversans
369 2126 528 2154 sanctum
556 2120 652 2156 illum
678 2121 842 2167 spiritum
865 2121 1019 2156 voluerit
1041 2120 1330 2166 complementum
1355 2133 1433 2156 esse
1455 2122 1527 2156 tri-

39 2165 184 2208 nitatis,
220 2165 329 2210 idque
358 2165 396 2200 in
425 2166 602 2211 baptismo
633 2179 703 2202 una
733 2179 810 2202 cum
841 2173 944 2214 patre
976 2174 1013 2202 et
1042 2166 1138 2210 filio,
1173 2172 1213 2200 ut
1234 2166 1297 2212 qui
1319 2167 1478 2202 homines
1502 2179 1526 2204 a

39 2212 197 2258 peccatis
220 2211 394 2256 liberent,
430 2214 606 2248 numerari
629 2220 736 2259 atque
758 2214 932 2249 invocari.
981 2218 1019 2248 et
1039 2214 1076 2247 in
1103 2212 1254 2256 mystica
1277 2224 1407 2257 coena,
1444 2225 1523 2250 cum

38 2258 186 2303 spiritus
208 2264 351 2293 sanctus
375 2270 503 2304 corpus
526 2259 702 2296 incarnati
725 2261 827 2296 verbi
850 2262 989 2296 dicatur
1014 2260 1208 2303 formasse,
1238 2260 1412 2304 quomodo
1435 2271 1525 2305 pos-

37 2305 87 2339 sit
120 2305 236 2339 factus
267 2317 348 2339 esse
381 2312 443 2340 aut
475 2312 635 2350 creatus,
669 2312 732 2342 aut
752 2308 894 2342 servilis
918 2306 1158 2350 condicionis,
1192 2317 1263 2339 non
1286 2305 1524 2352 imperatricis

38 2357 207 2395 naturae,
244 2362 336 2396 quae
370 2363 490 2386 omnes
522 2364 580 2387 res
613 2354 726 2388 efficit
757 2360 863 2399 atque
896 2352 1099 2398 gubernat?
1145 2350 1178 2386 si
1202 2351 1295 2386 enim
1319 2352 1442 2387 servili
1466 2358 1524 2388 est

37 2403 155 2443 statu,
179 2410 250 2432 non
273 2398 381 2432 debet
402 2400 625 2434 annumerari
649 2400 808 2435 domino:
833 2401 865 2435 si
888 2405 1069 2443 creatura,
1094 2409 1165 2433 non
1187 2397 1296 2432 debet
1318 2409 1396 2434 cum
1418 2410 1523 2434 crea-

35 2445 241 2489 tore-poni.
287 2451 384 2478 certe
405 2451 519 2479 autem
544 2446 663 2480 unitus
686 2447 721 2481 ei
745 2453 802 2481 est
823 2452 860 2481 et
882 2450 1143 2489 annumeratur,
1168 2444 1201 2479 si
1224 2444 1364 2489 quidem
1385 2451 1522 2481 rectum
1537 2455 1549 2470 ’-

36 2496 94 2526 est
115 2491 261 2525 Christo
284 2491 404 2525 harum
427 2503 544 2526 rerum
569 2493 833 2527 accuratissimo
856 2492 995 2528 doctori
1018 2492 1122 2526 fidem
1145 2489 1336 2535 adhibere,
1372 2491 1524 2528 firmiter

34 2542 73 2572 et
95 2543 300 2572 constanter
323 2537 478 2572 divinam
503 2544 661 2573 naturam
684 2539 878 2575 enarranti.
924 2538 1066 2574 tametsi
1088 2537 1236 2583 spiritus
1258 2536 1524 2582 impugnatotes

36 2583 107 2618 sibi
131 2596 174 2618 eo
199 2583 437 2629 sapientiores
461 2584 650 2630 videntur,
683 2597 871 2632 rerumque
905 2585 975 2620 sibi
1000 2584 1201 2619 caelestium
1224 2583 1392 2618 maiorem
1417 2595 1522 2630 quam

35 2629 75 2664 in
98 2630 166 2664 deo
190 2631 247 2665 sit«
261 2630 499 2676 cognitionem
524 2637 713 2677 arrogant,
747 2633 826 2667 sive
851 2645 895 2667 ea
917 2631 1036 2678 potius
1059 2629 1251 2666 temeraria
1273 2635 1329 2665 est
1354 2634 1392 2665 et
1413 2630 1524 2677 impin.

35 2676 241 2721 garrulitas.
306 2677 434 2722 quodsi
462 2678 632 2713 Danielus
662 2679 787 2724 angelo
821 2683 1013 2724 conspecto
1043 2675 1340 2723 pulchritudinem
1374 2676 1450 2712 eius
1484 2680 1524 2712 et

34 2723 312 2767 magnitudinem
346 2724 493 2758 miratus
528 2736 659 2770 pronus
685 2725 724 2760 in
752 2725 880 2760 faciem
905 2724 1111 2770 procubuit,
1147 2722 1520 2758 attonitus-inusitato

36 2769 263 2814 spectaculo,
287 2770 453 2815 quidnam
477 2772 716 2807 excusationis
739 2773 901 2815 afferent,
923 2771 985 2816 qui
1008 2771 1177 2806 audacter
1198 2781 1238 2804 se
1261 2769 1356 2815 patri
1377 2769 1452 2804 filio
1476 2780 1520 2805 ac

36 2815 180 2860 spiritui
199 2823 324 2852 sancto
348 2817 533 2862 ingerunt,
569 2818 857 2865 ineffabilemque
886 2823 1045 2853 naturam
1068 2816 1189 2852 verbis
1213 2816 1389 2852 trutinare
1411 2821 1522 2862 atque

36 2862 216 2908 explicare
239 2865 439 2899 conantur?
486 2871 644 2900 ceterum
664 2876 792 2902 sacrae
813 2865 942 2902 literae
964 2863 1135 2912 temporis
1165 2865 1347 2908 expertem
1400 2869 1519 2899 aeter-

93 2916 227 2965 Georg.
260 2917 436 2956 cedrenus
463 2922 545 2955 tom.
576 2918 607 2956 1.
1183 2911 1243 2954 83
