1742 3184
409 173 811 221 HISTORIARUM
844 177 1240 225 COMPENDIUM.
1470 182 1572 230 517

89 284 147 338 ὥς
170 286 257 331 ἴδια
277 291 337 347 τῷ
358 292 535 345 βασιλεῖ’.
600 288 859 345 θαυμάζοντι
884 291 930 335 δὲ
955 291 1068 352 αὐτῷ
1088 291 1167 353 ἔφη
1186 295 1254 337 καὶ
1274 293 1381 338 ἄλλα
1401 295 1470 338 διὰ
1493 301 1568 353 γῆς

87 357 358 413 προπέμψαι,
393 359 488 401 ἀλλ’
521 358 801 417 ἀφαιρεθῆναι
830 358 910 404 ὕπὸ
938 363 1130 420 Περσῶν.
1198 363 1347 422 γράφει
1369 360 1441 407 οὖν
1462 366 1568 408 ἀπο-

89 424 228 479 τόμως
262 428 573 479 Κωνσταντῖνος
602 430 709 487 πρὸς
737 429 967 487 Σαπῶρην,
1009 433 1289 489 ἀποσταλῆναι
1324 433 1429 477 αὐτά
1436 466 1451 487 ,
1498 436 1567 478 καὶ

88 493 309 549 δεξάμενος
344 497 417 540 οὐκ
454 498 749 542 ἀνταπίστειλε.
819 499 889 542 διὰ
916 504 1038 545 τοῦτο
1073 500 1204 558 ἐλύθη
1237 501 1264 559 ἡ
1301 501 1454 560 εῗρῆνη.
1523 505 1568 547 ἐκ

51 562 244 609 stobrum
275 559 348 608 οὖν
376 571 459 609 τῶν
490 569 621 610 λίθων
648 567 766 625 ἴργον
790 568 969 626 ποιήσας
994 568 1015 613 ὃ
1039 573 1235 625 βασιλεὺς
1254 572 1460 616 ἀπέστειλε
1482 579 1568 624 τοΐς

85 634 214 690 πέραν
238 639 312 677 τοῦ
339 636 600 690 Δαννουβίου
625 636 808 690 ἔθνεσιν,
841 637 1076 696 ἐπιγράψας
1094 645 1154 699 τῷ
1170 643 1320 697 μείζονι
1340 642 1387 685 τὸ
1407 643 1565 699 δῶρον·

85 701 184 760 ὅπερ
205 703 364 760 γε’γονεν
385 706 525 756 αὐτοῖς
543 707 721 764 ὀλέθρου
742 707 872 750 αἴτιον
895 710 964 751 διὰ
985 710 1060 765 τὴν
1081 709 1323 769 ἐπιγραφήν.
1392 713 1494 769 φασὶ
1519 711 1565 755 δὲ

85 773 213 815 αὐτὸν
243 778 407 830 πρῶτον
438 773 600 818 πάντων
628 781 709 819 τῶν
735 778 938 831 βασιλέων
969 778 1190 834 διαδήματι
1218 779 1462 837 χρήσασθαι
1493 783 1559 823 καὶ
1584 788 1615 824 C

82 843 356 899 μαργαρίταις
379 846 455 895 καὶι
477 844 617 896 ἄλλοις
638 847 774 897 λίθοις
794 847 1098 905 περιεργότερον
1113 854 1388 905 κοσμηθῆναι.
1455 850 1563 893 ἀλλὰ

27 921 73 957 10
84 912 151 953 καὶ
183 910 339 967 πτύχας
369 915 608 970 εὐαγγελίων
634 920 795 972 χρυσᾶς
823 916 1145 975 ὁιὰμαργάρων
1173 921 1240 962 καὶ
1271 921 1403 962 λίθων
1433 937 1564 963 κατα-

81 979 287 1032 σκευάσας
313 983 356 1024 ἓν
383 987 434 1040 τῇ
463 982 620 1040 μεγάλῃ
655 987 845 1045 ἐκκλησία
875 986 1132 1043 προσήγαγε,
1177 986 1398 1043 θαύματος
1431 988 1562 1039 ἀξίας.

80 1050 124 1092 ἓν
153 1048 287 1109 τούτῳ
314 1055 373 1109 τῷ
398 1051 537 1111 χρόνῳ
570 1054 639 1095 καὶ
670 1052 695 1110 ἦ
730 1053 824 1111 ἁγία
844 1057 912 1098 καὶ
931 1055 1119 1115 μακάρια
1134 1055 1275 1112 Ἑλένη
1295 1057 1399 1112 πρὸς
1420 1055 1562 1114 κύριον

79 1120 268 1174 ἓκὸημεῖ,
307 1122 409 1163 ἐτῶν
438 1117 543 1165 οὖσα
570 1120 627 1174 π’,
671 1126 739 1166 καὶ
773 1125 815 1166 ἓν
845 1129 904 1183 τῷ
936 1130 1021 1184 ναῷ
1053 1130 1135 1169 τῶν
1167 1124 1291 1182 ἁγίων
1323 1125 1561 1170 ἀποστόλων

78 1187 285 1231 θάπτεται
311 1188 476 1246 πρώτη,
511 1192 645 1233 πολλὰ
673 1197 732 1252 τῷ
762 1195 852 1253 ἰδίῳ
875 1194 952 1254 υἱῷ
972 1197 1061 1253 περὶ
1079 1199 1152 1251 τῆς
1171 1198 1226 1247 εἷς
1242 1195 1428 1253 Χριστὸν
1447 1197 1562 1239 εὗσε-

23 1265 68 1302 15
78 1258 196 1312 βείας
216 1261 536 1316 παραγγείλασα.

219 1332 295 1386 Τῷ
328 1327 394 1383 κβ’
422 1329 500 1373 ἔτει
523 1330 833 1380 Κωνσταντῖνος
854 1329 876 1374 ὅ
901 1330 1191 1386 εὐσεβέστατος
1211 1331 1316 1375 κατὰ
1336 1334 1561 1390 Γερμανῶν

77 1398 145 1439 καὶ
176 1399 462 1454 Σαυροματῶν
488 1401 556 1441 καὶ
585 1401 627 1440 Γ
625 1398 763 1442 ότθων
795 1400 1047 1458 στρατεύσας
1077 1403 1190 1457 νίκην
1210 1402 1339 1459 ἤρατο
1359 1401 1561 1459 κραταιὰν

77 1466 147 1508 διὰ
179 1471 253 1521 τῆς
279 1471 354 1510 τοῦ
385 1473 565 1524 σταυροῦ
594 1468 829 1524 δυνάμεως,
862 1472 929 1512 καὶ
961 1469 1132 1521 τούτους
1158 1473 1214 1521 εἷς
1239 1469 1413 1526 ἐσχάτην
1434 1470 1560 1527 ἤγαγε

76 1537 278 1578 δουλείαν.
348 1540 415 1580 καὶ
441 1536 663 1595 Δρεπανᾶν
690 1538 761 1581 τὸν
789 1541 830 1580 ἓν
858 1541 1115 1600 Νικομηόείᾳ
1135 1541 1341 1590 ἐπικτίσας
1360 1542 1416 1590 εἷς
1433 1539 1557 1596 τιμὴν
1577 1547 1611 1583 D

14 1606 319 1649 ΞΟΛουκιανοῦ
336 1612 410 1650 τοῦ
429 1608 553 1652 ἐκεῖσε
573 1606 914 1666 μαρτυρήσαντος
926 1607 1208 1652 Ἑλενούπολιν
1225 1610 1298 1652 διὰ
1309 1609 1383 1665 τὴν
1399 1610 1560 1668 μητέρα

73 1673 276 1719 ἐκάλεσεν.

213 1749 258 1787 Τ
255 1749 289 1803 ῷ
312 1743 374 1802 κγ’
397 1747 464 1788 καὶ
489 1743 527 1788 δ’
547 1747 616 1788 καὶ
638 1743 668 1788 ε’
690 1745 768 1789 ἔτει
790 1747 837 1789 τὸ
861 1747 904 1790 ἓν
918 1746 1140 1806 Ἀντιοχείᾳ
1160 1744 1391 1803 ὄκτάγωνον
1413 1763 1560 1804 κυρια-

73 1812 147 1856 κόν
182 1812 336 1872 ἤρξατο
374 1817 698 1870 οἰκοδομεῖσθαι.
768 1817 836 1859 καὶ
877 1817 1002 1867 αὐτὸς
1031 1816 1103 1860 τὸν
1133 1814 1346 1869 Δάνουβιν
1376 1813 1560 1872 περάσας

71 1884 256 1942 γέφυραν
285 1886 328 1927 ἓν
359 1885 472 1944 αὐτῷ
499 1887 662 1941 λιθίνην
691 1887 906 1942 πεποίηκε,
951 1888 1020 1929 καὶ
1049 1885 1146 1936 τοὺς
1173 1884 1348 1935 Σκύθας
1371 1882 1559 1939 ὑπέταξε,

70 1992 116 2028 de
139 2003 205 2027 suo
230 2004 274 2027 ea
294 1992 373 2038 regi
397 1992 546 2035 obtulit3
582 1993 796 2039 mirantique
826 1994 895 2029 alia
920 2006 1063 2040 quoque
1084 1998 1182 2030 terra
1203 2006 1243 2028 se
1269 1993 1433 2029 attulisse
1455 1993 1559 2039 dixit,

69 2039 134 2074 sed
159 2050 203 2073 ea
227 2039 298 2073 sibi
322 2051 344 2073 a
366 2039 487 2074 Persis
514 2040 690 2085 adempta.
739 2041 860 2086 itaque
885 2041 1139 2076 Constantinus
1161 2052 1287 2075 severe
1310 2040 1442 2085 Sapori
1466 2041 1558 2074 scri-

69 2085 144 2130 bit,
168 2085 260 2119 mitti
283 2085 354 2119 sibi
377 2097 421 2120 ea
444 2086 647 2131 postulans,
673 2093 710 2121 et
732 2094 877 2133 accepta
901 2100 971 2123 non
994 2087 1144 2122 remisit.
1192 2087 1274 2121 ideo
1298 2098 1369 2132 pax
1389 2085 1556 2121 dissiluit.

67 2132 125 2167 his
151 2144 194 2166 ex
217 2131 395 2176 lapidibus
423 2144 511 2177 opus
535 2133 689 2167 confecit
710 2133 923 2180 imperator,
957 2134 1123 2178 misitque
1148 2132 1289 2179 populis
1311 2139 1409 2166 trans
1435 2132 1557 2167 Danu-

68 2179 164 2214 bium
186 2178 387 2213 colentibus
408 2190 552 2213 munere
575 2179 609 2213 ei
629 2179 690 2224 qui
714 2180 843 2214 ceteris
867 2186 1068 2227 praestaret
1090 2180 1275 2224 inscripto.
1311 2190 1404 2223 quae
1426 2178 1557 2213 inscri-

66 2225 144 2272 ptio
179 2225 340 2259 barbaris
372 2224 524 2260 exitiosa
552 2225 631 2259 fuit.
682 2226 803 2262 ferunt
833 2239 911 2261 eum
943 2227 1090 2272 primum
1123 2227 1273 2260 omnium
1304 2224 1556 2270 imperatorum

66 2271 267 2306 diademate
306 2282 405 2306 usum
444 2272 716 2317 margaritisque
754 2279 791 2308 et
826 2274 972 2318 gemmis
1009 2272 1195 2317 superbius
1231 2271 1343 2306 fuisse
1379 2277 1553 2306 ornatum.

66 2317 154 2364 quin
191 2324 228 2353 et
258 2329 367 2352 aurea
400 2318 660 2361 evangeliorum
693 2319 872 2354 volumina
903 2319 1091 2353 unionibus
1114 2324 1150 2353 et
1173 2317 1341 2364 pretiosis
1374 2316 1554 2362 lapidibus

67 2370 194 2399 ornata
228 2364 402 2410 confecit,
438 2364 546 2409 inque
581 2377 707 2409 magno
739 2366 870 2413 templo
904 2366 1045 2411 posuit,
1081 2365 1190 2410 digna
1216 2363 1458 2398 admiratione.
1508 2374 1552 2398 eo

64 2417 227 2456 tempore
261 2411 367 2445 etiam
401 2419 526 2445 sancta
561 2418 666 2457 atque
699 2413 803 2447 beata
835 2413 975 2447 Helena
1008 2412 1052 2445 ad
1082 2411 1259 2445 dominum
1294 2409 1552 2455 commigravit,

65 2469 178 2492 annos
208 2462 292 2491 nata
322 2459 385 2501 80,
425 2469 466 2491 ac
488 2457 601 2503 prima
630 2458 780 2493 omnium
809 2465 865 2494 est
894 2459 931 2493 in
963 2457 1093 2504 templo
1124 2456 1363 2504 apostolorum
1394 2456 1548 2504 sepulta.

66 2511 150 2539 ante
173 2505 306 2537 obitum
332 2503 436 2537 multa
461 2503 504 2537 de
528 2504 661 2548 pietate
684 2505 756 2539 filio
780 2511 1022 2551 praeceperat.

51 2558 54 2560 “
158 2550 261 2584 Anno
292 2551 340 2585 22
376 2551 630 2584 Constantinus
662 2552 759 2586 facta
794 2551 832 2586 in
859 2554 1056 2586 Germanos
1079 2550 1308 2585 Sauromatas
1334 2553 1372 2584 et
1393 2548 1549 2584 Gotthos

66 2595 297 2641 expeditione
325 2597 440 2631 crucis
473 2596 511 2630 vi
540 2609 699 2642 magnam
734 2598 935 2643 reportavit
965 2597 1171 2641 victoriam,
1205 2608 1264 2631 eas
1291 2607 1335 2630 ue
1358 2601 1487 2641 gentes
1508 2594 1548 2630 in

66 2642 275 2678 servitutem
299 2643 386 2688 egit.
434 2643 633 2688 Drepanam
658 2656 801 2689 quoque
820 2645 913 2691 apud
936 2643 1179 2678 Nicomediam
1208 2643 1247 2677 in
1302 2653 1446 2677 onorem
1469 2641 1545 2676 Lu-

67 2688 183 2733 ciani,
214 2689 277 2733 qui
302 2689 356 2723 ibi
378 2689 523 2735 capitali
545 2690 719 2735 supplicio
740 2691 887 2726 veritati
907 2690 1144 2725 testimonium
1176 2688 1423 2735 perhibuerat,
1458 2699 1545 2723 con-

65 2735 178 2779 didit,
204 2743 241 2769 et
261 2747 283 2770 a
305 2742 416 2771 matre
434 2736 668 2783 Helenopoiin
690 2738 896 2782 appellavit.

157 2781 272 2816 Annis
294 2783 361 2827 23,
384 2782 431 2817 24
455 2788 490 2817 et
514 2784 558 2818 25
582 2784 801 2818 Antiocheae
822 2782 989 2828 templum
1012 2781 1233 2827 octangulum
1255 2780 1437 2817 aedificari
1459 2793 1544 2817 coe-

65 2832 163 2873 ptum
189 2834 256 2863 est.
305 2829 558 2864 Constantinus
579 2830 744 2864 Danubio
774 2830 926 2865 traiecto
955 2835 1064 2876 ponte
1094 2840 1172 2863 eum
1203 2827 1343 2874 lapideo
1366 2828 1546 2874 instravit,

64 2875 223 2921 Scythas
243 2876 399 2922 subegit.
446 2877 562 2912 forum
585 2877 908 2923 quoquefcondidit
928 2887 1006 2912 cum
1032 2875 1127 2911 binis
1150 2874 1276 2922 amplis
1298 2875 1448 2919 rost-rin
1480 2887 1543 2911 eo-
