<?xml version="1.0" encoding="UTF-8"?>
<!DOCTYPE html PUBLIC "-//W3C//DTD XHTML 1.0 Transitional//EN"
    "http://www.w3.org/TR/xhtml1/DTD/xhtml1-transitional.dtd">
<html xmlns="http://www.w3.org/1999/xhtml" xml:lang="en" lang="en">
 <head>
  <title>
</title>
<meta http-equiv="Content-Type" content="text/html;charset=utf-8" />
  <meta name='ocr-system' content='tesseract 3.04.00' />
  <meta name='ocr-capabilities' content='ocr_page ocr_carea ocr_par ocr_line ocrx_word'/>
</head>
<body>
  <div class='ocr_page' id='page_1' title='image "./corpusscriptorum13niebuoft_0260.png"; bbox 0 0 1742 3184; ppageno 0'>
   <div class='ocr_carea' id='block_1_1' title="bbox 181 202 1183 250">
    <p class='ocr_par' dir='ltr' id='par_1_1' title="bbox 181 202 1183 250">
     <span class='ocr_line' id='line_1_1' title="bbox 181 202 1183 250; baseline -0.004 0"><span class='ocrx_word' id='word_1_1' title='bbox 181 203 282 250; x_wconf 78' lang='lat'>236</span> <span class='ocrx_word' id='word_1_2' title='bbox 667 203 908 248; x_wconf 89' lang='lat' dir='ltr'>GEORGII</span> <span class='ocrx_word' id='word_1_3' title='bbox 935 202 1183 248; x_wconf 89' lang='lat' dir='ltr'>GEDRENI</span> 
     </span>
    </p>
   </div>
   <div class='ocr_carea' id='block_1_2' title="bbox 51 315 1742 1908">
    <p class='ocr_par' dir='ltr' id='par_1_2' title="bbox 51 315 1742 1908">
     <span class='ocr_line' id='line_1_2' title="bbox 180 315 1669 377; baseline -0.001 -14"><span class='ocrx_word' id='word_1_4' title='bbox 180 321 271 364; x_wconf 81' lang='grc' dir='ltr'><strong><em>τίνα</em></strong></span> <span class='ocrx_word' id='word_1_5' title='bbox 290 319 336 363; x_wconf 76' lang='grc' dir='ltr'><strong><em>δὲ</em></strong></span> <span class='ocrx_word' id='word_1_6' title='bbox 355 317 531 375; x_wconf 49' lang='lat' dir='ltr'>‘duras&#39;</span> <span class='ocrx_word' id='word_1_7' title='bbox 563 317 912 377; x_wconf 74' lang='grc' dir='ltr'><strong><em>“Ἀγαμέμνων”</em></strong></span> <span class='ocrx_word' id='word_1_8' title='bbox 949 316 1032 362; x_wconf 71' lang='grc' dir='ltr'><strong><em>εἷπε</em></strong></span> <span class='ocrx_word' id='word_1_9' title='bbox 1059 315 1255 377; x_wconf 77' lang='grc' dir='ltr'><strong><em>“πρῴην,</em></strong></span> <span class='ocrx_word' id='word_1_10' title='bbox 1297 317 1397 375; x_wconf 76' lang='grc' dir='ltr'><strong><em>γυνὴ</em></strong></span> <span class='ocrx_word' id='word_1_11' title='bbox 1420 318 1466 362; x_wconf 76' lang='grc' dir='ltr'><strong><em>δὲ</em></strong></span> <span class='ocrx_word' id='word_1_12' title='bbox 1485 319 1669 363; x_wconf 58' lang='lat' dir='ltr'>Kastra:-</span> 
     </span>
     <span class='ocr_line' id='line_1_3' title="bbox 181 387 1672 447; baseline -0.002 -14"><span class='ocrx_word' id='word_1_13' title='bbox 181 389 394 447; x_wconf 78' lang='grc' dir='ltr'><strong><em>μνήστρα,</em></strong></span> <span class='ocrx_word' id='word_1_14' title='bbox 430 390 548 433; x_wconf 74' lang='grc' dir='ltr'><strong><em>τέκνα</em></strong></span> <span class='ocrx_word' id='word_1_15' title='bbox 579 391 628 433; x_wconf 81' lang='grc' dir='ltr'><strong><em>δέ</em></strong></span> <span class='ocrx_word' id='word_1_16' title='bbox 661 390 700 433; x_wconf 79' lang='grc' dir='ltr'>οἳ</span> <span class='ocrx_word' id='word_1_17' title='bbox 725 390 922 447; x_wconf 71' lang='grc' dir='ltr'><strong><em>Ὀρέστης</em></strong></span> <span class='ocrx_word' id='word_1_18' title='bbox 952 391 1020 432; x_wconf 81' lang='grc' dir='ltr'>καὶ</span> <span class='ocrx_word' id='word_1_19' title='bbox 1045 388 1249 445; x_wconf 76' lang='grc' dir='ltr'><strong><em>Ἠλέκτρα</em></strong></span> <span class='ocrx_word' id='word_1_20' title='bbox 1275 390 1343 431; x_wconf 84' lang='grc' dir='ltr'>καὶ</span> <span class='ocrx_word' id='word_1_21' title='bbox 1363 389 1608 447; x_wconf 75' lang='grc' dir='ltr'><strong><em>Ἰφιγένεια,</em></strong></span> <span class='ocrx_word' id='word_1_22' title='bbox 1643 387 1672 444; x_wconf 74' lang='grc' dir='ltr'>ἢ</span> 
     </span>
     <span class='ocr_line' id='line_1_4' title="bbox 185 456 1671 518; baseline -0.001 -15"><span class='ocrx_word' id='word_1_23' title='bbox 185 458 241 511; x_wconf 79' lang='grc' dir='ltr'><strong><em>ὥς</em></strong></span> <span class='ocrx_word' id='word_1_24' title='bbox 271 460 431 516; x_wconf 72' lang='grc' dir='ltr'><strong><em>λέγουσι</em></strong></span> <span class='ocrx_word' id='word_1_25' title='bbox 460 460 593 503; x_wconf 85' lang='grc' dir='ltr'><strong><em>θυσία</em></strong></span> <span class='ocrx_word' id='word_1_26' title='bbox 620 459 844 518; x_wconf 76' lang='grc' dir='ltr'><strong><em>Ἀρτέμιδι</em></strong></span> <span class='ocrx_word' id='word_1_27' title='bbox 876 457 1123 516; x_wconf 76' lang='grc' dir='ltr'><strong><em>προσήχθη,</em></strong></span> <span class='ocrx_word' id='word_1_28' title='bbox 1178 458 1379 516; x_wconf 80' lang='grc' dir='ltr'><strong><em>ῥυσθεΐσα</em></strong></span> <span class='ocrx_word' id='word_1_29' title='bbox 1412 459 1456 501; x_wconf 75' lang='grc' dir='ltr'><strong><em>δὲ</em></strong></span> <span class='ocrx_word' id='word_1_30' title='bbox 1484 456 1564 501; x_wconf 66' lang='grc' dir='ltr'><strong><em>ὕπὸ</em></strong></span> <span class='ocrx_word' id='word_1_31' title='bbox 1598 463 1671 513; x_wconf 80' lang='grc' dir='ltr'>τῆς</span> 
     </span>
     <span class='ocr_line' id='line_1_5' title="bbox 183 526 1671 587; baseline -0.002 -15"><span class='ocrx_word' id='word_1_32' title='bbox 183 534 290 573; x_wconf 81' lang='grc' dir='ltr'><strong><em>θεοῦ</em></strong></span> <span class='ocrx_word' id='word_1_33' title='bbox 318 530 393 580; x_wconf 69' lang='grc' dir='ltr'><strong><em>ἕως</em></strong></span> <span class='ocrx_word' id='word_1_34' title='bbox 420 528 513 587; x_wconf 76' lang='grc' dir='ltr'><strong><em>ἄρτι</em></strong></span> <span class='ocrx_word' id='word_1_35' title='bbox 542 533 620 571; x_wconf 82' lang='grc' dir='ltr'><strong><em>ποῦ</em></strong></span> <span class='ocrx_word' id='word_1_36' title='bbox 651 530 758 572; x_wconf 74' lang='grc' dir='ltr'><strong><em>ἐστὶν</em></strong></span> <span class='ocrx_word' id='word_1_37' title='bbox 787 529 863 571; x_wconf 76' lang='grc' dir='ltr'>οὐκ</span> <span class='ocrx_word' id='word_1_38' title='bbox 883 527 1095 584; x_wconf 73' lang='grc' dir='ltr'><strong><em>ἐγνώσθη·</em></strong></span> <span class='ocrx_word' id='word_1_39' title='bbox 1132 527 1220 583; x_wconf 69' lang='grc' dir='ltr'><strong><em>ἔσχε</em></strong></span> <span class='ocrx_word' id='word_1_40' title='bbox 1245 528 1290 570; x_wconf 77' lang='grc' dir='ltr'><strong><em>δὲ</em></strong></span> <span class='ocrx_word' id='word_1_41' title='bbox 1310 529 1379 571; x_wconf 84' lang='grc' dir='ltr'>καὶ</span> <span class='ocrx_word' id='word_1_42' title='bbox 1396 526 1671 585; x_wconf 68' lang='grc' dir='ltr'><strong><em>Χρυσόθεμιν</em></strong></span> 
     </span>
     <span class='ocr_line' id='line_1_6' title="bbox 186 595 1705 656; baseline -0.002 -14"><span class='ocrx_word' id='word_1_43' title='bbox 186 601 255 642; x_wconf 83' lang='grc' dir='ltr'>καὶ</span> <span class='ocrx_word' id='word_1_44' title='bbox 276 599 497 654; x_wconf 80' lang='grc' dir='ltr'><em>Λαοδίκην</em></span> <span class='ocrx_word' id='word_1_45' title='bbox 521 598 803 656; x_wconf 74' lang='grc' dir='ltr'><strong><em>θυγατέρας.”</em></strong></span> <span class='ocrx_word' id='word_1_46' title='bbox 839 595 866 653; x_wconf 80' lang='grc' dir='ltr'><strong><em>ἦ</em></strong></span> <span class='ocrx_word' id='word_1_47' title='bbox 890 599 934 640; x_wconf 77' lang='grc' dir='ltr'><strong><em>δὲ</em></strong></span> <span class='ocrx_word' id='word_1_48' title='bbox 953 596 1167 641; x_wconf 77' lang='grc' dir='ltr'><strong><em>ἀκούσασα</em></strong></span> <span class='ocrx_word' id='word_1_49' title='bbox 1189 596 1339 640; x_wconf 75' lang='grc' dir='ltr'><strong><em>κελεύει</em></strong></span> <span class='ocrx_word' id='word_1_50' title='bbox 1357 601 1502 640; x_wconf 82' lang='grc' dir='ltr'><strong><em>τοῦτον</em></strong></span> <span class='ocrx_word' id='word_1_51' title='bbox 1525 597 1705 640; x_wconf 83' lang='grc' dir='ltr'><strong><em>αὕτίκα5</em></strong></span> 
     </span>
     <span class='ocr_line' id='line_1_7' title="bbox 186 665 1674 725; baseline -0.001 -14"><span class='ocrx_word' id='word_1_52' title='bbox 186 672 366 723; x_wconf 75' lang='grc' dir='ltr'><strong><em>λυθῆναι</em></strong></span> <span class='ocrx_word' id='word_1_53' title='bbox 386 672 467 711; x_wconf 72' lang='grc' dir='ltr'>τῶν</span> <span class='ocrx_word' id='word_1_54' title='bbox 487 670 663 722; x_wconf 85' lang='grc' dir='ltr'><strong><em>δεσμῶν.</em></strong></span> <span class='ocrx_word' id='word_1_55' title='bbox 736 669 806 710; x_wconf 81' lang='grc' dir='ltr'>καὶ</span> <span class='ocrx_word' id='word_1_56' title='bbox 835 665 1037 724; x_wconf 81' lang='grc' dir='ltr'><strong><em>γράψασα</em></strong></span> <span class='ocrx_word' id='word_1_57' title='bbox 1059 668 1251 722; x_wconf 77' lang='grc' dir='ltr'><strong><em>δίπτυχον</em></strong></span> <span class='ocrx_word' id='word_1_58' title='bbox 1279 667 1518 710; x_wconf 74' lang='grc' dir='ltr'><strong><em>ἐπιδέδωκεν</em></strong></span> <span class='ocrx_word' id='word_1_59' title='bbox 1547 667 1674 725; x_wconf 76' lang='grc' dir='ltr'><strong><em>αὐτῷ’,</em></strong></span> 
     </span>
     <span class='ocr_line' id='line_1_8' title="bbox 135 735 1680 794; baseline -0.003 -12"><span class='ocrx_word' id='word_1_60' title='bbox 135 746 169 782; x_wconf 83' lang='lat' dir='ltr'>D</span> <span class='ocrx_word' id='word_1_61' title='bbox 193 740 366 781; x_wconf 77' lang='grc' dir='ltr'><strong><em>εἰποῦσα</em></strong></span> <span class='ocrx_word' id='word_1_62' title='bbox 389 736 511 780; x_wconf 54' lang='lat' dir='ltr'>“Mola</span> <span class='ocrx_word' id='word_1_63' title='bbox 541 737 587 779; x_wconf 84' lang='grc' dir='ltr'>τὸ</span> <span class='ocrx_word' id='word_1_64' title='bbox 620 739 689 791; x_wconf 81' lang='grc' dir='ltr'>ζῆν</span> <span class='ocrx_word' id='word_1_65' title='bbox 718 754 783 780; x_wconf 94' lang='grc' dir='ltr'>σοι</span> <span class='ocrx_word' id='word_1_66' title='bbox 812 735 837 791; x_wconf 77' lang='grc' dir='ltr'><strong><em>ἦ</em></strong></span> <span class='ocrx_word' id='word_1_67' title='bbox 865 737 966 788; x_wconf 81' lang='grc' dir='ltr'><strong><em>θεὸς</em></strong></span> <span class='ocrx_word' id='word_1_68' title='bbox 989 740 1179 794; x_wconf 80' lang='grc' dir='ltr'><strong><em>δωρεῖται</em></strong></span> <span class='ocrx_word' id='word_1_69' title='bbox 1203 738 1260 779; x_wconf 78' lang='grc' dir='ltr'>δι’</span> <span class='ocrx_word' id='word_1_70' title='bbox 1286 738 1401 791; x_wconf 69' lang='grc' dir='ltr'><strong><em>ἐμοῦ.</em></strong></span> <span class='ocrx_word' id='word_1_71' title='bbox 1473 735 1680 791; x_wconf 76' lang='grc' dir='ltr'><strong><em>ε’πόμνυθί</em></strong></span> 
     </span>
     <span class='ocr_line' id='line_1_9' title="bbox 188 805 1676 864; baseline -0.003 -14"><span class='ocrx_word' id='word_1_72' title='bbox 188 824 262 863; x_wconf 90' lang='grc' dir='ltr'><strong><em>μοι</em></strong></span> <span class='ocrx_word' id='word_1_73' title='bbox 286 806 382 850; x_wconf 76' lang='grc' dir='ltr'><strong><em>κατ’</em></strong></span> <span class='ocrx_word' id='word_1_74' title='bbox 408 806 535 862; x_wconf 78' lang='grc' dir='ltr'><strong><em>αὐτῆς</em></strong></span> <span class='ocrx_word' id='word_1_75' title='bbox 557 805 619 849; x_wconf 83' lang='grc' dir='ltr'>ὅτι</span> <span class='ocrx_word' id='word_1_76' title='bbox 648 806 695 850; x_wconf 86' lang='grc' dir='ltr'>τὸ</span> <span class='ocrx_word' id='word_1_77' title='bbox 729 807 923 861; x_wconf 81' lang='grc' dir='ltr'><strong><em>δίπτυχον</em></strong></span> <span class='ocrx_word' id='word_1_78' title='bbox 942 811 1063 850; x_wconf 77' lang='grc' dir='ltr'><strong><em>τοῦτο</em></strong></span> <span class='ocrx_word' id='word_1_79' title='bbox 1083 808 1273 857; x_wconf 71' lang='grc' dir='ltr'><strong><em>ἐπιδίδως</em></strong></span> <span class='ocrx_word' id='word_1_80' title='bbox 1292 811 1350 864; x_wconf 74' lang='grc' dir='ltr'>τῷ</span> <span class='ocrx_word' id='word_1_81' title='bbox 1364 807 1571 864; x_wconf 75' lang='grc' dir='ltr'><strong><em>Ὀρέστῃ,</em></strong></span> <span class='ocrx_word' id='word_1_82' title='bbox 1608 807 1676 848; x_wconf 85' lang='grc' dir='ltr'>καὶ</span> 
     </span>
     <span class='ocr_line' id='line_1_10' title="bbox 189 873 1675 933; baseline -0.001 -14"><span class='ocrx_word' id='word_1_83' title='bbox 189 879 365 931; x_wconf 74' lang='grc' dir='ltr'><strong><em>κομίζεις</em></strong></span> <span class='ocrx_word' id='word_1_84' title='bbox 395 893 467 930; x_wconf 86' lang='grc' dir='ltr'><strong><em>μοι</em></strong></span> <span class='ocrx_word' id='word_1_85' title='bbox 499 877 602 933; x_wconf 73' lang='grc' dir='ltr'><strong><em>παρ’</em></strong></span> <span class='ocrx_word' id='word_1_86' title='bbox 639 876 768 919; x_wconf 80' lang='grc' dir='ltr'><strong><em>αὐτοῦ</em></strong></span> <span class='ocrx_word' id='word_1_87' title='bbox 798 874 1069 933; x_wconf 58' lang='grc' dir='ltr'><strong><em>7’ρά,ιι,ιιατα.”</em></strong></span> <span class='ocrx_word' id='word_1_88' title='bbox 1154 873 1176 918; x_wconf 82' lang='grc' dir='ltr'><strong>ὅ</strong></span> <span class='ocrx_word' id='word_1_89' title='bbox 1210 877 1254 919; x_wconf 73' lang='grc' dir='ltr'><strong><em>δὲ</em></strong></span> <span class='ocrx_word' id='word_1_90' title='bbox 1285 874 1496 930; x_wconf 73' lang='grc' dir='ltr'><strong><em>ἐπώμνυτο</em></strong></span> <span class='ocrx_word' id='word_1_91' title='bbox 1530 878 1598 918; x_wconf 86' lang='grc' dir='ltr'>καὶ</span> <span class='ocrx_word' id='word_1_92' title='bbox 1628 875 1675 918; x_wconf 81' lang='grc' dir='ltr'>τὸ</span> 
     </span>
     <span class='ocr_line' id='line_1_11' title="bbox 189 943 1736 1004; baseline -0.002 -16"><span class='ocrx_word' id='word_1_93' title='bbox 189 946 363 1004; x_wconf 81' lang='grc' dir='ltr'><strong><em>γράμμα</em></strong></span> <span class='ocrx_word' id='word_1_94' title='bbox 387 943 546 988; x_wconf 86' lang='grc' dir='ltr'><strong><em>διδόναι</em></strong></span> <span class='ocrx_word' id='word_1_95' title='bbox 569 946 684 1004; x_wconf 74' lang='grc' dir='ltr'><strong><em>αὐτῷ’</em></strong></span> <span class='ocrx_word' id='word_1_96' title='bbox 711 948 768 996; x_wconf 80' lang='grc' dir='ltr'>εἷς</span> <span class='ocrx_word' id='word_1_97' title='bbox 785 952 929 1003; x_wconf 77' lang='grc' dir='ltr'><strong><em>χεῖρας</em></strong></span> <span class='ocrx_word' id='word_1_98' title='bbox 956 948 1023 989; x_wconf 80' lang='grc' dir='ltr'>καὶ</span> <span class='ocrx_word' id='word_1_99' title='bbox 1056 945 1180 989; x_wconf 74' lang='grc' dir='ltr'><strong><em>αὐτὸν</em></strong></span> <span class='ocrx_word' id='word_1_100' title='bbox 1209 944 1318 1002; x_wconf 76' lang='grc' dir='ltr'><strong><em>ἄγειν</em></strong></span> <span class='ocrx_word' id='word_1_101' title='bbox 1342 945 1548 1004; x_wconf 70' lang='grc' dir='ltr'><strong><em>Ὀρέστην</em></strong></span> <span class='ocrx_word' id='word_1_102' title='bbox 1574 945 1678 1003; x_wconf 85' lang='grc' dir='ltr'><strong><em>πρὸς</em></strong></span> <span class='ocrx_word' id='word_1_103' title='bbox 1691 949 1736 986; x_wconf 85' lang='grc'>10</span> 
     </span>
     <span class='ocr_line' id='line_1_12' title="bbox 193 1014 1681 1073; baseline -0.001 -15"><span class='ocrx_word' id='word_1_104' title='bbox 193 1014 336 1071; x_wconf 74' lang='grc' dir='ltr'><strong><em>αὐτήν.</em></strong></span> <span class='ocrx_word' id='word_1_105' title='bbox 407 1015 586 1073; x_wconf 77' lang='grc' dir='ltr'><strong><em>εἰληφὼς</em></strong></span> <span class='ocrx_word' id='word_1_106' title='bbox 613 1016 658 1058; x_wconf 75' lang='grc' dir='ltr'><strong><em>δὲ</em></strong></span> <span class='ocrx_word' id='word_1_107' title='bbox 685 1015 731 1058; x_wconf 82' lang='grc' dir='ltr'>τὸ</span> <span class='ocrx_word' id='word_1_108' title='bbox 760 1017 954 1070; x_wconf 81' lang='grc' dir='ltr'><strong><em>δίπτυχον</em></strong></span> <span class='ocrx_word' id='word_1_109' title='bbox 982 1016 1131 1071; x_wconf 73' lang='grc' dir='ltr'><strong><em>ἐξῆλθε</em></strong></span> <span class='ocrx_word' id='word_1_110' title='bbox 1159 1019 1233 1058; x_wconf 83' lang='grc' dir='ltr'>τοῦ</span> <span class='ocrx_word' id='word_1_111' title='bbox 1263 1014 1396 1072; x_wconf 78' lang='grc' dir='ltr'><strong><em>ἶεροῦ,</em></strong></span> <span class='ocrx_word' id='word_1_112' title='bbox 1444 1017 1513 1058; x_wconf 85' lang='grc' dir='ltr'>καὶ</span> <span class='ocrx_word' id='word_1_113' title='bbox 1545 1015 1681 1058; x_wconf 78' lang='grc' dir='ltr'><strong><em>ἒλθιὺν</em></strong></span> 
     </span>
     <span class='ocr_line' id='line_1_13' title="bbox 194 1083 1682 1143; baseline -0.002 -15"><span class='ocrx_word' id='word_1_114' title='bbox 194 1083 298 1128; x_wconf 79' lang='grc' dir='ltr'><strong><em>ὅπου</em></strong></span> <span class='ocrx_word' id='word_1_115' title='bbox 324 1085 531 1141; x_wconf 76' lang='grc' dir='ltr'><strong><em>Ὀρέστης</em></strong></span> <span class='ocrx_word' id='word_1_116' title='bbox 553 1085 792 1143; x_wconf 78' lang='grc' dir='ltr'><strong><em>ἕφρουρεῖτο</em></strong></span> <span class='ocrx_word' id='word_1_117' title='bbox 816 1084 996 1142; x_wconf 80' lang='grc' dir='ltr'><strong><em>ᾐτήσατο</em></strong></span> <span class='ocrx_word' id='word_1_118' title='bbox 1029 1086 1126 1136; x_wconf 74' lang='grc' dir='ltr'><strong><em>τοὺς</em></strong></span> <span class='ocrx_word' id='word_1_119' title='bbox 1157 1084 1366 1143; x_wconf 77' lang='grc' dir='ltr'><strong><em>φρουροὺς</em></strong></span> <span class='ocrx_word' id='word_1_120' title='bbox 1383 1083 1577 1137; x_wconf 79' lang='grc' dir='ltr'><strong><em>Σκύθας,</em></strong></span> <span class='ocrx_word' id='word_1_121' title='bbox 1613 1085 1682 1126; x_wconf 85' lang='grc' dir='ltr'>καὶ</span> 
     </span>
     <span class='ocr_line' id='line_1_14' title="bbox 197 1152 1684 1211; baseline -0.001 -14"><span class='ocrx_word' id='word_1_122' title='bbox 197 1155 395 1198; x_wconf 79' lang='grc' dir='ltr'><strong><em>εἴσελθιὺν</em></strong></span> <span class='ocrx_word' id='word_1_123' title='bbox 421 1154 605 1197; x_wconf 77' lang='grc' dir='ltr'><strong><em>ἐπεδίδου</em></strong></span> <span class='ocrx_word' id='word_1_124' title='bbox 629 1155 702 1210; x_wconf 79' lang='grc' dir='ltr'><strong><em>τὴν</em></strong></span> <span class='ocrx_word' id='word_1_125' title='bbox 731 1154 885 1209; x_wconf 78' lang='grc' dir='ltr'><strong><em>πυκτὴν</em></strong></span> <span class='ocrx_word' id='word_1_126' title='bbox 913 1153 1044 1206; x_wconf 76' lang='grc' dir='ltr'><strong><em>οὕτως</em></strong></span> <span class='ocrx_word' id='word_1_127' title='bbox 1069 1153 1192 1197; x_wconf 79' lang='grc' dir='ltr'><strong><em>εἴπιόν</em></strong></span> <span class='ocrx_word' id='word_1_128' title='bbox 1222 1152 1247 1168; x_wconf 80' lang='lat'>“</span> <span class='ocrx_word' id='word_1_129' title='bbox 1263 1155 1329 1196; x_wconf 80' lang='grc' dir='ltr'><strong><em>ἴθι</em></strong></span> <span class='ocrx_word' id='word_1_130' title='bbox 1357 1154 1404 1197; x_wconf 86' lang='grc' dir='ltr'>τὸ</span> <span class='ocrx_word' id='word_1_131' title='bbox 1427 1153 1552 1209; x_wconf 83' lang='grc' dir='ltr'><strong><em>τάχος</em></strong></span> <span class='ocrx_word' id='word_1_132' title='bbox 1580 1154 1684 1211; x_wconf 82' lang='grc' dir='ltr'><strong><em>πρὸς</em></strong></span> 
     </span>
     <span class='ocr_line' id='line_1_15' title="bbox 195 1219 1685 1282; baseline -0.001 -16"><span class='ocrx_word' id='word_1_133' title='bbox 195 1224 440 1282; x_wconf 76' lang='grc' dir='ltr'><strong><em>Ἰφιγένειαν</em></strong></span> <span class='ocrx_word' id='word_1_134' title='bbox 463 1223 537 1279; x_wconf 78' lang='grc' dir='ltr'>τὴν</span> <span class='ocrx_word' id='word_1_135' title='bbox 557 1224 636 1279; x_wconf 80' lang='grc' dir='ltr'><strong><em>σὴν</em></strong></span> <span class='ocrx_word' id='word_1_136' title='bbox 659 1222 889 1281; x_wconf 76' lang='grc' dir='ltr'><strong><em>ἀδελφήν.”</em></strong></span> <span class='ocrx_word' id='word_1_137' title='bbox 937 1223 1077 1279; x_wconf 59' lang='grc' dir='ltr'><strong><em>ἔζιιενον</em></strong></span> <span class='ocrx_word' id='word_1_138' title='bbox 1099 1219 1169 1267; x_wconf 73' lang='grc' dir='ltr'>οὖν</span> <span class='ocrx_word' id='word_1_139' title='bbox 1190 1225 1313 1267; x_wconf 59' lang='grc' dir='ltr'><strong><em>εἶννεοὶ</em></strong></span> <span class='ocrx_word' id='word_1_140' title='bbox 1335 1224 1373 1266; x_wconf 81' lang='grc' dir='ltr'>οἳ</span> <span class='ocrx_word' id='word_1_141' title='bbox 1395 1222 1562 1266; x_wconf 76' lang='grc' dir='ltr'><strong><em>Σκύθαι</em></strong></span> <span class='ocrx_word' id='word_1_142' title='bbox 1582 1223 1685 1281; x_wconf 82' lang='grc' dir='ltr'><strong><em>πρὸς</em></strong></span> 
     </span>
     <span class='ocr_line' id='line_1_16' title="bbox 198 1291 1740 1351; baseline -0.003 -14"><span class='ocrx_word' id='word_1_143' title='bbox 198 1294 246 1338; x_wconf 83' lang='grc' dir='ltr'>τὸ</span> <span class='ocrx_word' id='word_1_144' title='bbox 271 1292 450 1348; x_wconf 82' lang='grc' dir='ltr'><strong><em>συμβάν.</em></strong></span> <span class='ocrx_word' id='word_1_145' title='bbox 503 1295 571 1335; x_wconf 85' lang='grc' dir='ltr'>καὶ</span> <span class='ocrx_word' id='word_1_146' title='bbox 598 1293 650 1348; x_wconf 88' lang='grc' dir='ltr'><strong><em>δὴ</em></strong></span> <span class='ocrx_word' id='word_1_147' title='bbox 672 1293 817 1337; x_wconf 82' lang='grc' dir='ltr'><strong><em>αὐτίκα</em></strong></span> <span class='ocrx_word' id='word_1_148' title='bbox 839 1293 943 1349; x_wconf 83' lang='grc' dir='ltr'><strong><em>πρὸς</em></strong></span> <span class='ocrx_word' id='word_1_149' title='bbox 959 1293 1204 1351; x_wconf 71' lang='grc' dir='ltr'><strong><em>Ἰφιγὲιέιαν</em></strong></span> <span class='ocrx_word' id='word_1_150' title='bbox 1226 1296 1420 1348; x_wconf 78' lang='grc' dir='ltr'><strong><em>εἰσῆλθον</em></strong></span> <span class='ocrx_word' id='word_1_151' title='bbox 1442 1291 1683 1351; x_wconf 75' lang='grc' dir='ltr'><strong><em>ἀμφότεροι,</em></strong></span> <span class='ocrx_word' id='word_1_152' title='bbox 1698 1296 1740 1332; x_wconf 84' lang='grc'>15</span> 
     </span>
     <span class='ocr_line' id='line_1_17' title="bbox 198 1360 1686 1421; baseline -0.002 -14"><span class='ocrx_word' id='word_1_153' title='bbox 198 1365 266 1407; x_wconf 86' lang='grc' dir='ltr'>καὶ</span> <span class='ocrx_word' id='word_1_154' title='bbox 288 1361 309 1406; x_wconf 85' lang='grc' dir='ltr'><strong>ὅ</strong></span> <span class='ocrx_word' id='word_1_155' title='bbox 329 1361 534 1418; x_wconf 78' lang='grc' dir='ltr'><strong><em>Πυλάδης</em></strong></span> <span class='ocrx_word' id='word_1_156' title='bbox 555 1361 579 1378; x_wconf 84' lang='lat'>“</span> <span class='ocrx_word' id='word_1_157' title='bbox 597 1363 689 1406; x_wconf 55' lang='lat'>{63²²</span> <span class='ocrx_word' id='word_1_158' title='bbox 723 1362 803 1421; x_wconf 69' lang='grc' dir='ltr'>ἔφη</span> <span class='ocrx_word' id='word_1_159' title='bbox 833 1361 1074 1421; x_wconf 77' lang='grc' dir='ltr'><strong><em>“Ὀρε’στης</em></strong></span> <span class='ocrx_word' id='word_1_160' title='bbox 1096 1361 1116 1406; x_wconf 79' lang='grc' dir='ltr'><em>ὃ</em></span> <span class='ocrx_word' id='word_1_161' title='bbox 1139 1364 1211 1414; x_wconf 85' lang='grc' dir='ltr'>σὸς</span> <span class='ocrx_word' id='word_1_162' title='bbox 1233 1362 1454 1421; x_wconf 78' lang='grc' dir='ltr'><strong><em>ἀδ“ελφός.”</em></strong></span> <span class='ocrx_word' id='word_1_163' title='bbox 1497 1360 1522 1418; x_wconf 76' lang='grc' dir='ltr'><em>ἦ</em></span> <span class='ocrx_word' id='word_1_164' title='bbox 1545 1363 1591 1405; x_wconf 74' lang='grc' dir='ltr'><strong><em>δὲ</em></strong></span> <span class='ocrx_word' id='word_1_165' title='bbox 1613 1363 1686 1404; x_wconf 80' lang='grc' dir='ltr'>οὐκ</span> 
     </span>
     <span class='ocr_line' id='line_1_18' title="bbox 51 1430 1688 1491; baseline -0.001 -15"><span class='ocrx_word' id='word_1_166' title='bbox 51 1444 82 1479; x_wconf 85' lang='grc' dir='ltr'><strong>Ρ</strong></span> <span class='ocrx_word' id='word_1_167' title='bbox 109 1443 176 1481; x_wconf 85' lang='grc'>135</span> <span class='ocrx_word' id='word_1_168' title='bbox 203 1430 418 1491; x_wconf 69' lang='grc' dir='ltr'><strong><em>ἐγνώρισεν</em></strong></span> <span class='ocrx_word' id='word_1_169' title='bbox 446 1430 584 1485; x_wconf 76' lang='grc' dir='ltr'><strong><em>αὐτόν,</em></strong></span> <span class='ocrx_word' id='word_1_170' title='bbox 634 1432 711 1484; x_wconf 67' lang='grc' dir='ltr'><strong><em>ἕως</em></strong></span> <span class='ocrx_word' id='word_1_171' title='bbox 742 1432 788 1475; x_wconf 81' lang='grc' dir='ltr'>τὸ</span> <span class='ocrx_word' id='word_1_172' title='bbox 818 1431 1046 1475; x_wconf 86' lang='grc' dir='ltr'><strong><em>Πελόπειον</em></strong></span> <span class='ocrx_word' id='word_1_173' title='bbox 1074 1437 1149 1476; x_wconf 84' lang='grc' dir='ltr'>τοῦ</span> <span class='ocrx_word' id='word_1_174' title='bbox 1179 1433 1319 1489; x_wconf 80' lang='grc' dir='ltr'><strong><em>γε’νους</em></strong></span> <span class='ocrx_word' id='word_1_175' title='bbox 1351 1432 1585 1489; x_wconf 84' lang='grc' dir='ltr'><strong><em>σήμαντρον</em></strong></span> <span class='ocrx_word' id='word_1_176' title='bbox 1613 1432 1688 1487; x_wconf 85' lang='grc' dir='ltr'>τὴν</span> 
     </span>
     <span class='ocr_line' id='line_1_19' title="bbox 200 1500 1689 1560; baseline -0.001 -15"><span class='ocrx_word' id='word_1_177' title='bbox 200 1504 341 1546; x_wconf 71' lang='grc' dir='ltr'><strong><em>ἐλαίαν</em></strong></span> <span class='ocrx_word' id='word_1_178' title='bbox 372 1500 475 1545; x_wconf 79' lang='grc' dir='ltr'><strong><em>εἶδεν</em></strong></span> <span class='ocrx_word' id='word_1_179' title='bbox 507 1501 652 1557; x_wconf 67' lang='grc' dir='ltr'><strong><em>ἔχοντα</em></strong></span> <span class='ocrx_word' id='word_1_180' title='bbox 679 1504 721 1545; x_wconf 71' lang='grc' dir='ltr'>ἓν</span> <span class='ocrx_word' id='word_1_181' title='bbox 744 1506 804 1560; x_wconf 74' lang='grc' dir='ltr'>τῷ</span> <span class='ocrx_word' id='word_1_182' title='bbox 827 1502 926 1560; x_wconf 75' lang='grc' dir='ltr'>ὤμῳ</span> <span class='ocrx_word' id='word_1_183' title='bbox 950 1504 1081 1560; x_wconf 72' lang='grc' dir='ltr'><strong><em>δεξιῷ.</em></strong></span> <span class='ocrx_word' id='word_1_184' title='bbox 1150 1503 1476 1559; x_wconf 75' lang='grc' dir='ltr'><strong><em>περιπτυξαμένη</em></strong></span> <span class='ocrx_word' id='word_1_185' title='bbox 1500 1519 1541 1544; x_wconf 87' lang='grc' dir='ltr'>τε</span> <span class='ocrx_word' id='word_1_186' title='bbox 1565 1502 1689 1545; x_wconf 73' lang='grc' dir='ltr'><strong><em>αὐτὸν</em></strong></span> 
     </span>
     <span class='ocr_line' id='line_1_20' title="bbox 202 1570 1690 1626; baseline -0.002 -10"><span class='ocrx_word' id='word_1_187' title='bbox 202 1573 408 1616; x_wconf 67' lang='grc' dir='ltr'><strong><em>ἐκέλευσεν</em></strong></span> <span class='ocrx_word' id='word_1_188' title='bbox 439 1570 692 1626; x_wconf 68' lang='grc' dir='ltr'><strong><em>ἑλκυσθῆναι</em></strong></span> <span class='ocrx_word' id='word_1_189' title='bbox 720 1572 772 1614; x_wconf 82' lang='grc' dir='ltr'>τὰ</span> <span class='ocrx_word' id='word_1_190' title='bbox 804 1575 928 1614; x_wconf 71' lang='grc' dir='ltr'><strong><em>πλοῖα</em></strong></span> <span class='ocrx_word' id='word_1_191' title='bbox 957 1572 1092 1615; x_wconf 80' lang='grc' dir='ltr'><strong><em>αὖτιῦν</em></strong></span> <span class='ocrx_word' id='word_1_192' title='bbox 1124 1572 1203 1614; x_wconf 80' lang='grc' dir='ltr'><strong><em>ἀπὸ</em></strong></span> <span class='ocrx_word' id='word_1_193' title='bbox 1231 1576 1304 1625; x_wconf 73' lang='grc' dir='ltr'>τῆς</span> <span class='ocrx_word' id='word_1_194' title='bbox 1333 1570 1572 1626; x_wconf 82' lang='grc' dir='ltr'><strong><em>θαλάσσης,</em></strong></span> <span class='ocrx_word' id='word_1_195' title='bbox 1622 1573 1690 1613; x_wconf 86' lang='grc' dir='ltr'>καὶ</span> 
     </span>
     <span class='ocr_line' id='line_1_21' title="bbox 202 1641 1742 1698; baseline -0.001 -13"><span class='ocrx_word' id='word_1_196' title='bbox 202 1641 300 1685; x_wconf 82' lang='grc' dir='ltr'><strong><em>ὅλον</em></strong></span> <span class='ocrx_word' id='word_1_197' title='bbox 314 1641 465 1691; x_wconf 73' lang='grc' dir='ltr'><strong><em>αὐτους</em></strong></span> <span class='ocrx_word' id='word_1_198' title='bbox 481 1648 615 1695; x_wconf 72' lang='grc' dir='ltr'><strong><em>μεῖναι</em></strong></span> <span class='ocrx_word' id='word_1_199' title='bbox 633 1641 704 1683; x_wconf 82' lang='grc' dir='ltr'>τὸν</span> <span class='ocrx_word' id='word_1_200' title='bbox 718 1645 902 1695; x_wconf 79' lang='grc' dir='ltr'><strong><em>χειμῶνα</em></strong></span> <span class='ocrx_word' id='word_1_201' title='bbox 921 1641 1026 1697; x_wconf 69' lang='grc' dir='ltr'><strong><em>παρ’</em></strong></span> <span class='ocrx_word' id='word_1_202' title='bbox 1051 1641 1169 1698; x_wconf 76' lang='grc' dir='ltr'><strong><em>αὐτῇ.</em></strong></span> <span class='ocrx_word' id='word_1_203' title='bbox 1238 1641 1393 1698; x_wconf 73' lang='grc' dir='ltr'><strong><em>θέρους</em></strong></span> <span class='ocrx_word' id='word_1_204' title='bbox 1412 1642 1455 1684; x_wconf 79' lang='grc' dir='ltr'><strong><em>δὲ</em></strong></span> <span class='ocrx_word' id='word_1_205' title='bbox 1476 1641 1689 1697; x_wconf 75' lang='grc' dir='ltr'><strong><em>γενομένου</em></strong></span> <span class='ocrx_word' id='word_1_206' title='bbox 1701 1647 1742 1683; x_wconf 81' lang='grc'>20</span> 
     </span>
     <span class='ocr_line' id='line_1_22' title="bbox 205 1708 1694 1770; baseline 0 -17"><span class='ocrx_word' id='word_1_207' title='bbox 205 1710 349 1770; x_wconf 72' lang='grc' dir='ltr'><strong><em>λάθρα</em></strong></span> <span class='ocrx_word' id='word_1_208' title='bbox 367 1711 571 1768; x_wconf 71' lang='grc' dir='ltr'><strong><em>Ὀρέστης</em></strong></span> <span class='ocrx_word' id='word_1_209' title='bbox 593 1711 660 1752; x_wconf 82' lang='grc' dir='ltr'>καὶ</span> <span class='ocrx_word' id='word_1_210' title='bbox 680 1709 885 1765; x_wconf 80' lang='grc' dir='ltr'><strong><em>Πυλάδης</em></strong></span> <span class='ocrx_word' id='word_1_211' title='bbox 914 1710 960 1752; x_wconf 78' lang='grc' dir='ltr'>τὸ</span> <span class='ocrx_word' id='word_1_212' title='bbox 995 1708 1220 1767; x_wconf 74' lang='grc' dir='ltr'><strong><em>ὁλόχρυσον</em></strong></span> <span class='ocrx_word' id='word_1_213' title='bbox 1246 1710 1414 1767; x_wconf 76' lang='grc' dir='ltr'><strong><em>ἄγαλμα</em></strong></span> <span class='ocrx_word' id='word_1_214' title='bbox 1438 1711 1694 1767; x_wconf 69' lang='grc' dir='ltr'><strong><em>’Λρτίμιδος</em></strong></span> 
     </span>
     <span class='ocr_line' id='line_1_23' title="bbox 206 1774 1694 1838; baseline -0.001 -15"><span class='ocrx_word' id='word_1_215' title='bbox 206 1782 275 1824; x_wconf 84' lang='grc' dir='ltr'>καὶ</span> <span class='ocrx_word' id='word_1_216' title='bbox 297 1780 426 1835; x_wconf 81' lang='grc' dir='ltr'><strong><em>αὐτὴν</em></strong></span> <span class='ocrx_word' id='word_1_217' title='bbox 446 1778 679 1833; x_wconf 81' lang='grc' dir='ltr'><strong><em>ἀνελόμενοι</em></strong></span> <span class='ocrx_word' id='word_1_218' title='bbox 697 1779 771 1834; x_wconf 81' lang='grc' dir='ltr'>τὴν</span> <span class='ocrx_word' id='word_1_219' title='bbox 785 1779 1029 1838; x_wconf 74' lang='grc' dir='ltr'><strong><em>Ἰφιγένειαν</em></strong></span> <span class='ocrx_word' id='word_1_220' title='bbox 1047 1780 1282 1837; x_wconf 76' lang='grc' dir='ltr'><strong><em>ἀπέδρασαν</em></strong></span> <span class='ocrx_word' id='word_1_221' title='bbox 1299 1780 1403 1834; x_wconf 82' lang='grc' dir='ltr'><strong><em>μεθ’</em></strong></span> <span class='ocrx_word' id='word_1_222' title='bbox 1428 1774 1485 1823; x_wconf 76' lang='grc' dir='ltr'>ὧν</span> <span class='ocrx_word' id='word_1_223' title='bbox 1502 1781 1694 1834; x_wconf 79' lang='grc' dir='ltr'><strong><em>ἀπῆλθον</em></strong></span> 
     </span>
     <span class='ocr_line' id='line_1_24' title="bbox 207 1844 1694 1908; baseline -0.001 -16"><span class='ocrx_word' id='word_1_224' title='bbox 207 1851 374 1893; x_wconf 84' lang='grc' dir='ltr'><strong><em>πλοίων.</em></strong></span> <span class='ocrx_word' id='word_1_225' title='bbox 444 1850 512 1892; x_wconf 81' lang='grc' dir='ltr'>καὶ</span> <span class='ocrx_word' id='word_1_226' title='bbox 533 1848 607 1905; x_wconf 80' lang='grc' dir='ltr'>τὴν</span> <span class='ocrx_word' id='word_1_227' title='bbox 625 1849 843 1905; x_wconf 77' lang='grc' dir='ltr'><strong><em>Διαβηνὴν</em></strong></span> <span class='ocrx_word' id='word_1_228' title='bbox 864 1848 1112 1907; x_wconf 81' lang='grc' dir='ltr'><strong><em>περάσαντες</em></strong></span> <span class='ocrx_word' id='word_1_229' title='bbox 1132 1844 1267 1906; x_wconf 72' lang='grc' dir='ltr'><strong><em>ἦλθον</em></strong></span> <span class='ocrx_word' id='word_1_230' title='bbox 1287 1850 1390 1908; x_wconf 82' lang='grc' dir='ltr'><strong><em>πρὸς</em></strong></span> <span class='ocrx_word' id='word_1_231' title='bbox 1409 1850 1610 1906; x_wconf 75' lang='grc' dir='ltr'><strong><em>ἀνατολὴν</em></strong></span> <span class='ocrx_word' id='word_1_232' title='bbox 1630 1851 1694 1893; x_wconf 77' lang='grc' dir='ltr'><strong><em>ἐπὶ</em></strong></span> 
     </span>
    </p>
   </div>
   <div class='ocr_carea' id='block_1_3' title="bbox 567 1981 586 1998">
    <p class='ocr_par' dir='ltr' id='par_1_3' title="bbox 567 1981 586 1998">
     <span class='ocr_line' id='line_1_25' title="bbox 567 1981 586 1998; baseline 0 -3"><span class='ocrx_word' id='word_1_233' title='bbox 567 1981 586 1998; x_wconf 60' lang='grc' dir='ltr'>,θ</span> 
     </span>
    </p>
   </div>
   <div class='ocr_carea' id='block_1_4' title="bbox 209 2025 1714 2962">
    <p class='ocr_par' dir='ltr' id='par_1_4' title="bbox 209 2025 1714 2962">
     <span class='ocr_line' id='line_1_26' title="bbox 209 2025 1695 2074; baseline -0.002 -11"><span class='ocrx_word' id='word_1_234' title='bbox 209 2039 353 2072; x_wconf 88' lang='lat' dir='ltr'>narum,</span> <span class='ocrx_word' id='word_1_235' title='bbox 390 2038 482 2072; x_wconf 81' lang='lat' dir='ltr'>quae</span> <span class='ocrx_word' id='word_1_236' title='bbox 517 2025 594 2062; x_wconf 91' lang='lat' dir='ltr'>eius</span> <span class='ocrx_word' id='word_1_237' title='bbox 625 2038 735 2071; x_wconf 88' lang='lat' dir='ltr'>uxor,</span> <span class='ocrx_word' id='word_1_238' title='bbox 770 2038 862 2073; x_wconf 78' lang='lat' dir='ltr'>quae</span> <span class='ocrx_word' id='word_1_239' title='bbox 891 2027 1025 2074; x_wconf 83' lang='lat' dir='ltr'>proles.</span> <span class='ocrx_word' id='word_1_240' title='bbox 1073 2027 1120 2063; x_wconf 86' lang='lat' dir='ltr'>ad</span> <span class='ocrx_word' id='word_1_241' title='bbox 1151 2028 1238 2063; x_wconf 83' lang='lat' dir='ltr'>haec</span> <span class='ocrx_word' id='word_1_242' title='bbox 1260 2027 1415 2074; x_wconf 82' lang='lat' dir='ltr'>Pylades</span> <span class='ocrx_word' id='word_1_243' title='bbox 1438 2025 1575 2073; x_wconf 85' lang='lat' dir='ltr'>pridem</span> <span class='ocrx_word' id='word_1_244' title='bbox 1598 2025 1695 2071; x_wconf 79' lang='lat' dir='ltr'>Aga-</span> 
     </span>
     <span class='ocr_line' id='line_1_27' title="bbox 210 2072 1698 2119; baseline -0.003 -8"><span class='ocrx_word' id='word_1_245' title='bbox 210 2086 427 2111; x_wconf 83' lang='lat' dir='ltr'><strong>memnonem</strong></span> <span class='ocrx_word' id='word_1_246' title='bbox 450 2072 502 2108; x_wconf 88' lang='lat' dir='ltr'>ibi</span> <span class='ocrx_word' id='word_1_247' title='bbox 525 2085 672 2119; x_wconf 84' lang='lat' dir='ltr'>regnum</span> <span class='ocrx_word' id='word_1_248' title='bbox 695 2073 912 2117; x_wconf 80' lang='lat' dir='ltr'>obtinuisse3</span> <span class='ocrx_word' id='word_1_249' title='bbox 947 2075 1023 2109; x_wconf 91' lang='lat' dir='ltr'>eius</span> <span class='ocrx_word' id='word_1_250' title='bbox 1047 2085 1191 2110; x_wconf 85' lang='lat' dir='ltr'>uxorem</span> <span class='ocrx_word' id='word_1_251' title='bbox 1215 2075 1546 2119; x_wconf 78' lang='lat' dir='ltr'>Clytaemnestram,</span> <span class='ocrx_word' id='word_1_252' title='bbox 1567 2072 1698 2107; x_wconf 84' lang='lat' dir='ltr'>liberos</span> 
     </span>
     <span class='ocr_line' id='line_1_28' title="bbox 213 2119 1700 2167; baseline -0.003 -10"><span class='ocrx_word' id='word_1_253' title='bbox 213 2124 380 2157; x_wconf 80' lang='lat' dir='ltr'>Orestem</span> <span class='ocrx_word' id='word_1_254' title='bbox 411 2120 592 2156; x_wconf 78' lang='lat' dir='ltr'><strong>Electram</strong></span> <span class='ocrx_word' id='word_1_255' title='bbox 623 2120 845 2166; x_wconf 77' lang='lat' dir='ltr'>Iphigeniam</span> <span class='ocrx_word' id='word_1_256' title='bbox 877 2121 992 2166; x_wconf 82' lang='lat' dir='ltr'>(hanc</span> <span class='ocrx_word' id='word_1_257' title='bbox 1022 2122 1149 2156; x_wconf 81' lang='lat' dir='ltr'>famam</span> <span class='ocrx_word' id='word_1_258' title='bbox 1177 2123 1273 2156; x_wconf 86' lang='lat' dir='ltr'>ferre</span> <span class='ocrx_word' id='word_1_259' title='bbox 1294 2121 1432 2156; x_wconf 83' lang='lat' dir='ltr'>Dianae</span> <span class='ocrx_word' id='word_1_260' title='bbox 1463 2132 1530 2167; x_wconf 90' lang='lat' dir='ltr'>pro</span> <span class='ocrx_word' id='word_1_261' title='bbox 1554 2119 1700 2154; x_wconf 85' lang='lat' dir='ltr'>victima</span> 
     </span>
     <span class='ocr_line' id='line_1_29' title="bbox 213 2166 1702 2213; baseline -0.003 -9"><span class='ocrx_word' id='word_1_262' title='bbox 213 2169 385 2212; x_wconf 83' lang='lat' dir='ltr'>oblatam,</span> <span class='ocrx_word' id='word_1_263' title='bbox 419 2168 464 2202; x_wconf 82' lang='lat' dir='ltr'>ab</span> <span class='ocrx_word' id='word_1_264' title='bbox 490 2179 534 2202; x_wconf 87' lang='lat' dir='ltr'>ea</span> <span class='ocrx_word' id='word_1_265' title='bbox 565 2166 654 2202; x_wconf 58' lang='lat' dir='ltr'>neci,</span> <span class='ocrx_word' id='word_1_266' title='bbox 673 2169 890 2203; x_wconf 79' lang='lat' dir='ltr'>subtractam</span> <span class='ocrx_word' id='word_1_267' title='bbox 919 2168 1052 2213; x_wconf 89' lang='lat' dir='ltr'>fuisse,</span> <span class='ocrx_word' id='word_1_268' title='bbox 1087 2180 1202 2213; x_wconf 87' lang='lat' dir='ltr'>neque</span> <span class='ocrx_word' id='word_1_269' title='bbox 1226 2169 1394 2203; x_wconf 85' lang='lat' dir='ltr'>hactenus</span> <span class='ocrx_word' id='word_1_270' title='bbox 1419 2167 1597 2212; x_wconf 85' lang='lat' dir='ltr'>cognitum</span> <span class='ocrx_word' id='word_1_271' title='bbox 1622 2178 1702 2200; x_wconf 85' lang='lat' dir='ltr'>esse</span> 
     </span>
     <span class='ocr_line' id='line_1_30' title="bbox 212 2212 1702 2261; baseline -0.002 -11"><span class='ocrx_word' id='word_1_272' title='bbox 212 2215 355 2250; x_wconf 84' lang='lat' dir='ltr'>ubinam</span> <span class='ocrx_word' id='word_1_273' title='bbox 378 2214 533 2248; x_wconf 91' lang='lat' dir='ltr'>locorum</span> <span class='ocrx_word' id='word_1_274' title='bbox 560 2215 667 2259; x_wconf 79' lang='lat' dir='ltr'>agat)</span> <span class='ocrx_word' id='word_1_275' title='bbox 693 2226 735 2249; x_wconf 81' lang='lat' dir='ltr'>ac</span> <span class='ocrx_word' id='word_1_276' title='bbox 758 2220 946 2261; x_wconf 82' lang='lat' dir='ltr'>praeterea</span> <span class='ocrx_word' id='word_1_277' title='bbox 969 2215 1244 2259; x_wconf 86' lang='lat' dir='ltr'>Chrysothemin</span> <span class='ocrx_word' id='word_1_278' title='bbox 1274 2220 1380 2260; x_wconf 80' lang='lat' dir='ltr'>atque</span> <span class='ocrx_word' id='word_1_279' title='bbox 1402 2213 1599 2248; x_wconf 85' lang='lat' dir='ltr'>Laodicen.</span> <span class='ocrx_word' id='word_1_280' title='bbox 1647 2212 1702 2247; x_wconf 87' lang='lat' dir='ltr'>his</span> 
     </span>
     <span class='ocr_line' id='line_1_31' title="bbox 214 2259 1701 2306; baseline -0.003 -9"><span class='ocrx_word' id='word_1_281' title='bbox 214 2261 345 2297; x_wconf 83' lang='lat' dir='ltr'>auditis</span> <span class='ocrx_word' id='word_1_282' title='bbox 370 2261 557 2306; x_wconf 81' lang='lat' dir='ltr'>Iphigenia</span> <span class='ocrx_word' id='word_1_283' title='bbox 581 2260 751 2306; x_wconf 84' lang='lat' dir='ltr'>Pyladem</span> <span class='ocrx_word' id='word_1_284' title='bbox 772 2261 892 2296; x_wconf 80' lang='lat' dir='ltr'>statim</span> <span class='ocrx_word' id='word_1_285' title='bbox 910 2261 1061 2296; x_wconf 83' lang='lat' dir='ltr'>vinculis</span> <span class='ocrx_word' id='word_1_286' title='bbox 1083 2262 1174 2296; x_wconf 86' lang='lat' dir='ltr'>solvi</span> <span class='ocrx_word' id='word_1_287' title='bbox 1198 2262 1318 2306; x_wconf 89' lang='lat' dir='ltr'>iubet,</span> <span class='ocrx_word' id='word_1_288' title='bbox 1341 2260 1526 2306; x_wconf 75' lang='lat' dir='ltr'>literisque</span> <span class='ocrx_word' id='word_1_289' title='bbox 1544 2259 1701 2294; x_wconf 85' lang='lat' dir='ltr'>conscri-</span> 
     </span>
     <span class='ocr_line' id='line_1_32' title="bbox 215 2303 1703 2355; baseline -0.001 -13"><span class='ocrx_word' id='word_1_290' title='bbox 215 2308 287 2355; x_wconf 85' lang='lat' dir='ltr'>ptis</span> <span class='ocrx_word' id='word_1_291' title='bbox 307 2320 368 2343; x_wconf 86' lang='lat' dir='ltr'>eas</span> <span class='ocrx_word' id='word_1_292' title='bbox 389 2307 462 2353; x_wconf 87' lang='lat' dir='ltr'>ipsi</span> <span class='ocrx_word' id='word_1_293' title='bbox 481 2308 604 2351; x_wconf 84' lang='lat' dir='ltr'>tradit,</span> <span class='ocrx_word' id='word_1_294' title='bbox 628 2307 682 2342; x_wconf 78' lang='lat' dir='ltr'>ita</span> <span class='ocrx_word' id='word_1_295' title='bbox 704 2308 793 2343; x_wconf 80' lang='lat' dir='ltr'>fata.</span> <span class='ocrx_word' id='word_1_296' title='bbox 825 2303 958 2342; x_wconf 80' lang='lat' dir='ltr'>“vitam</span> <span class='ocrx_word' id='word_1_297' title='bbox 982 2308 1047 2343; x_wconf 87' lang='lat' dir='ltr'>tibi</span> <span class='ocrx_word' id='word_1_298' title='bbox 1070 2309 1137 2343; x_wconf 81' lang='lat' dir='ltr'>dea</span> <span class='ocrx_word' id='word_1_299' title='bbox 1162 2320 1227 2354; x_wconf 87' lang='lat' dir='ltr'>per</span> <span class='ocrx_word' id='word_1_300' title='bbox 1249 2319 1303 2342; x_wconf 92' lang='lat' dir='ltr'>me</span> <span class='ocrx_word' id='word_1_301' title='bbox 1327 2308 1452 2342; x_wconf 82' lang='lat' dir='ltr'>donat:</span> <span class='ocrx_word' id='word_1_302' title='bbox 1479 2319 1544 2352; x_wconf 90' lang='lat' dir='ltr'>per</span> <span class='ocrx_word' id='word_1_303' title='bbox 1564 2318 1640 2341; x_wconf 88' lang='lat' dir='ltr'>eam</span> <span class='ocrx_word' id='word_1_304' title='bbox 1664 2311 1703 2340; x_wconf 87' lang='lat' dir='ltr'>tu</span> 
     </span>
     <span class='ocr_line' id='line_1_33' title="bbox 215 2353 1705 2400; baseline -0.003 -10"><span class='ocrx_word' id='word_1_305' title='bbox 215 2355 301 2390; x_wconf 84' lang='lat' dir='ltr'>mihi</span> <span class='ocrx_word' id='word_1_306' title='bbox 324 2355 404 2389; x_wconf 80' lang='lat' dir='ltr'>iura</span> <span class='ocrx_word' id='word_1_307' title='bbox 427 2354 549 2389; x_wconf 77' lang='lat' dir='ltr'>literas</span> <span class='ocrx_word' id='word_1_308' title='bbox 563 2366 565 2368; x_wconf 84' lang='lat'>·</span> <span class='ocrx_word' id='word_1_309' title='bbox 579 2354 642 2389; x_wconf 91' lang='lat' dir='ltr'>has</span> <span class='ocrx_word' id='word_1_310' title='bbox 664 2354 787 2389; x_wconf 79' lang='lat' dir='ltr'>Oresti</span> <span class='ocrx_word' id='word_1_311' title='bbox 811 2359 848 2389; x_wconf 82' lang='lat' dir='ltr'>te</span> <span class='ocrx_word' id='word_1_312' title='bbox 870 2355 1112 2400; x_wconf 80' lang='lat' dir='ltr'>redditurum,</span> <span class='ocrx_word' id='word_1_313' title='bbox 1136 2357 1180 2390; x_wconf 88' lang='lat' dir='ltr'>ab</span> <span class='ocrx_word' id='word_1_314' title='bbox 1202 2366 1316 2400; x_wconf 88' lang='lat' dir='ltr'>eoque</span> <span class='ocrx_word' id='word_1_315' title='bbox 1338 2365 1547 2400; x_wconf 85' lang='lat' dir='ltr'>responsum</span> <span class='ocrx_word' id='word_1_316' title='bbox 1570 2353 1705 2388; x_wconf 85' lang='lat' dir='ltr'>relatu-</span> 
     </span>
     <span class='ocr_line' id='line_1_34' title="bbox 215 2398 1706 2437; baseline -0.002 -1"><span class='ocrx_word' id='word_1_317' title='bbox 215 2398 330 2436; x_wconf 84' lang='lat' dir='ltr'>rum.&#39;&#39;</span> <span class='ocrx_word' id='word_1_318' title='bbox 378 2401 512 2435; x_wconf 87' lang='lat' dir='ltr'>iuravit</span> <span class='ocrx_word' id='word_1_319' title='bbox 543 2413 584 2436; x_wconf 89' lang='lat' dir='ltr'>se</span> <span class='ocrx_word' id='word_1_320' title='bbox 615 2405 653 2435; x_wconf 87' lang='lat' dir='ltr'>et</span> <span class='ocrx_word' id='word_1_321' title='bbox 684 2400 806 2436; x_wconf 84' lang='lat' dir='ltr'>literas</span> <span class='ocrx_word' id='word_1_322' title='bbox 840 2401 879 2435; x_wconf 86' lang='lat' dir='ltr'>in</span> <span class='ocrx_word' id='word_1_323' title='bbox 911 2413 1033 2437; x_wconf 80' lang='lat' dir='ltr'>manus</span> <span class='ocrx_word' id='word_1_324' title='bbox 1058 2402 1201 2436; x_wconf 88' lang='lat' dir='ltr'>Orestis</span> <span class='ocrx_word' id='word_1_325' title='bbox 1231 2401 1440 2437; x_wconf 87' lang='lat' dir='ltr'>traditurum</span> <span class='ocrx_word' id='word_1_326' title='bbox 1474 2405 1510 2434; x_wconf 84' lang='lat' dir='ltr'>et</span> <span class='ocrx_word' id='word_1_327' title='bbox 1543 2400 1636 2434; x_wconf 88' lang='lat' dir='ltr'>hunc</span> <span class='ocrx_word' id='word_1_328' title='bbox 1660 2399 1706 2433; x_wconf 88' lang='lat' dir='ltr'>ad</span> 
     </span>
     <span class='ocr_line' id='line_1_35' title="bbox 215 2446 1704 2495; baseline -0.001 -13"><span class='ocrx_word' id='word_1_329' title='bbox 215 2448 330 2493; x_wconf 86' lang='lat' dir='ltr'>ipsam</span> <span class='ocrx_word' id='word_1_330' title='bbox 354 2448 599 2482; x_wconf 80' lang='lat' dir='ltr'>adducturum.</span> <span class='ocrx_word' id='word_1_331' title='bbox 657 2448 884 2495; x_wconf 77' lang='lat' dir='ltr'>acceptisque</span> <span class='ocrx_word' id='word_1_332' title='bbox 907 2448 1021 2483; x_wconf 83' lang='lat' dir='ltr'>literis</span> <span class='ocrx_word' id='word_1_333' title='bbox 1045 2448 1128 2483; x_wconf 86' lang='lat' dir='ltr'>fano</span> <span class='ocrx_word' id='word_1_334' title='bbox 1151 2460 1315 2493; x_wconf 81' lang='lat' dir='ltr'>egressus</span> <span class='ocrx_word' id='word_1_335' title='bbox 1340 2460 1382 2482; x_wconf 90' lang='lat' dir='ltr'>eo</span> <span class='ocrx_word' id='word_1_336' title='bbox 1410 2446 1509 2482; x_wconf 89' lang='lat' dir='ltr'>venit</span> <span class='ocrx_word' id='word_1_337' title='bbox 1527 2446 1588 2481; x_wconf 85' lang='lat' dir='ltr'>ubi</span> <span class='ocrx_word' id='word_1_338' title='bbox 1610 2447 1704 2480; x_wconf 89' lang='lat' dir='ltr'>Ore-</span> 
     </span>
     <span class='ocr_line' id='line_1_36' title="bbox 217 2492 1704 2541; baseline -0.002 -12"><span class='ocrx_word' id='word_1_339' title='bbox 217 2500 291 2529; x_wconf 81' lang='lat' dir='ltr'>stes</span> <span class='ocrx_word' id='word_1_340' title='bbox 316 2494 602 2536; x_wconf 80' lang='lat' dir='ltr'>custodiebatur3</span> <span class='ocrx_word' id='word_1_341' title='bbox 627 2493 888 2541; x_wconf 78' lang='lat' dir='ltr'>impetratoque</span> <span class='ocrx_word' id='word_1_342' title='bbox 912 2507 933 2529; x_wconf 86' lang='lat' dir='ltr'>a</span> <span class='ocrx_word' id='word_1_343' title='bbox 957 2495 1104 2540; x_wconf 80' lang='lat' dir='ltr'>Scythis</span> <span class='ocrx_word' id='word_1_344' title='bbox 1131 2496 1242 2540; x_wconf 86' lang='lat' dir='ltr'>aditu,</span> <span class='ocrx_word' id='word_1_345' title='bbox 1265 2494 1420 2529; x_wconf 83' lang='lat' dir='ltr'>tabulam</span> <span class='ocrx_word' id='word_1_346' title='bbox 1445 2492 1568 2527; x_wconf 82' lang='lat' dir='ltr'>Oresti</span> <span class='ocrx_word' id='word_1_347' title='bbox 1590 2492 1704 2528; x_wconf 81' lang='lat' dir='ltr'>tradi-</span> 
     </span>
     <span class='ocr_line' id='line_1_37' title="bbox 218 2536 1706 2588; baseline -0.001 -13"><span class='ocrx_word' id='word_1_348' title='bbox 218 2541 284 2584; x_wconf 81' lang='lat' dir='ltr'>dit,</span> <span class='ocrx_word' id='word_1_349' title='bbox 311 2541 365 2574; x_wconf 83' lang='lat' dir='ltr'>his</span> <span class='ocrx_word' id='word_1_350' title='bbox 391 2541 512 2575; x_wconf 84' lang='lat' dir='ltr'>verbis</span> <span class='ocrx_word' id='word_1_351' title='bbox 547 2537 585 2575; x_wconf 82' lang='lat' dir='ltr'>“i</span> <span class='ocrx_word' id='word_1_352' title='bbox 604 2552 707 2586; x_wconf 85' lang='lat' dir='ltr'>quam</span> <span class='ocrx_word' id='word_1_353' title='bbox 726 2541 873 2588; x_wconf 86' lang='lat' dir='ltr'>primum</span> <span class='ocrx_word' id='word_1_354' title='bbox 894 2542 937 2576; x_wconf 83' lang='lat' dir='ltr'>ad</span> <span class='ocrx_word' id='word_1_355' title='bbox 961 2541 1195 2588; x_wconf 82' lang='lat' dir='ltr'>Iphigeniam,</span> <span class='ocrx_word' id='word_1_356' title='bbox 1223 2553 1380 2577; x_wconf 87' lang='lat' dir='ltr'>sororem</span> <span class='ocrx_word' id='word_1_357' title='bbox 1403 2536 1535 2575; x_wconf 87' lang='lat' dir='ltr'>tuam.&#39;&#39;</span> <span class='ocrx_word' id='word_1_358' title='bbox 1583 2541 1706 2574; x_wconf 81' lang='lat' dir='ltr'>obstu-</span> 
     </span>
     <span class='ocr_line' id='line_1_38' title="bbox 221 2586 1706 2633; baseline -0.001 -13"><span class='ocrx_word' id='word_1_359' title='bbox 221 2593 376 2633; x_wconf 84' lang='lat' dir='ltr'>puerunt</span> <span class='ocrx_word' id='word_1_360' title='bbox 399 2587 520 2622; x_wconf 85' lang='lat' dir='ltr'>audito</span> <span class='ocrx_word' id='word_1_361' title='bbox 540 2587 608 2622; x_wconf 90' lang='lat' dir='ltr'>hoc</span> <span class='ocrx_word' id='word_1_362' title='bbox 630 2599 713 2623; x_wconf 89' lang='lat' dir='ltr'>casu</span> <span class='ocrx_word' id='word_1_363' title='bbox 738 2589 908 2631; x_wconf 82' lang='lat' dir='ltr'>Scythae.</span> <span class='ocrx_word' id='word_1_364' title='bbox 933 2587 986 2622; x_wconf 87' lang='lat' dir='ltr'>illi</span> <span class='ocrx_word' id='word_1_365' title='bbox 1010 2590 1112 2623; x_wconf 83' lang='lat' dir='ltr'>ambo</span> <span class='ocrx_word' id='word_1_366' title='bbox 1137 2594 1235 2624; x_wconf 83' lang='lat' dir='ltr'>recta</span> <span class='ocrx_word' id='word_1_367' title='bbox 1257 2589 1303 2623; x_wconf 89' lang='lat' dir='ltr'>ad</span> <span class='ocrx_word' id='word_1_368' title='bbox 1318 2586 1540 2633; x_wconf 84' lang='lat' dir='ltr'>Iphigeniam</span> <span class='ocrx_word' id='word_1_369' title='bbox 1562 2597 1602 2620; x_wconf 89' lang='lat' dir='ltr'>se</span> <span class='ocrx_word' id='word_1_370' title='bbox 1620 2597 1706 2620; x_wconf 90' lang='lat' dir='ltr'>con-</span> 
     </span>
     <span class='ocr_line' id='line_1_39' title="bbox 222 2628 1708 2679; baseline -0.001 -12"><span class='ocrx_word' id='word_1_371' title='bbox 222 2632 392 2667; x_wconf 81' lang='lat' dir='ltr'>tulerunt.</span> <span class='ocrx_word' id='word_1_372' title='bbox 441 2646 484 2668; x_wconf 85' lang='lat' dir='ltr'>ac</span> <span class='ocrx_word' id='word_1_373' title='bbox 515 2634 671 2679; x_wconf 82' lang='lat' dir='ltr'>Pylades</span> <span class='ocrx_word' id='word_1_374' title='bbox 701 2631 830 2669; x_wconf 75' lang='lat' dir='ltr'>“ecce”</span> <span class='ocrx_word' id='word_1_375' title='bbox 855 2634 992 2679; x_wconf 86' lang='lat' dir='ltr'>inquit,</span> <span class='ocrx_word' id='word_1_376' title='bbox 1025 2631 1108 2669; x_wconf 83' lang='lat' dir='ltr'>“hic</span> <span class='ocrx_word' id='word_1_377' title='bbox 1144 2636 1292 2671; x_wconf 83' lang='lat' dir='ltr'>Orestes</span> <span class='ocrx_word' id='word_1_378' title='bbox 1326 2635 1440 2669; x_wconf 82' lang='lat' dir='ltr'>frater</span> <span class='ocrx_word' id='word_1_379' title='bbox 1471 2628 1592 2667; x_wconf 75' lang='lat' dir='ltr'>tuus-’³</span> <span class='ocrx_word' id='word_1_380' title='bbox 1637 2644 1708 2667; x_wconf 91' lang='lat' dir='ltr'>non</span> 
     </span>
     <span class='ocr_line' id='line_1_40' title="bbox 222 2679 1707 2727; baseline -0.001 -13"><span class='ocrx_word' id='word_1_381' title='bbox 222 2684 341 2714; x_wconf 79' lang='lat' dir='ltr'>tamen</span> <span class='ocrx_word' id='word_1_382' title='bbox 365 2691 442 2714; x_wconf 91' lang='lat' dir='ltr'>eum</span> <span class='ocrx_word' id='word_1_383' title='bbox 464 2681 653 2726; x_wconf 82' lang='lat' dir='ltr'>Iphigenia</span> <span class='ocrx_word' id='word_1_384' title='bbox 674 2681 822 2727; x_wconf 82' lang='lat' dir='ltr'>agnovit</span> <span class='ocrx_word' id='word_1_385' title='bbox 845 2686 928 2716; x_wconf 83' lang='lat' dir='ltr'>ante</span> <span class='ocrx_word' id='word_1_386' title='bbox 956 2693 1060 2727; x_wconf 87' lang='lat' dir='ltr'>quam</span> <span class='ocrx_word' id='word_1_387' title='bbox 1088 2682 1227 2727; x_wconf 85' lang='lat' dir='ltr'>signum</span> <span class='ocrx_word' id='word_1_388' title='bbox 1250 2679 1397 2727; x_wconf 87' lang='lat' dir='ltr'>Pelopei</span> <span class='ocrx_word' id='word_1_389' title='bbox 1429 2679 1572 2725; x_wconf 84' lang='lat' dir='ltr'>generis</span> <span class='ocrx_word' id='word_1_390' title='bbox 1596 2679 1707 2714; x_wconf 85' lang='lat' dir='ltr'>oleam</span> 
     </span>
     <span class='ocr_line' id='line_1_41' title="bbox 223 2725 1710 2774; baseline 0.001 -16"><span class='ocrx_word' id='word_1_391' title='bbox 223 2725 262 2759; x_wconf 89' lang='lat' dir='ltr'>in</span> <span class='ocrx_word' id='word_1_392' title='bbox 285 2725 409 2760; x_wconf 88' lang='lat' dir='ltr'>dextro</span> <span class='ocrx_word' id='word_1_393' title='bbox 429 2727 573 2762; x_wconf 90' lang='lat' dir='ltr'>humero</span> <span class='ocrx_word' id='word_1_394' title='bbox 597 2728 701 2763; x_wconf 88' lang='lat' dir='ltr'>vidit.</span> <span class='ocrx_word' id='word_1_395' title='bbox 748 2733 821 2763; x_wconf 86' lang='lat' dir='ltr'>tum</span> <span class='ocrx_word' id='word_1_396' title='bbox 840 2739 918 2763; x_wconf 89' lang='lat' dir='ltr'>eum</span> <span class='ocrx_word' id='word_1_397' title='bbox 939 2728 1098 2774; x_wconf 82' lang='lat' dir='ltr'>amplexa</span> <span class='ocrx_word' id='word_1_398' title='bbox 1125 2740 1234 2763; x_wconf 79' lang='lat' dir='ltr'>naves</span> <span class='ocrx_word' id='word_1_399' title='bbox 1256 2726 1406 2762; x_wconf 83' lang='lat' dir='ltr'>subduci</span> <span class='ocrx_word' id='word_1_400' title='bbox 1427 2727 1464 2760; x_wconf 93' lang='lat' dir='ltr'>in</span> <span class='ocrx_word' id='word_1_401' title='bbox 1486 2725 1612 2760; x_wconf 82' lang='lat' dir='ltr'>navale</span> <span class='ocrx_word' id='word_1_402' title='bbox 1634 2726 1710 2760; x_wconf 85' lang='lat' dir='ltr'>ius-</span> 
     </span>
     <span class='ocr_line' id='line_1_42' title="bbox 225 2771 1710 2817; baseline 0.001 -12"><span class='ocrx_word' id='word_1_403' title='bbox 225 2771 294 2815; x_wconf 86' lang='lat' dir='ltr'>sit,</span> <span class='ocrx_word' id='word_1_404' title='bbox 328 2772 496 2817; x_wconf 86' lang='lat' dir='ltr'>ipsosque</span> <span class='ocrx_word' id='word_1_405' title='bbox 519 2786 636 2808; x_wconf 88' lang='lat' dir='ltr'>secum</span> <span class='ocrx_word' id='word_1_406' title='bbox 659 2780 770 2810; x_wconf 83' lang='lat' dir='ltr'>totam</span> <span class='ocrx_word' id='word_1_407' title='bbox 795 2786 870 2810; x_wconf 84' lang='lat' dir='ltr'>eam</span> <span class='ocrx_word' id='word_1_408' title='bbox 894 2774 1041 2810; x_wconf 88' lang='lat' dir='ltr'>hiemem</span> <span class='ocrx_word' id='word_1_409' title='bbox 1065 2775 1242 2810; x_wconf 85' lang='lat' dir='ltr'>detinuit..</span> <span class='ocrx_word' id='word_1_410' title='bbox 1280 2779 1417 2808; x_wconf 81' lang='lat' dir='ltr'>aestate</span> <span class='ocrx_word' id='word_1_411' title='bbox 1439 2774 1537 2807; x_wconf 81' lang='lat' dir='ltr'>facta</span> <span class='ocrx_word' id='word_1_412' title='bbox 1561 2773 1710 2806; x_wconf 83' lang='lat' dir='ltr'>Orestes</span> 
     </span>
     <span class='ocr_line' id='line_1_43' title="bbox 227 2818 1712 2866; baseline 0.001 -15"><span class='ocrx_word' id='word_1_413' title='bbox 227 2823 264 2852; x_wconf 87' lang='lat' dir='ltr'>et</span> <span class='ocrx_word' id='word_1_414' title='bbox 295 2818 446 2862; x_wconf 81' lang='lat' dir='ltr'>Pylades</span> <span class='ocrx_word' id='word_1_415' title='bbox 472 2819 559 2854; x_wconf 84' lang='lat' dir='ltr'>clam</span> <span class='ocrx_word' id='word_1_416' title='bbox 582 2821 768 2856; x_wconf 85' lang='lat' dir='ltr'>simulacro</span> <span class='ocrx_word' id='word_1_417' title='bbox 790 2821 952 2865; x_wconf 85' lang='lat' dir='ltr'>Dianae,</span> <span class='ocrx_word' id='word_1_418' title='bbox 984 2823 1079 2866; x_wconf 88' lang='lat' dir='ltr'>quod</span> <span class='ocrx_word' id='word_1_419' title='bbox 1103 2834 1147 2857; x_wconf 85' lang='lat' dir='ltr'>ex</span> <span class='ocrx_word' id='word_1_420' title='bbox 1176 2821 1289 2856; x_wconf 90' lang='lat' dir='ltr'>solido</span> <span class='ocrx_word' id='word_1_421' title='bbox 1316 2826 1396 2854; x_wconf 80' lang='lat' dir='ltr'>erat</span> <span class='ocrx_word' id='word_1_422' title='bbox 1418 2831 1527 2864; x_wconf 86' lang='lat' dir='ltr'>auro,</span> <span class='ocrx_word' id='word_1_423' title='bbox 1560 2818 1712 2863; x_wconf 88' lang='lat' dir='ltr'>ipsaque</span> 
     </span>
     <span class='ocr_line' id='line_1_44' title="bbox 227 2865 1711 2913; baseline -0.006 -4"><span class='ocrx_word' id='word_1_424' title='bbox 227 2870 406 2908; x_wconf 62' lang='lat' dir='ltr'>assumpta</span> <span class='ocrx_word' id='word_1_425' title='bbox 422 2865 621 2910; x_wconf 72' lang='lat' dir='ltr'>Iphigenia,</span> <span class='ocrx_word' id='word_1_426' title='bbox 646 2869 773 2913; x_wconf 88' lang='lat' dir='ltr'>quibus</span> <span class='ocrx_word' id='word_1_427' title='bbox 792 2868 934 2903; x_wconf 83' lang='lat' dir='ltr'>advecti</span> <span class='ocrx_word' id='word_1_428' title='bbox 951 2868 1092 2903; x_wconf 77' lang='lat' dir='ltr'>fuerant</span> <span class='ocrx_word' id='word_1_429' title='bbox 1113 2868 1262 2904; x_wconf 86' lang='lat' dir='ltr'>navibus</span> <span class='ocrx_word' id='word_1_430' title='bbox 1283 2867 1518 2912; x_wconf 79' lang='lat' dir='ltr'>aufugerunt3</span> <span class='ocrx_word' id='word_1_431' title='bbox 1540 2865 1711 2900; x_wconf 79' lang='lat' dir='ltr'>traiecta-</span> 
     </span>
     <span class='ocr_line' id='line_1_45' title="bbox 227 2911 1714 2962; baseline 0 -16"><span class='ocrx_word' id='word_1_432' title='bbox 227 2922 298 2958; x_wconf 83' lang='lat' dir='ltr'>que</span> <span class='ocrx_word' id='word_1_433' title='bbox 315 2911 477 2947; x_wconf 77' lang='lat' dir='ltr'>Diabena</span> <span class='ocrx_word' id='word_1_434' title='bbox 509 2913 554 2948; x_wconf 77' lang='lat' dir='ltr'>ad</span> <span class='ocrx_word' id='word_1_435' title='bbox 580 2919 694 2950; x_wconf 82' lang='lat' dir='ltr'>ortum</span> <span class='ocrx_word' id='word_1_436' title='bbox 716 2915 802 2951; x_wconf 84' lang='lat' dir='ltr'>solis</span> <span class='ocrx_word' id='word_1_437' title='bbox 824 2915 870 2952; x_wconf 78' lang='lat' dir='ltr'>ad</span> <span class='ocrx_word' id='word_1_438' title='bbox 893 2915 998 2951; x_wconf 85' lang='lat' dir='ltr'>Emet</span> <span class='ocrx_word' id='word_1_439' title='bbox 1021 2916 1271 2953; x_wconf 79' lang='lat' dir='ltr'>Saracenicum</span> <span class='ocrx_word' id='word_1_440' title='bbox 1295 2912 1525 2962; x_wconf 84' lang='lat' dir='ltr'>appulerunt,</span> <span class='ocrx_word' id='word_1_441' title='bbox 1558 2911 1714 2957; x_wconf 89' lang='lat' dir='ltr'>indeque</span> 
     </span>
    </p>
   </div>
  </div>
 </body>
</html>
