1742 3184
557 206 1005 252 PRAEFATIO.
1427 225 1523 256 xvn

40 328 116 372 fide
155 343 200 371 ac
230 327 368 370 labore
409 336 484 368 non
516 313 676 383 'exiguo
723 323 948 381 descriptae,
1003 323 1230 382 collatusque
1276 339 1357 366 cum
1392 332 1518 367 vestro

41 398 228 455 exemplo.
286 410 335 438 ex
369 407 417 436 eo
451 393 587 450 poterit
619 393 828 435 emendatio
861 407 987 435 eorum
1026 393 1117 435 sumi
1156 393 1194 435 in
1231 392 1363 450 quibus
1400 400 1458 434 est
1495 408 1520 435 a

39 481 100 507 me
135 472 336 523 peecatum.
404 469 443 504 ut
476 461 574 504 enim
607 477 781 519 nusquam
815 475 875 503 me
910 461 1170 504 hallucinatum
1204 460 1405 519 profitear,
1446 475 1521 502 non

39 534 151 576 facile
185 532 276 575 mihi
309 530 499 589 quisquam
542 530 781 586 persuaserit.
842 530 988 573 conlido
1020 539 1147 573 tamen
1187 544 1327 587 aequos
1362 529 1519 584 peritos·

40 617 112 658 que
135 616 266 644 rerum
297 609 334 642 et
367 614 621 641 aerumnarum
658 613 753 656 quae
797 598 835 641 in
867 598 1076 642 huiusmodi
1107 599 1286 658 operibus
1328 605 1410 638 sunt
1451 611 1516 638 ex-

38 667 243 710 anclandae
276 667 439 710 lectores
469 682 544 709 non
581 666 633 709 ita
667 667 777 709 multa
809 667 1105 719 desideraturos,
1142 677 1178 710 ut
1214 681 1288 709 non
1323 666 1394 707 sint
1425 665 1519 707 mihi

37 751 107 793 pro
139 734 328 778 laboribus
359 735 464 778 hisee
501 735 661 794 gratiam
693 735 865 778 habituri.
922 737 1043 780 Vobis
1072 745 1214 786 autem,
1254 735 1337 779 Viri
1367 733 1515 791 amplis·

37 803 141 854 simi,
190 803 299 847 vobis
339 811 528 860 acceptum
573 803 677 847 ferre
717 804 876 855 debent,
931 819 1039 861 quam
1081 804 1155 846 hoe
1193 818 1312 861 opere
1347 802 1517 860 legendo

36 872 226 915 utilitatem
261 871 615 929 delectationemque
662 872 845 930 capient:
893 872 1000 915 vobis
1023 907 1033 923 ,
1074 872 1222 930 inquam
1242 907 1253 924 ,
1292 887 1367 914 non
1408 870 1515 914 mihi.

36 941 181 984 tametsi
225 940 323 983 enim
360 941 479 983 studio
515 940 572 983 rei
607 941 779 998 publicae
820 940 1009 983 literariae
1048 941 1231 983 iuvandae
1271 949 1380 997 atque
1408 939 1509 981 locu-

37 1009 235 1065 pletandae
273 1017 403 1062 tenear
438 1008 500 1053 vel
539 1009 722 1060 maximo,
763 1010 963 1067 paucisque
1000 1011 1129 1065 (quod
1168 1009 1280 1052 velim
1308 1023 1420 1051 nemo
1456 1008 1510 1050 di-

34 1087 128 1120 ctum
155 1078 390 1135 arrogantius
433 1079 563 1134 putet)
604 1078 790 1120 voluntate
818 1078 917 1120 bene
947 1079 1117 1120 merendi
1155 1079 1203 1121 de
1244 1077 1364 1135 patria
1401 1076 1509 1127 cedo,

36 1155 98 1188 aut
127 1146 285 1188 fortasse
314 1146 474 1196 nemini,
514 1154 638 1189 tamen
671 1161 719 1189 ea
747 1155 804 1189 est
832 1161 956 1188 rerum
976 1160 1140 1189 mearum
1168 1147 1345 1196 tenuitas,
1379 1153 1416 1188 ut
1436 1144 1509 1186 nisi

32 1213 115 1255 aliis
141 1214 262 1256 loc-ata
303 1229 389 1256 mea
421 1228 560 1271 opera,
607 1215 668 1271 qui
704 1214 927 1256 fortunarum
952 1229 1117 1256 mearum
1140 1214 1303 1256 habeant
1328 1229 1374 1256 ae
1401 1213 1506 1255 labo·

32 1297 111 1323 rum
151 1290 190 1325 et
223 1297 312 1325 suae
349 1282 582 1325 liberalitatis
619 1283 820 1332 rationem,
873 1283 1061 1324 scribendi
1095 1281 1306 1326 facultatem
1345 1282 1508 1324 habeam

31 1350 179 1392 nullam.
237 1359 276 1392 et
301 1351 466 1407 quamvis
503 1351 614 1391 multo
645 1360 702 1392 est
731 1367 839 1407 quam
874 1350 1035 1406 imperiti
1068 1351 1226 1393 eredere
1258 1352 1402 1408 possint
1442 1364 1507 1392 ae-

30 1418 255 1467 rumnosius‚
302 1418 394 1467 ista,
434 1417 558 1473 qualia
598 1432 665 1459 nos
702 1417 786 1459 fere
828 1418 1008 1459 edidimus
1051 1419 1192 1468 adhuc,
1246 1420 1508 1468 conscribere;

30 1494 68 1528 ut
102 1501 177 1527 non
214 1485 364 1527 do‘mino
403 1491 538 1525 tantum
579 1484 683 1526 fundi
717 1485 914 1527 maximam
932 1519 943 1535 ,
992 1485 1061 1526 sed
1092 1494 1130 1528 et
1167 1486 1301 1529 colono
1345 1488 1508 1544 aliquam

29 1553 191 1611 gratiam
219 1553 360 1595 debere
386 1551 506 1594 videri
532 1552 672 1609 possint
709 1552 770 1609 qui
800 1552 966 1609 frugibus
997 1561 1213 1603 vescuntur;
1253 1569 1330 1612 ego
1361 1554 1509 1597 interim

29 1622 127 1677 quod
156 1622 203 1663 ab
233 1621 317 1664 aliis
354 1620 507 1678 exigam
541 1635 616 1662 non
646 1620 790 1670 habeo,
833 1621 891 1662 eui
919 1620 1066 1662 dubium
1102 1636 1176 1662 non
1198 1622 1247 1664 sit
1279 1622 1364 1677 quin
1399 1637 1508 1665 meos

30 1689 68 1730 in
103 1690 177 1732 hoe
212 1704 332 1746 opere
373 1689 526 1732 labores
562 1703 631 1746 pro
672 1699 795 1731 vestra
836 1689 1061 1731 liberalitate
1097 1698 1207 1745 atque
1253 1690 1506 1733 munificentia

28 1758 80 1799 ita
107 1759 187 1801 sitis
214 1757 501 1814 compensaturi,
540 1766 577 1800 ut
606 1757 744 1814 insigni
771 1757 880 1800 vobis
918 1757 1111 1800 obstrictus
1146 1758 1331 1801 beneficio
1369 1774 1504 1816 perpe-

27 1835 107 1869 tuas
134 1828 204 1870 sim
231 1827 416 1870 debiturus
443 1833 554 1883 atque
587 1825 777 1868 habiturus
807 1826 959 1883 gratias,
1019 1836 1128 1883 atque
1157 1841 1234 1883 ego
1263 1842 1354 1868 sane
1381 1841 1505 1884 neque

27 1894 115 1937 volo
141 1908 263 1952 neque
291 1894 414 1936 debeo
444 1894 554 1936 etiam
584 1893 745 1945 diffiteri,
775 1895 872 1937 hanc
899 1895 989 1937 mihi
1017 1894 1242 1952 potissimam
1262 1895 1375 1938 fuisse
1394 1910 1504 1939 meae

26 1963 135 2005 vobis
176 1978 317 2019 operae
359 1961 578 2004 offerendae
622 1971 731 2020 atque
771 1964 965 2006 navandae
1011 1979 1180 2014 causam,
1232 1972 1269 2006 ut
1302 1972 1501 2006 consecuto

26 2031 125 2091 quod
153 2030 273 2081 volui,
317 2044 426 2072 nemo
460 2030 553 2072 alius
585 2047 697 2087 porro
730 2032 777 2074 sit
811 2033 1064 2089 appellandus.
1124 2041 1162 2074 at
1185 2041 1332 2074 vestrae
1354 2033 1498 2090 magni-

25 2099 198 2142 ficentiae
233 2100 336 2155 quis,
379 2098 451 2140 nisi
484 2099 596 2141 animi
634 2115 782 2156 prorsus
815 2101 990 2151 obnoxii,
1031 2100 1229 2159 negaverit
1260 2101 1455 2157 plurimum
1474 2115 1499 2142 a

25 2183 70 2210 re
102 2168 249 2224 publica
283 2167 450 2210 literaria
495 2175 533 2210 et
569 2169 737 2211 omnibus
770 2169 808 2212 in
840 2185 888 2211 ea
920 2170 1083 2227 ingenue
1119 2170 1350 2212 versantibus
1384 2169 1496 2210 debe-

25 2236 88 2278 ri?
129 2251 212 2278 nam
241 2250 302 2278 me
334 2236 503 2293 quidem,
545 2251 593 2279 ne
625 2238 712 2293 quid
747 2237 990 2288 dissimulem,
1031 2246 1252 2294 paupertas,
1292 2245 1328 2278 ut
1350 2237 1414 2278 ille
1432 2237 1497 2286 ait,

25 2304 167 2360 impulit
198 2305 320 2348 audax
362 2312 400 2347 ut
429 2305 547 2348 libros
580 2305 755 2350 facerem.
822 2308 920 2363 quod
966 2308 1084 2363 ipsum
1119 2314 1242 2349 tamen
1284 2305 1405 2346 adhue
1446 2305 1499 2347 ita

24 2372 242 2428 temperavi,
283 2380 321 2415 et
355 2373 394 2415 in
425 2381 615 2430 posterum
648 2389 793 2430 quoque
826 2376 938 2417 rebus
969 2375 1063 2417 meis
1095 2375 1150 2416 sic
1180 2373 1416 2429 poscentibus
1445 2374 1497 2416 ita

24 2440 227 2490 instituam,
283 2448 322 2484 nt
353 2455 428 2483 non
458 2443 601 2486 minora
634 2443 682 2484 ad
716 2443 894 2486 bonarum
942 2444 1129 2486 literarum
1172 2441 1355 2484 studiosos
1387 2457 1497 2499 quam

24 2509 73 2550 ad
105 2523 167 2551 me
199 2508 293 2550 meis
335 2523 358 2550 e
391 2509 581 2552 laboribus
613 2511 768 2553 redeant
800 2512 1053 2554 emolumenta.
1124 2510 1204 2553 Vos
1241 2518 1362 2553 autem
1397 2511 1495 2567 quid,

23 2585 176 2634 praeter
210 2577 382 2634 publicae
413 2578 578 2620 utilitatis
617 2580 782 2621 rationes
815 2588 853 2622 et
890 2580 1112 2621 voluntatem
1153 2578 1203 2620 de
1248 2593 1310 2621 me
1351 2593 1497 2635 quoque

24 2645 196 2701 privatim
226 2645 325 2687 bene
359 2644 549 2694 merendi,
593 2647 641 2689 ad
675 2648 750 2691 hoe
786 2649 949 2691 Cedreni
982 2647 1141 2688 dandum
1173 2660 1299 2689 munus
1332 2648 1492 2692 adduxe-

23 2713 83 2762 rit,
123 2727 173 2754 ne
217 2713 379 2769 cogitari
410 2714 557 2771 quidem
603 2723 742 2771 potest;
798 2718 869 2758 nisi
901 2717 933 2757 si
967 2716 1048 2773 quis
1090 2716 1141 2758 ita
1172 2723 1228 2758 est
1265 2715 1302 2757 in
1340 2716 1494 2773 Europa

22 2779 162 2836 hospes
195 2789 234 2823 et
259 2781 379 2825 famae
410 2781 582 2839 ignarus,
624 2792 662 2825 ut
693 2799 762 2826 vos
790 2793 827 2827 et
860 2784 982 2826 avitae
1014 2791 1051 2826 et
1081 2782 1215 2826 vestris
1247 2784 1387 2826 meritis
1405 2800 1488 2840 par-

21 2855 83 2890 tae
115 2849 261 2906 gloriae
293 2850 425 2907 inopes
465 2851 670 2908 suspicetur
699 2853 860 2896 voluisse
904 2851 1010 2895 huius
1040 2851 1276 2895 liberalitatis
1317 2861 1487 2910 opportu-

1160 2920 1212 2941 »γε
