<?xml version="1.0" encoding="UTF-8"?>
<!DOCTYPE html PUBLIC "-//W3C//DTD XHTML 1.0 Transitional//EN"
    "http://www.w3.org/TR/xhtml1/DTD/xhtml1-transitional.dtd">
<html xmlns="http://www.w3.org/1999/xhtml" xml:lang="en" lang="en">
 <head>
  <title>
</title>
<meta http-equiv="Content-Type" content="text/html;charset=utf-8" />
  <meta name='ocr-system' content='tesseract 3.04.00' />
  <meta name='ocr-capabilities' content='ocr_page ocr_carea ocr_par ocr_line ocrx_word'/>
</head>
<body>
  <div class='ocr_page' id='page_1' title='image "./corpusscriptorum13niebuoft_0545.png"; bbox 0 0 1742 3184; ppageno 0'>
   <div class='ocr_carea' id='block_1_1' title="bbox 418 170 1565 230">
    <p class='ocr_par' dir='ltr' id='par_1_1' title="bbox 418 170 1565 230">
     <span class='ocr_line' id='line_1_1' title="bbox 418 170 1565 230; baseline 0.01 -13"><span class='ocrx_word' id='word_1_1' title='bbox 418 170 813 219; x_wconf 64' lang='lat' dir='ltr'><strong>HISTORIAM</strong></span> <span class='ocrx_word' id='word_1_2' title='bbox 844 173 1235 222; x_wconf 70' lang='lat' dir='ltr'>commolunt.</span> <span class='ocrx_word' id='word_1_3' title='bbox 1462 180 1565 230; x_wconf 79' lang='lat'><strong><em>521</em></strong></span> 
     </span>
    </p>
   </div>
   <div class='ocr_carea' id='block_1_2' title="bbox 12 284 1700 2838">
    <p class='ocr_par' dir='ltr' id='par_1_2' title="bbox 12 284 1700 2280">
     <span class='ocr_line' id='line_1_2' title="bbox 87 284 1565 352; baseline 0.005 -20"><span class='ocrx_word' id='word_1_4' title='bbox 87 287 166 345; x_wconf 76' lang='grc' dir='ltr'><strong><em>τὴν</em></strong></span> <span class='ocrx_word' id='word_1_5' title='bbox 182 292 257 333; x_wconf 73' lang='grc' dir='ltr'><strong><em>τοῦ</em></strong></span> <span class='ocrx_word' id='word_1_6' title='bbox 274 284 466 345; x_wconf 70' lang='grc' dir='ltr'><strong><em>σώματος</em></strong></span> <span class='ocrx_word' id='word_1_7' title='bbox 482 287 721 347; x_wconf 75' lang='grc' dir='ltr'><strong><em>ἀναδρομὴν</em></strong></span> <span class='ocrx_word' id='word_1_8' title='bbox 738 287 918 349; x_wconf 79' lang='grc' dir='ltr'><strong><em>εῧμῆκης</em></strong></span> <span class='ocrx_word' id='word_1_9' title='bbox 933 292 1004 336; x_wconf 74' lang='grc' dir='ltr'><strong><em>καὶ</em></strong></span> <span class='ocrx_word' id='word_1_10' title='bbox 1021 291 1262 346; x_wconf 71' lang='grc' dir='ltr'><strong><em>ἓπίξανθος,</em></strong></span> <span class='ocrx_word' id='word_1_11' title='bbox 1284 294 1472 352; x_wconf 79' lang='grc' dir='ltr'><strong><em>χαροπὸς</em></strong></span> <span class='ocrx_word' id='word_1_12' title='bbox 1489 296 1565 352; x_wconf 82' lang='grc' dir='ltr'><strong><em>τὴν</em></strong></span> 
     </span>
     <span class='ocr_line' id='line_1_3' title="bbox 87 357 1562 423; baseline 0.005 -23"><span class='ocrx_word' id='word_1_13' title='bbox 87 357 214 412; x_wconf 73' lang='grc' dir='ltr'><strong><em>ὄψιν,</em></strong></span> <span class='ocrx_word' id='word_1_14' title='bbox 261 357 535 415; x_wconf 75' lang='grc' dir='ltr'><strong><em>εὐμετάβολος</em></strong></span> <span class='ocrx_word' id='word_1_15' title='bbox 563 361 652 416; x_wconf 85' lang='grc' dir='ltr'><strong><em>τὴν.</em></strong></span> <span class='ocrx_word' id='word_1_16' title='bbox 666 359 853 419; x_wconf 84' lang='grc' dir='ltr'><strong><em>γνώμην,</em></strong></span> <span class='ocrx_word' id='word_1_17' title='bbox 899 361 1080 421; x_wconf 81' lang='grc' dir='ltr'><strong><em>σώφρων</em></strong></span> <span class='ocrx_word' id='word_1_18' title='bbox 1108 363 1163 406; x_wconf 77' lang='grc' dir='ltr'><strong><em>τὰ</em></strong></span> <span class='ocrx_word' id='word_1_19' title='bbox 1191 364 1296 421; x_wconf 82' lang='grc' dir='ltr'><strong><em>πρὸς</em></strong></span> <span class='ocrx_word' id='word_1_20' title='bbox 1323 364 1562 423; x_wconf 75' lang='grc' dir='ltr'><strong><em>ἀφροδίσια,</em></strong></span> 
     </span>
     <span class='ocr_line' id='line_1_4' title="bbox 88 428 1564 492; baseline 0.005 -22"><span class='ocrx_word' id='word_1_21' title='bbox 88 429 223 486; x_wconf 87' lang='grc' dir='ltr'><strong><em>φίλοις</em></strong></span> <span class='ocrx_word' id='word_1_22' title='bbox 253 428 704 488; x_wconf 85' lang='grc' dir='ltr'><strong><em>συναναστρεφόμενος,</em></strong></span> <span class='ocrx_word' id='word_1_23' title='bbox 738 432 938 489; x_wconf 68' lang='grc' dir='ltr'><strong><em>ἐγκρατὴς</em></strong></span> <span class='ocrx_word' id='word_1_24' title='bbox 963 431 1017 474; x_wconf 75' lang='grc' dir='ltr'><strong><em>τὰ</em></strong></span> <span class='ocrx_word' id='word_1_25' title='bbox 1046 432 1151 490; x_wconf 85' lang='grc' dir='ltr'><strong><em>πρὸς</em></strong></span> <span class='ocrx_word' id='word_1_26' title='bbox 1176 431 1358 492; x_wconf 82' lang='grc' dir='ltr'><strong><em>τροφήν,</em></strong></span> <span class='ocrx_word' id='word_1_27' title='bbox 1395 435 1564 491; x_wconf 73' lang='grc' dir='ltr'><strong><em>εὐμενὴς</em></strong></span> 
     </span>
     <span class='ocr_line' id='line_1_5' title="bbox 85 496 1564 561; baseline 0.005 -22"><span class='ocrx_word' id='word_1_28' title='bbox 85 497 190 554; x_wconf 86' lang='grc' dir='ltr'><strong><em>πρὸς</em></strong></span> <span class='ocrx_word' id='word_1_29' title='bbox 220 496 296 549; x_wconf 81' lang='grc' dir='ltr'><strong><em>τὰς</em></strong></span> <span class='ocrx_word' id='word_1_30' title='bbox 323 497 504 554; x_wconf 81' lang='grc' dir='ltr'><strong><em>αἲτήσεις</em></strong></span> <span class='ocrx_word' id='word_1_31' title='bbox 532 501 599 543; x_wconf 76' lang='grc' dir='ltr'><strong><em>καὶ</em></strong></span> <span class='ocrx_word' id='word_1_32' title='bbox 624 501 777 558; x_wconf 89' lang='grc' dir='ltr'><strong><em>κρίσεις</em></strong></span> <span class='ocrx_word' id='word_1_33' title='bbox 804 506 887 544; x_wconf 84' lang='grc' dir='ltr'><strong><em>τῶν</em></strong></span> <span class='ocrx_word' id='word_1_34' title='bbox 913 500 1125 558; x_wconf 71' lang='grc' dir='ltr'><strong><em>ὑπηκόων·</em></strong></span> <span class='ocrx_word' id='word_1_35' title='bbox 1163 502 1337 561; x_wconf 76' lang='grc' dir='ltr'><strong><em>ὀπωρῶν</em></strong></span> <span class='ocrx_word' id='word_1_36' title='bbox 1362 503 1564 556; x_wconf 79' lang='grc' dir='ltr'><em>καθάπαξ</em></span> 
     </span>
     <span class='ocr_line' id='line_1_6' title="bbox 50 567 1616 631; baseline 0.004 -23"><span class='ocrx_word' id='word_1_37' title='bbox 50 567 324 624; x_wconf 77' lang='grc' dir='ltr'><strong><em>ὄᾶφέστηκεν.</em></strong></span> <span class='ocrx_word' id='word_1_38' title='bbox 393 568 436 610; x_wconf 76' lang='grc' dir='ltr'><strong><em>ἓν</em></strong></span> <span class='ocrx_word' id='word_1_39' title='bbox 461 569 506 611; x_wconf 82' lang='grc' dir='ltr'><strong><em>δὲ</em></strong></span> <span class='ocrx_word' id='word_1_40' title='bbox 529 575 619 620; x_wconf 78' lang='grc' dir='ltr'><strong><em>ταῖς</em></strong></span> <span class='ocrx_word' id='word_1_41' title='bbox 639 575 720 613; x_wconf 82' lang='grc' dir='ltr'><strong><em>τῶν</em></strong></span> <span class='ocrx_word' id='word_1_42' title='bbox 743 568 952 626; x_wconf 73' lang='grc' dir='ltr'><strong><em>ἡγεμόνων</em></strong></span> <span class='ocrx_word' id='word_1_43' title='bbox 975 574 1225 629; x_wconf 79' lang='grc' dir='ltr'><strong><em>φιλοτιμίαις</em></strong></span> <span class='ocrx_word' id='word_1_44' title='bbox 1248 573 1295 617; x_wconf 84' lang='grc' dir='ltr'><strong><em>τὸ</em></strong></span> <span class='ocrx_word' id='word_1_45' title='bbox 1320 574 1476 631; x_wconf 85' lang='grc' dir='ltr'><strong><em>πρέπον</em></strong></span> <span class='ocrx_word' id='word_1_46' title='bbox 1498 574 1561 618; x_wconf 74' lang='grc' dir='ltr'><strong><em>ἀεὶ</em></strong></span> <span class='ocrx_word' id='word_1_47' title='bbox 1582 580 1616 615; x_wconf 90' lang='lat' dir='ltr'>D</span> 
     </span>
     <span class='ocr_line' id='line_1_7' title="bbox 83 634 1564 704; baseline 0.006 -26"><span class='ocrx_word' id='word_1_48' title='bbox 83 634 275 693; x_wconf 79' lang='grc' dir='ltr'><strong><em>διετήρει.</em></strong></span> <span class='ocrx_word' id='word_1_49' title='bbox 344 636 491 680; x_wconf 73' lang='grc' dir='ltr'><strong><em>οὐδένα</em></strong></span> <span class='ocrx_word' id='word_1_50' title='bbox 524 639 569 681; x_wconf 81' lang='grc' dir='ltr'><strong><em>δὲ</em></strong></span> <span class='ocrx_word' id='word_1_51' title='bbox 596 639 658 695; x_wconf 86' lang='grc' dir='ltr'><strong><em>μὴ</em></strong></span> <span class='ocrx_word' id='word_1_52' title='bbox 688 642 875 692; x_wconf 79' lang='grc' dir='ltr'><strong><em>παιδείας</em></strong></span> <span class='ocrx_word' id='word_1_53' title='bbox 902 642 1123 696; x_wconf 72' lang='grc' dir='ltr'><strong><em>μετέχοντα</em></strong></span> <span class='ocrx_word' id='word_1_54' title='bbox 1148 647 1200 699; x_wconf 85' lang='grc' dir='ltr'><strong><em>τῇ</em></strong></span> <span class='ocrx_word' id='word_1_55' title='bbox 1227 645 1420 704; x_wconf 76' lang='grc' dir='ltr'><strong><em>γερουσίᾳ</em></strong></span> <span class='ocrx_word' id='word_1_56' title='bbox 1441 645 1564 687; x_wconf 84' lang='grc' dir='ltr'><strong><em>κατέ-</em></strong></span> 
     </span>
     <span class='ocr_line' id='line_1_8' title="bbox 82 703 1561 771; baseline 0.007 -23"><span class='ocrx_word' id='word_1_57' title='bbox 82 707 216 761; x_wconf 81' lang='grc' dir='ltr'><strong><em>λεγεν,</em></strong></span> <span class='ocrx_word' id='word_1_58' title='bbox 246 703 304 757; x_wconf 79' lang='grc' dir='ltr'><strong><em>ὥς</em></strong></span> <span class='ocrx_word' id='word_1_59' title='bbox 330 708 399 750; x_wconf 82' lang='grc' dir='ltr'><strong><em>καὶ</em></strong></span> <span class='ocrx_word' id='word_1_60' title='bbox 427 707 476 750; x_wconf 86' lang='grc' dir='ltr'><strong><em>τὸ</em></strong></span> <span class='ocrx_word' id='word_1_61' title='bbox 507 707 626 765; x_wconf 74' lang='grc' dir='ltr'><strong><em>εἷ’ρειν</em></strong></span> <span class='ocrx_word' id='word_1_62' title='bbox 654 707 775 766; x_wconf 89' lang='grc' dir='ltr'><strong><em>λόγον</em></strong></span> <span class='ocrx_word' id='word_1_63' title='bbox 803 712 872 753; x_wconf 83' lang='grc' dir='ltr'><strong><em>καὶ</em></strong></span> <span class='ocrx_word' id='word_1_64' title='bbox 902 711 1067 768; x_wconf 77' lang='grc' dir='ltr'><strong><em>μέτροις</em></strong></span> <span class='ocrx_word' id='word_1_65' title='bbox 1094 710 1268 771; x_wconf 79' lang='grc' dir='ltr'><strong><em>γράφειν</em></strong></span> <span class='ocrx_word' id='word_1_66' title='bbox 1296 714 1561 769; x_wconf 75' lang='grc' dir='ltr'><strong><em>ἐπίστασθαι,</em></strong></span> 
     </span>
     <span class='ocr_line' id='line_1_9' title="bbox 80 771 1070 840; baseline 0.008 -24"><span class='ocrx_word' id='word_1_67' title='bbox 80 771 140 817; x_wconf 72' lang='grc' dir='ltr'><strong><em>ἑνὶ</em></strong></span> <span class='ocrx_word' id='word_1_68' title='bbox 161 773 275 833; x_wconf 79' lang='grc' dir='ltr'><strong><em>μόνῳ</em></strong></span> <span class='ocrx_word' id='word_1_69' title='bbox 293 775 495 831; x_wconf 86' lang='grc' dir='ltr'><strong><em>νοσήματι</em></strong></span> <span class='ocrx_word' id='word_1_70' title='bbox 514 781 567 835; x_wconf 88' lang='grc' dir='ltr'><strong><em>τῇ</em></strong></span> <span class='ocrx_word' id='word_1_71' title='bbox 588 780 807 840; x_wconf 78' lang='grc' dir='ltr'><strong><em>κακοδοξίᾳ</em></strong></span> <span class='ocrx_word' id='word_1_72' title='bbox 827 778 1070 836; x_wconf 76' lang='grc' dir='ltr'><strong><em>ἡττώμενος.</em></strong></span> 
     </span>
     <span class='ocr_line' id='line_1_10' title="bbox 218 844 1561 909; baseline 0.006 -22"><span class='ocrx_word' id='word_1_73' title='bbox 218 847 295 903; x_wconf 77' lang='grc' dir='ltr'><strong><em>Τῷ</em></strong></span> <span class='ocrx_word' id='word_1_74' title='bbox 319 844 363 900; x_wconf 82' lang='grc' dir='ltr'><strong><em>β’</em></strong></span> <span class='ocrx_word' id='word_1_75' title='bbox 394 845 473 889; x_wconf 67' lang='grc' dir='ltr'><strong><em>ἔτει</em></strong></span> <span class='ocrx_word' id='word_1_76' title='bbox 501 851 576 902; x_wconf 80' lang='grc' dir='ltr'><strong><em>τῆς</em></strong></span> <span class='ocrx_word' id='word_1_77' title='bbox 606 851 819 902; x_wconf 78' lang='grc' dir='ltr'><strong><em>βασιλείας</em></strong></span> <span class='ocrx_word' id='word_1_78' title='bbox 848 849 977 892; x_wconf 74' lang='grc' dir='ltr'><strong><em>αὐτοῦ</em></strong></span> <span class='ocrx_word' id='word_1_79' title='bbox 1007 846 1252 906; x_wconf 86' lang='grc' dir='ltr'><strong><em>Δαλμάτιος</em></strong></span> <span class='ocrx_word' id='word_1_80' title='bbox 1281 852 1447 909; x_wconf 77' lang='grc' dir='ltr'><strong><em>Καῖσαρ</em></strong></span> <span class='ocrx_word' id='word_1_81' title='bbox 1480 849 1561 895; x_wconf 78' lang='grc' dir='ltr'><strong><em>ὖπό</em></strong></span> 
     </span>
     <span class='ocr_line' id='line_1_11' title="bbox 24 914 1561 973; baseline 0.006 -18"><span class='ocrx_word' id='word_1_82' title='bbox 24 923 71 959; x_wconf 86' lang='lat'><strong><em>10</em></strong></span> <span class='ocrx_word' id='word_1_83' title='bbox 81 918 342 969; x_wconf 78' lang='grc' dir='ltr'><strong><em>στρατιωτῶν</em></strong></span> <span class='ocrx_word' id='word_1_84' title='bbox 362 914 586 973; x_wconf 78' lang='grc' dir='ltr'><strong><em>ἀναιρεῖται</em></strong></span> <span class='ocrx_word' id='word_1_85' title='bbox 595 949 610 969; x_wconf 84' lang='grc'><strong><em>,</em></strong></span> <span class='ocrx_word' id='word_1_86' title='bbox 644 919 691 960; x_wconf 83' lang='grc' dir='ltr'><strong><em>οὗ</em></strong></span> <span class='ocrx_word' id='word_1_87' title='bbox 711 917 976 970; x_wconf 75' lang='grc' dir='ltr'><strong><em>κελεύσαντος</em></strong></span> <span class='ocrx_word' id='word_1_88' title='bbox 994 922 1283 964; x_wconf 88' lang='grc' dir='ltr'><strong><em>Κωνσταντίου</em></strong></span> <span class='ocrx_word' id='word_1_89' title='bbox 1293 954 1307 973; x_wconf 90' lang='lat'><em>‚</em></span> <span class='ocrx_word' id='word_1_90' title='bbox 1342 921 1438 963; x_wconf 72' lang='grc' dir='ltr'><strong><em>ἀλλ’</em></strong></span> <span class='ocrx_word' id='word_1_91' title='bbox 1465 921 1561 965; x_wconf 64' lang='grc' dir='ltr'><strong><em>οὐδὲ</em></strong></span> 
     </span>
     <span class='ocr_line' id='line_1_12' title="bbox 79 981 1560 1047; baseline 0.005 -22"><span class='ocrx_word' id='word_1_92' title='bbox 79 981 339 1035; x_wconf 78' lang='grc' dir='ltr'><strong><em>κωλύσαντος</em></strong></span> <span class='ocrx_word' id='word_1_93' title='bbox 358 985 434 1040; x_wconf 82' lang='grc' dir='ltr'><strong><em>τὴν</em></strong></span> <span class='ocrx_word' id='word_1_94' title='bbox 453 985 630 1044; x_wconf 76' lang='grc' dir='ltr'><strong><em>σφαγήν.</em></strong></span> <span class='ocrx_word' id='word_1_95' title='bbox 700 986 867 1042; x_wconf 61' lang='grc' dir='ltr'><strong><em>ἔζιιελλον</em></strong></span> <span class='ocrx_word' id='word_1_96' title='bbox 888 990 934 1031; x_wconf 82' lang='grc' dir='ltr'><strong><em>δὲ</em></strong></span> <span class='ocrx_word' id='word_1_97' title='bbox 957 995 1296 1047; x_wconf 82' lang='grc' dir='ltr'><strong><em>συναναιρεῖσθαι</em></strong></span> <span class='ocrx_word' id='word_1_98' title='bbox 1313 990 1474 1041; x_wconf 81' lang='grc' dir='ltr'><strong><em>Γάλλος</em></strong></span> <span class='ocrx_word' id='word_1_99' title='bbox 1490 992 1560 1034; x_wconf 80' lang='grc' dir='ltr'><strong><em>καὶ</em></strong></span> 
     </span>
     <span class='ocr_line' id='line_1_13' title="bbox 75 1050 1562 1116; baseline 0.007 -23"><span class='ocrx_word' id='word_1_100' title='bbox 75 1050 296 1104; x_wconf 82' lang='grc' dir='ltr'><strong><em>Ἰουλιανὸς</em></strong></span> <span class='ocrx_word' id='word_1_101' title='bbox 324 1055 364 1097; x_wconf 80' lang='grc' dir='ltr'><strong><em>οἶ</em></strong></span> <span class='ocrx_word' id='word_1_102' title='bbox 394 1056 683 1099; x_wconf 84' lang='grc' dir='ltr'><strong><em>Κωνσταντίου</em></strong></span> <span class='ocrx_word' id='word_1_103' title='bbox 705 1061 780 1100; x_wconf 82' lang='grc' dir='ltr'><strong><em>τοῦ</em></strong></span> <span class='ocrx_word' id='word_1_104' title='bbox 801 1058 984 1116; x_wconf 78' lang='grc' dir='ltr'><strong><em>ἀδελφοῦ</em></strong></span> <span class='ocrx_word' id='word_1_105' title='bbox 1005 1064 1077 1102; x_wconf 80' lang='grc' dir='ltr'><strong><em>τοῦ</em></strong></span> <span class='ocrx_word' id='word_1_106' title='bbox 1097 1058 1276 1115; x_wconf 80' lang='grc' dir='ltr'><strong><em>μεγάλου</em></strong></span> <span class='ocrx_word' id='word_1_107' title='bbox 1294 1061 1562 1103; x_wconf 84' lang='grc' dir='ltr'><strong><em>Κωνσταντί-</em></strong></span> 
     </span>
     <span class='ocr_line' id='line_1_14' title="bbox 76 1124 1559 1186; baseline 0.007 -23"><span class='ocrx_word' id='word_1_108' title='bbox 76 1137 151 1164; x_wconf 85' lang='grc' dir='ltr'><strong><em>νου</em></strong></span> <span class='ocrx_word' id='word_1_109' title='bbox 180 1124 337 1174; x_wconf 83' lang='grc' dir='ltr'><strong><em>παῖδες.</em></strong></span> <span class='ocrx_word' id='word_1_110' title='bbox 405 1124 512 1167; x_wconf 78' lang='grc' dir='ltr'><strong><em>ἀλλὰ</em></strong></span> <span class='ocrx_word' id='word_1_111' title='bbox 543 1125 615 1168; x_wconf 79' lang='grc' dir='ltr'><strong><em>τὸν</em></strong></span> <span class='ocrx_word' id='word_1_112' title='bbox 646 1127 721 1181; x_wconf 73' lang='grc' dir='ltr'><strong><em>μέν</em></strong></span> <span class='ocrx_word' id='word_1_113' title='bbox 753 1126 917 1170; x_wconf 84' lang='grc' dir='ltr'><strong><em>Γάλλον</em></strong></span> <span class='ocrx_word' id='word_1_114' title='bbox 947 1126 1087 1181; x_wconf 82' lang='grc' dir='ltr'><strong><em>νόσος,</em></strong></span> <span class='ocrx_word' id='word_1_115' title='bbox 1121 1129 1193 1171; x_wconf 82' lang='grc' dir='ltr'><strong><em>τὸν</em></strong></span> <span class='ocrx_word' id='word_1_116' title='bbox 1219 1131 1263 1172; x_wconf 81' lang='grc' dir='ltr'><strong><em>δὲ</em></strong></span> <span class='ocrx_word' id='word_1_117' title='bbox 1285 1130 1506 1173; x_wconf 81' lang='grc' dir='ltr'><strong><em>Ἰουλιανὸν</em></strong></span> <span class='ocrx_word' id='word_1_118' title='bbox 1529 1127 1559 1186; x_wconf 77' lang='grc' dir='ltr'><strong><em>ἦ</em></strong></span> 
     </span>
     <span class='ocr_line' id='line_1_15' title="bbox 75 1190 1560 1257; baseline 0.005 -24"><span class='ocrx_word' id='word_1_119' title='bbox 75 1190 270 1247; x_wconf 86' lang='grc' dir='ltr'><strong><em>νηπιότης</em></strong></span> <span class='ocrx_word' id='word_1_120' title='bbox 295 1191 505 1236; x_wconf 87' lang='grc' dir='ltr'><strong><em>διέσωσεν·</em></strong></span> <span class='ocrx_word' id='word_1_121' title='bbox 541 1194 736 1250; x_wconf 78' lang='grc' dir='ltr'><strong><em>ὅκταετὴς</em></strong></span> <span class='ocrx_word' id='word_1_122' title='bbox 755 1197 835 1254; x_wconf 79' lang='grc' dir='ltr'><strong><em>γὰρ</em></strong></span> <span class='ocrx_word' id='word_1_123' title='bbox 856 1191 920 1252; x_wconf 78' lang='grc' dir='ltr'><strong><em>ἦν.</em></strong></span> <span class='ocrx_word' id='word_1_124' title='bbox 990 1197 1278 1249; x_wconf 86' lang='grc' dir='ltr'><strong><em>Κωνστάντιος</em></strong></span> <span class='ocrx_word' id='word_1_125' title='bbox 1295 1200 1342 1242; x_wconf 76' lang='grc' dir='ltr'><strong><em>δὲ</em></strong></span> <span class='ocrx_word' id='word_1_126' title='bbox 1359 1198 1560 1257; x_wconf 87' lang='grc' dir='ltr'><strong><em>πρότερον</em></strong></span> 
     </span>
     <span class='ocr_line' id='line_1_16' title="bbox 19 1259 1559 1325; baseline 0.006 -23"><span class='ocrx_word' id='word_1_127' title='bbox 19 1270 66 1306; x_wconf 81' lang='lat'><strong><em>15</em></strong></span> <span class='ocrx_word' id='word_1_128' title='bbox 78 1259 294 1316; x_wconf 75' lang='grc' dir='ltr'><strong><em>δεχόμενος</em></strong></span> <span class='ocrx_word' id='word_1_129' title='bbox 325 1262 373 1304; x_wconf 81' lang='grc' dir='ltr'><strong><em>τὸ</em></strong></span> <span class='ocrx_word' id='word_1_130' title='bbox 405 1260 623 1317; x_wconf 76' lang='grc' dir='ltr'><strong><em>ὅμοούσιον</em></strong></span> <span class='ocrx_word' id='word_1_131' title='bbox 643 1263 814 1322; x_wconf 66' lang='grc' dir='ltr'><strong><em>ὕστερον</em></strong></span> <span class='ocrx_word' id='word_1_132' title='bbox 836 1266 1032 1320; x_wconf 84' lang='grc' dir='ltr'><strong><em>μετέθετο</em></strong></span> <span class='ocrx_word' id='word_1_133' title='bbox 1058 1266 1279 1325; x_wconf 79' lang='grc' dir='ltr'><strong><em>κουφότητι</em></strong></span> <span class='ocrx_word' id='word_1_134' title='bbox 1300 1267 1465 1324; x_wconf 80' lang='grc' dir='ltr'><strong><em>γνώμης</em></strong></span> <span class='ocrx_word' id='word_1_135' title='bbox 1489 1269 1559 1311; x_wconf 84' lang='grc' dir='ltr'><strong><em>καὶ</em></strong></span> 
     </span>
     <span class='ocr_line' id='line_1_17' title="bbox 73 1328 1700 1394; baseline 0.007 -22"><span class='ocrx_word' id='word_1_136' title='bbox 73 1328 213 1388; x_wconf 80' lang='grc' dir='ltr'><strong><em>ἀπάτῃ</em></strong></span> <span class='ocrx_word' id='word_1_137' title='bbox 234 1335 309 1373; x_wconf 79' lang='grc' dir='ltr'><strong><em>τοῦ</em></strong></span> <span class='ocrx_word' id='word_1_138' title='bbox 322 1330 534 1390; x_wconf 80' lang='grc' dir='ltr'><strong><em>Ἀρειανοῦ</em></strong></span> <span class='ocrx_word' id='word_1_139' title='bbox 553 1335 832 1392; x_wconf 79' lang='grc' dir='ltr'><strong><em>πρεσβυτέρου</em></strong></span> <span class='ocrx_word' id='word_1_140' title='bbox 852 1337 921 1378; x_wconf 83' lang='grc' dir='ltr'><strong><em>καὶ</em></strong></span> <span class='ocrx_word' id='word_1_141' title='bbox 939 1336 1141 1392; x_wconf 80' lang='grc' dir='ltr'><strong><em>Εὖσεβιόυ</em></strong></span> <span class='ocrx_word' id='word_1_142' title='bbox 1160 1342 1236 1380; x_wconf 82' lang='grc' dir='ltr'><strong><em>τοῦ</em></strong></span> <span class='ocrx_word' id='word_1_143' title='bbox 1254 1342 1335 1381; x_wconf 79' lang='grc' dir='ltr'><strong><em>τῶν</em></strong></span> <span class='ocrx_word' id='word_1_144' title='bbox 1353 1337 1556 1394; x_wconf 79' lang='grc' dir='ltr'><strong><em>εὐνούχων</em></strong></span> <span class='ocrx_word' id='word_1_145' title='bbox 1576 1348 1607 1383; x_wconf 84' lang='grc' dir='ltr'>Ρ</span> <span class='ocrx_word' id='word_1_146' title='bbox 1629 1349 1700 1386; x_wconf 80' lang='grc'><strong><em>298</em></strong></span> 
     </span>
     <span class='ocr_line' id='line_1_18' title="bbox 71 1398 970 1459; baseline 0.007 -18"><span class='ocrx_word' id='word_1_147' title='bbox 71 1398 351 1457; x_wconf 75' lang='grc' dir='ltr'><strong><em>πρωτεύοντος</em></strong></span> <span class='ocrx_word' id='word_1_148' title='bbox 370 1403 438 1443; x_wconf 83' lang='grc' dir='ltr'><strong><em>καὶ</em></strong></span> <span class='ocrx_word' id='word_1_149' title='bbox 457 1403 660 1457; x_wconf 75' lang='grc' dir='ltr'><strong><em>Εὖσεβίου</em></strong></span> <span class='ocrx_word' id='word_1_150' title='bbox 678 1407 970 1459; x_wconf 87' lang='grc' dir='ltr'><strong><em>Νικομηδειάς.</em></strong></span> 
     </span>
     <span class='ocr_line' id='line_1_19' title="bbox 215 1468 1560 1527; baseline 0.007 -16"><span class='ocrx_word' id='word_1_151' title='bbox 215 1473 290 1527; x_wconf 79' lang='grc' dir='ltr'><strong><em>Τῷ</em></strong></span> <span class='ocrx_word' id='word_1_152' title='bbox 320 1468 358 1526; x_wconf 84' lang='grc' dir='ltr'><strong><em>γ’</em></strong></span> <span class='ocrx_word' id='word_1_153' title='bbox 391 1469 467 1514; x_wconf 64' lang='grc' dir='ltr'><strong><em>ἔτει</em></strong></span> <span class='ocrx_word' id='word_1_154' title='bbox 501 1473 814 1524; x_wconf 87' lang='grc' dir='ltr'><strong><em>Κωνσταντῖνος</em></strong></span> <span class='ocrx_word' id='word_1_155' title='bbox 841 1474 1029 1517; x_wconf 71' lang='grc' dir='ltr'><strong><em>ἐπελθὼν</em></strong></span> <span class='ocrx_word' id='word_1_156' title='bbox 1059 1480 1146 1525; x_wconf 77' lang='grc' dir='ltr'><strong><em>τοῖς</em></strong></span> <span class='ocrx_word' id='word_1_157' title='bbox 1177 1473 1455 1527; x_wconf 82' lang='grc' dir='ltr'><strong><em>Κώνσταντος</em></strong></span> <span class='ocrx_word' id='word_1_158' title='bbox 1483 1479 1560 1520; x_wconf 78' lang='grc' dir='ltr'><strong><em>τοῦ</em></strong></span> 
     </span>
     <span class='ocr_line' id='line_1_20' title="bbox 72 1538 1558 1602; baseline 0.007 -23"><span class='ocrx_word' id='word_1_159' title='bbox 72 1538 180 1580; x_wconf 75' lang='grc' dir='ltr'><strong><em>ῗδίου</em></strong></span> <span class='ocrx_word' id='word_1_160' title='bbox 213 1538 398 1596; x_wconf 75' lang='grc' dir='ltr'><strong><em>ἀδελφοῦ</em></strong></span> <span class='ocrx_word' id='word_1_161' title='bbox 423 1541 588 1599; x_wconf 85' lang='grc' dir='ltr'><strong><em>μέρεσιν</em></strong></span> <span class='ocrx_word' id='word_1_162' title='bbox 619 1545 688 1585; x_wconf 88' lang='grc' dir='ltr'><strong><em>καὶ</em></strong></span> <span class='ocrx_word' id='word_1_163' title='bbox 721 1543 946 1598; x_wconf 77' lang='grc' dir='ltr'><strong><em>συμβαλὼν</em></strong></span> <span class='ocrx_word' id='word_1_164' title='bbox 966 1542 1146 1599; x_wconf 87' lang='grc' dir='ltr'><strong><em>πόλεμον</em></strong></span> <span class='ocrx_word' id='word_1_165' title='bbox 1168 1545 1352 1602; x_wconf 76' lang='grc' dir='ltr'><strong><em>ἀνῃρέθη</em></strong></span> <span class='ocrx_word' id='word_1_166' title='bbox 1373 1543 1453 1587; x_wconf 57' lang='lat' dir='ltr'>{mo</span> <span class='ocrx_word' id='word_1_167' title='bbox 1476 1550 1558 1589; x_wconf 82' lang='grc' dir='ltr'><strong><em>τῶν</em></strong></span> 
     </span>
     <span class='ocr_line' id='line_1_21' title="bbox 12 1607 1557 1672; baseline 0.004 -20"><span class='ocrx_word' id='word_1_168' title='bbox 12 1612 352 1663; x_wconf 63' lang='grc' dir='ltr'><strong><em>ωστρατιωτιῦν,</em></strong></span> <span class='ocrx_word' id='word_1_169' title='bbox 389 1607 446 1660; x_wconf 82' lang='grc' dir='ltr'><strong><em>ὥς</em></strong></span> <span class='ocrx_word' id='word_1_170' title='bbox 475 1612 752 1667; x_wconf 86' lang='grc' dir='ltr'><strong><em>προλέλεκται.</em></strong></span> <span class='ocrx_word' id='word_1_171' title='bbox 822 1611 1113 1664; x_wconf 85' lang='grc' dir='ltr'><strong><em>Κωνστάντιος</em></strong></span> <span class='ocrx_word' id='word_1_172' title='bbox 1139 1615 1184 1656; x_wconf 76' lang='grc' dir='ltr'><strong><em>δὲ</em></strong></span> <span class='ocrx_word' id='word_1_173' title='bbox 1209 1619 1284 1669; x_wconf 79' lang='grc' dir='ltr'><strong><em>τῆς</em></strong></span> <span class='ocrx_word' id='word_1_174' title='bbox 1305 1613 1411 1672; x_wconf 67' lang='grc' dir='ltr'><strong><em>ἑῴας</em></strong></span> <span class='ocrx_word' id='word_1_175' title='bbox 1431 1619 1557 1669; x_wconf 85' lang='grc' dir='ltr'><strong><em>βασι-</em></strong></span> 
     </span>
     <span class='ocr_line' id='line_1_22' title="bbox 70 1675 1558 1744; baseline 0.006 -26"><span class='ocrx_word' id='word_1_176' title='bbox 70 1675 200 1719; x_wconf 75' lang='grc' dir='ltr'><strong><em>λεύων</em></strong></span> <span class='ocrx_word' id='word_1_177' title='bbox 218 1676 384 1721; x_wconf 83' lang='grc' dir='ltr'><strong><em>Γάλλον</em></strong></span> <span class='ocrx_word' id='word_1_178' title='bbox 406 1681 474 1722; x_wconf 85' lang='grc' dir='ltr'><strong><em>καὶ</em></strong></span> <span class='ocrx_word' id='word_1_179' title='bbox 489 1681 711 1724; x_wconf 84' lang='grc' dir='ltr'><strong><em>Ἰουλιανὸν</em></strong></span> <span class='ocrx_word' id='word_1_180' title='bbox 731 1685 1007 1738; x_wconf 68' lang='grc' dir='ltr'><strong><em>παιδευθῆναι</em></strong></span> <span class='ocrx_word' id='word_1_181' title='bbox 1029 1684 1265 1738; x_wconf 87' lang='grc' dir='ltr'><strong><em>παρέδωκεν</em></strong></span> <span class='ocrx_word' id='word_1_182' title='bbox 1286 1684 1327 1726; x_wconf 80' lang='grc' dir='ltr'><strong><em>ἒν</em></strong></span> <span class='ocrx_word' id='word_1_183' title='bbox 1340 1683 1460 1744; x_wconf 73' lang='grc' dir='ltr'><strong><em>χώρᾳ</em></strong></span> <span class='ocrx_word' id='word_1_184' title='bbox 1480 1702 1558 1727; x_wconf 85' lang='grc' dir='ltr'><strong><em>κα-</em></strong></span> 
     </span>
     <span class='ocr_line' id='line_1_23' title="bbox 68 1747 1557 1810; baseline 0.004 -21"><span class='ocrx_word' id='word_1_185' title='bbox 68 1747 246 1805; x_wconf 80' lang='grc' dir='ltr'><strong><em>λουμένῃ</em></strong></span> <span class='ocrx_word' id='word_1_186' title='bbox 267 1747 318 1803; x_wconf 82' lang='grc' dir='ltr'><strong><em>δὴ</em></strong></span> <span class='ocrx_word' id='word_1_187' title='bbox 340 1749 564 1809; x_wconf 81' lang='grc' dir='ltr'><strong><em>Μακελίῳ,</em></strong></span> <span class='ocrx_word' id='word_1_188' title='bbox 599 1753 772 1807; x_wconf 80' lang='grc' dir='ltr'><strong><em>πλησίον</em></strong></span> <span class='ocrx_word' id='word_1_189' title='bbox 787 1754 1043 1810; x_wconf 83' lang='grc' dir='ltr'><strong><em>Καισαρείας</em></strong></span> <span class='ocrx_word' id='word_1_190' title='bbox 1060 1754 1373 1804; x_wconf 83' lang='grc' dir='ltr'><strong><em>Καππαδοκίας.</em></strong></span> <span class='ocrx_word' id='word_1_191' title='bbox 1444 1748 1557 1796; x_wconf 71' lang='grc' dir='ltr'><strong><em>οὗτοι</em></strong></span> 
     </span>
     <span class='ocr_line' id='line_1_24' title="bbox 69 1814 1554 1881; baseline 0.005 -24"><span class='ocrx_word' id='word_1_192' title='bbox 69 1816 109 1858; x_wconf 79' lang='grc' dir='ltr'><strong><em>οἶ</em></strong></span> <span class='ocrx_word' id='word_1_193' title='bbox 145 1814 221 1859; x_wconf 70' lang='grc' dir='ltr'><strong><em>δύο</em></strong></span> <span class='ocrx_word' id='word_1_194' title='bbox 256 1817 428 1876; x_wconf 77' lang='grc' dir='ltr'><strong><em>ἀδελφοὶ</em></strong></span> <span class='ocrx_word' id='word_1_195' title='bbox 465 1820 723 1877; x_wconf 79' lang='grc' dir='ltr'><strong><em>ἀναγνῶσται</em></strong></span> <span class='ocrx_word' id='word_1_196' title='bbox 756 1821 967 1878; x_wconf 87' lang='grc' dir='ltr'><strong><em>γεγόνασι,</em></strong></span> <span class='ocrx_word' id='word_1_197' title='bbox 1001 1824 1069 1864; x_wconf 85' lang='grc' dir='ltr'><strong><em>καὶ</em></strong></span> <span class='ocrx_word' id='word_1_198' title='bbox 1101 1823 1318 1877; x_wconf 75' lang='grc' dir='ltr'><strong><em>ἐκκλησίαν</em></strong></span> <span class='ocrx_word' id='word_1_199' title='bbox 1338 1824 1472 1865; x_wconf 85' lang='grc' dir='ltr'><strong><em>κτίσαι</em></strong></span> <span class='ocrx_word' id='word_1_200' title='bbox 1494 1827 1554 1881; x_wconf 78' lang='grc' dir='ltr'><strong><em>τῷ</em></strong></span> 
     </span>
     <span class='ocr_line' id='line_1_25' title="bbox 66 1882 1554 1951; baseline 0.005 -23"><span class='ocrx_word' id='word_1_201' title='bbox 66 1882 170 1944; x_wconf 78' lang='grc' dir='ltr'><strong><em>ἇγίῳ</em></strong></span> <span class='ocrx_word' id='word_1_202' title='bbox 201 1884 383 1946; x_wconf 84' lang='grc' dir='ltr'><strong><em>μάρτυρι</em></strong></span> <span class='ocrx_word' id='word_1_203' title='bbox 412 1887 618 1945; x_wconf 86' lang='grc' dir='ltr'><strong><em>Μάμαντι</em></strong></span> <span class='ocrx_word' id='word_1_204' title='bbox 644 1889 1020 1949; x_wconf 75' lang='grc' dir='ltr'><strong><em>προεθυμήθησαν.</em></strong></span> <span class='ocrx_word' id='word_1_205' title='bbox 1090 1892 1133 1934; x_wconf 76' lang='grc' dir='ltr'><strong><em>ἔν</em></strong></span> <span class='ocrx_word' id='word_1_206' title='bbox 1156 1885 1191 1951; x_wconf 75' lang='grc' dir='ltr'><em>ᾧ</em></span> <span class='ocrx_word' id='word_1_207' title='bbox 1211 1892 1256 1934; x_wconf 81' lang='grc' dir='ltr'><strong><em>δὲ</em></strong></span> <span class='ocrx_word' id='word_1_208' title='bbox 1275 1893 1390 1950; x_wconf 83' lang='grc' dir='ltr'><strong><em>μέρει</em></strong></span> <span class='ocrx_word' id='word_1_209' title='bbox 1410 1893 1554 1945; x_wconf 86' lang='grc' dir='ltr'><strong><em>κτίζειν</em></strong></span> 
     </span>
     <span class='ocr_line' id='line_1_26' title="bbox 64 1995 1552 2047; baseline 0.005 -19"><span class='ocrx_word' id='word_1_210' title='bbox 64 2005 168 2039; x_wconf 83' lang='lat' dir='ltr'>cera,</span> <span class='ocrx_word' id='word_1_211' title='bbox 190 1995 327 2042; x_wconf 82' lang='lat' dir='ltr'>flavus,</span> <span class='ocrx_word' id='word_1_212' title='bbox 352 1998 522 2044; x_wconf 86' lang='lat' dir='ltr'>adspectu</span> <span class='ocrx_word' id='word_1_213' title='bbox 542 1999 656 2046; x_wconf 82' lang='lat' dir='ltr'>truci,</span> <span class='ocrx_word' id='word_1_214' title='bbox 680 2000 796 2036; x_wconf 87' lang='lat' dir='ltr'>animo</span> <span class='ocrx_word' id='word_1_215' title='bbox 819 2001 1055 2045; x_wconf 80' lang='lat' dir='ltr'><strong>inconstanti,</strong></span> <span class='ocrx_word' id='word_1_216' title='bbox 1077 2000 1132 2036; x_wconf 86' lang='lat' dir='ltr'><strong><em>rei</em></strong></span> <span class='ocrx_word' id='word_1_217' title='bbox 1150 2001 1338 2036; x_wconf 85' lang='lat' dir='ltr'>Venereae</span> <span class='ocrx_word' id='word_1_218' title='bbox 1355 2000 1552 2047; x_wconf 76' lang='lat' dir='ltr'>abstinens,</span> 
     </span>
     <span class='ocr_line' id='line_1_27' title="bbox 64 2041 1553 2093; baseline 0.005 -18"><span class='ocrx_word' id='word_1_219' title='bbox 64 2041 176 2076; x_wconf 82' lang='lat' dir='ltr'>comis</span> <span class='ocrx_word' id='word_1_220' title='bbox 199 2054 283 2087; x_wconf 84' lang='lat' dir='ltr'>erga</span> <span class='ocrx_word' id='word_1_221' title='bbox 306 2044 456 2089; x_wconf 86' lang='lat' dir='ltr'>amicos,</span> <span class='ocrx_word' id='word_1_222' title='bbox 491 2045 529 2079; x_wconf 89' lang='lat' dir='ltr'><strong><em>in</em></strong></span> <span class='ocrx_word' id='word_1_223' title='bbox 552 2046 631 2081; x_wconf 91' lang='lat' dir='ltr'>cibo</span> <span class='ocrx_word' id='word_1_224' title='bbox 655 2047 906 2083; x_wconf 79' lang='lat' dir='ltr'>continentiam</span> <span class='ocrx_word' id='word_1_225' title='bbox 929 2048 1121 2091; x_wconf 84' lang='lat' dir='ltr'>adhibens,</span> <span class='ocrx_word' id='word_1_226' title='bbox 1153 2049 1373 2082; x_wconf 87' lang='lat' dir='ltr'>subditorum</span> <span class='ocrx_word' id='word_1_227' title='bbox 1402 2048 1553 2093; x_wconf 83' lang='lat' dir='ltr'>petitio-</span> 
     </span>
     <span class='ocr_line' id='line_1_28' title="bbox 63 2088 1552 2140; baseline 0.005 -19"><span class='ocrx_word' id='word_1_228' title='bbox 63 2088 169 2122; x_wconf 84' lang='lat' dir='ltr'>nibus</span> <span class='ocrx_word' id='word_1_229' title='bbox 191 2094 228 2123; x_wconf 87' lang='lat' dir='ltr'><strong><em>et</em></strong></span> <span class='ocrx_word' id='word_1_230' title='bbox 248 2090 365 2124; x_wconf 82' lang='lat' dir='ltr'>causis</span> <span class='ocrx_word' id='word_1_231' title='bbox 386 2091 581 2136; x_wconf 82' lang='lat' dir='ltr'>benignus:</span> <span class='ocrx_word' id='word_1_232' title='bbox 606 2094 780 2129; x_wconf 84' lang='lat' dir='ltr'>fructibus</span> <span class='ocrx_word' id='word_1_233' title='bbox 801 2106 946 2140; x_wconf 87' lang='lat' dir='ltr'>prorsus</span> <span class='ocrx_word' id='word_1_234' title='bbox 965 2094 1183 2138; x_wconf 85' lang='lat' dir='ltr'>abstinebat,</span> <span class='ocrx_word' id='word_1_235' title='bbox 1210 2094 1247 2128; x_wconf 92' lang='lat' dir='ltr'><strong><em>in</em></strong></span> <span class='ocrx_word' id='word_1_236' title='bbox 1262 2093 1552 2129; x_wconf 77' lang='lat' dir='ltr'>contentionibus</span> 
     </span>
     <span class='ocr_line' id='line_1_29' title="bbox 62 2133 1550 2185; baseline 0.005 -17"><span class='ocrx_word' id='word_1_237' title='bbox 62 2133 190 2169; x_wconf 83' lang='lat' dir='ltr'>ducum</span> <span class='ocrx_word' id='word_1_238' title='bbox 211 2147 351 2182; x_wconf 81' lang='lat' dir='ltr'>semper</span> <span class='ocrx_word' id='word_1_239' title='bbox 373 2137 536 2173; x_wconf 85' lang='lat' dir='ltr'>decorum</span> <span class='ocrx_word' id='word_1_240' title='bbox 560 2141 746 2185; x_wconf 84' lang='lat' dir='ltr'>servabat,</span> <span class='ocrx_word' id='word_1_241' title='bbox 779 2141 952 2175; x_wconf 91' lang='lat' dir='ltr'>neminem</span> <span class='ocrx_word' id='word_1_242' title='bbox 974 2141 1188 2175; x_wconf 81' lang='lat' dir='ltr'>ineruditum</span> <span class='ocrx_word' id='word_1_243' title='bbox 1211 2141 1249 2175; x_wconf 90' lang='lat' dir='ltr'><strong><em>in</em></strong></span> <span class='ocrx_word' id='word_1_244' title='bbox 1271 2147 1430 2174; x_wconf 85' lang='lat' dir='ltr'>senatum</span> <span class='ocrx_word' id='word_1_245' title='bbox 1453 2141 1550 2175; x_wconf 84' lang='lat' dir='ltr'>reci-</span> 
     </span>
     <span class='ocr_line' id='line_1_30' title="bbox 63 2180 1550 2233; baseline 0.005 -18"><span class='ocrx_word' id='word_1_246' title='bbox 63 2180 210 2227; x_wconf 84' lang='lat' dir='ltr'>piebat,</span> <span class='ocrx_word' id='word_1_247' title='bbox 244 2182 324 2229; x_wconf 87' lang='lat' dir='ltr'>ipse</span> <span class='ocrx_word' id='word_1_248' title='bbox 348 2189 385 2218; x_wconf 90' lang='lat' dir='ltr'><strong><em>et</em></strong></span> <span class='ocrx_word' id='word_1_249' title='bbox 406 2195 546 2230; x_wconf 85' lang='lat' dir='ltr'>prosam</span> <span class='ocrx_word' id='word_1_250' title='bbox 569 2186 763 2221; x_wconf 83' lang='lat' dir='ltr'>orationem</span> <span class='ocrx_word' id='word_1_251' title='bbox 789 2188 947 2223; x_wconf 86' lang='lat' dir='ltr'>scribere</span> <span class='ocrx_word' id='word_1_252' title='bbox 972 2194 1010 2222; x_wconf 87' lang='lat' dir='ltr'><strong><em>et</em></strong></span> <span class='ocrx_word' id='word_1_253' title='bbox 1031 2198 1154 2221; x_wconf 77' lang='lat' dir='ltr'>versus</span> <span class='ocrx_word' id='word_1_254' title='bbox 1179 2199 1335 2233; x_wconf 84' lang='lat' dir='ltr'><strong><em>pangere</em></strong></span> <span class='ocrx_word' id='word_1_255' title='bbox 1357 2187 1550 2222; x_wconf 75' lang='lat' dir='ltr'>didicerat.</span> 
     </span>
     <span class='ocr_line' id='line_1_31' title="bbox 63 2228 1176 2280; baseline 0.004 -18"><span class='ocrx_word' id='word_1_256' title='bbox 63 2237 170 2262; x_wconf 84' lang='lat' dir='ltr'>unum</span> <span class='ocrx_word' id='word_1_257' title='bbox 198 2228 233 2263; x_wconf 71' lang='lat' dir='ltr'><strong><em>ei</em></strong></span> <span class='ocrx_word' id='word_1_258' title='bbox 254 2229 379 2264; x_wconf 78' lang='lat' dir='ltr'>vitium</span> <span class='ocrx_word' id='word_1_259' title='bbox 401 2231 534 2274; x_wconf 86' lang='lat' dir='ltr'>adfuit,</span> <span class='ocrx_word' id='word_1_260' title='bbox 559 2244 694 2277; x_wconf 86' lang='lat' dir='ltr'>pravae</span> <span class='ocrx_word' id='word_1_261' title='bbox 715 2234 760 2268; x_wconf 91' lang='lat' dir='ltr'>de</span> <span class='ocrx_word' id='word_1_262' title='bbox 781 2234 955 2280; x_wconf 81' lang='lat' dir='ltr'><strong><em>religione</em></strong></span> <span class='ocrx_word' id='word_1_263' title='bbox 978 2233 1176 2279; x_wconf 85' lang='lat' dir='ltr'>opiniones.</span> 
     </span>
    </p>

    <p class='ocr_par' dir='ltr' id='par_1_3' title="bbox 58 2275 1555 2649">
     <span class='ocr_line' id='line_1_32' title="bbox 156 2275 1554 2324; baseline 0.004 -15"><span class='ocrx_word' id='word_1_264' title='bbox 156 2275 260 2310; x_wconf 84' lang='lat' dir='ltr'>Anno</span> <span class='ocrx_word' id='word_1_265' title='bbox 290 2276 493 2312; x_wconf 83' lang='lat' dir='ltr'>Constantii</span> <span class='ocrx_word' id='word_1_266' title='bbox 523 2278 664 2324; x_wconf 85' lang='lat' dir='ltr'>imperii</span> <span class='ocrx_word' id='word_1_267' title='bbox 688 2282 842 2316; x_wconf 87' lang='lat' dir='ltr'>secundo</span> <span class='ocrx_word' id='word_1_268' title='bbox 867 2281 1061 2315; x_wconf 86' lang='lat' dir='ltr'>Dalmatius</span> <span class='ocrx_word' id='word_1_269' title='bbox 1088 2281 1223 2315; x_wconf 84' lang='lat' dir='ltr'>Caesar</span> <span class='ocrx_word' id='word_1_270' title='bbox 1248 2292 1271 2315; x_wconf 90' lang='lat' dir='ltr'>a</span> <span class='ocrx_word' id='word_1_271' title='bbox 1293 2279 1462 2314; x_wconf 86' lang='lat' dir='ltr'>militibus</span> <span class='ocrx_word' id='word_1_272' title='bbox 1486 2291 1554 2314; x_wconf 80' lang='lat' dir='ltr'>ne-</span> 
     </span>
     <span class='ocr_line' id='line_1_33' title="bbox 64 2323 1555 2374; baseline 0.003 -19"><span class='ocrx_word' id='word_1_273' title='bbox 64 2324 186 2366; x_wconf 72' lang='lat' dir='ltr'>catur,</span> <span class='ocrx_word' id='word_1_274' title='bbox 209 2334 325 2368; x_wconf 87' lang='lat' dir='ltr'>neque</span> <span class='ocrx_word' id='word_1_275' title='bbox 347 2323 492 2359; x_wconf 87' lang='lat' dir='ltr'>iubente</span> <span class='ocrx_word' id='word_1_276' title='bbox 515 2324 551 2359; x_wconf 90' lang='lat' dir='ltr'><strong><em>id</em></strong></span> <span class='ocrx_word' id='word_1_277' title='bbox 570 2325 781 2362; x_wconf 84' lang='lat' dir='ltr'>Constantio</span> <span class='ocrx_word' id='word_1_278' title='bbox 805 2339 919 2374; x_wconf 85' lang='lat' dir='ltr'>neque</span> <span class='ocrx_word' id='word_1_279' title='bbox 943 2333 1102 2361; x_wconf 74' lang='lat' dir='ltr'>vetante.</span> <span class='ocrx_word' id='word_1_280' title='bbox 1152 2334 1254 2361; x_wconf 86' lang='lat' dir='ltr'>erant</span> <span class='ocrx_word' id='word_1_281' title='bbox 1274 2326 1378 2361; x_wconf 78' lang='lat' dir='ltr'>etiam</span> <span class='ocrx_word' id='word_1_282' title='bbox 1402 2337 1471 2360; x_wconf 89' lang='lat' dir='ltr'>una</span> <span class='ocrx_word' id='word_1_283' title='bbox 1494 2326 1555 2360; x_wconf 82' lang='lat' dir='ltr'><strong><em>in-</em></strong></span> 
     </span>
     <span class='ocr_line' id='line_1_34' title="bbox 62 2368 1552 2418; baseline 0.004 -16"><span class='ocrx_word' id='word_1_284' title='bbox 62 2368 252 2404; x_wconf 83' lang='lat' dir='ltr'>terfecturi</span> <span class='ocrx_word' id='word_1_285' title='bbox 276 2369 416 2404; x_wconf 90' lang='lat' dir='ltr'>Gallum</span> <span class='ocrx_word' id='word_1_286' title='bbox 443 2376 481 2405; x_wconf 89' lang='lat' dir='ltr'><strong><em>et</em></strong></span> <span class='ocrx_word' id='word_1_287' title='bbox 503 2371 674 2407; x_wconf 90' lang='lat' dir='ltr'>Iulianum</span> <span class='ocrx_word' id='word_1_288' title='bbox 697 2373 790 2408; x_wconf 86' lang='lat' dir='ltr'>filios</span> <span class='ocrx_word' id='word_1_289' title='bbox 814 2374 1014 2409; x_wconf 78' lang='lat' dir='ltr'>Constantii</span> <span class='ocrx_word' id='word_1_290' title='bbox 1038 2373 1115 2408; x_wconf 88' lang='lat' dir='ltr'>eius</span> <span class='ocrx_word' id='word_1_291' title='bbox 1138 2373 1200 2418; x_wconf 93' lang='lat' dir='ltr'><strong><em>qui</em></strong></span> <span class='ocrx_word' id='word_1_292' title='bbox 1220 2372 1455 2408; x_wconf 83' lang='lat' dir='ltr'>Constantino</span> <span class='ocrx_word' id='word_1_293' title='bbox 1474 2385 1552 2408; x_wconf 86' lang='lat' dir='ltr'>ma-</span> 
     </span>
     <span class='ocr_line' id='line_1_35' title="bbox 63 2416 1552 2464; baseline 0.004 -16"><span class='ocrx_word' id='word_1_294' title='bbox 63 2425 134 2459; x_wconf 86' lang='lat' dir='ltr'>gno</span> <span class='ocrx_word' id='word_1_295' title='bbox 166 2416 280 2450; x_wconf 88' lang='lat' dir='ltr'>frater</span> <span class='ocrx_word' id='word_1_296' title='bbox 313 2416 401 2450; x_wconf 82' lang='lat' dir='ltr'>suit:</span> <span class='ocrx_word' id='word_1_297' title='bbox 442 2418 506 2452; x_wconf 88' lang='lat' dir='ltr'><strong><em>sed</em></strong></span> <span class='ocrx_word' id='word_1_298' title='bbox 546 2418 683 2454; x_wconf 86' lang='lat' dir='ltr'>Gallum</span> <span class='ocrx_word' id='word_1_299' title='bbox 719 2422 861 2456; x_wconf 84' lang='lat' dir='ltr'>morbus</span> <span class='ocrx_word' id='word_1_300' title='bbox 897 2421 975 2455; x_wconf 89' lang='lat' dir='ltr'>neci</span> <span class='ocrx_word' id='word_1_301' title='bbox 1010 2420 1205 2464; x_wconf 83' lang='lat' dir='ltr'>subtraxit,</span> <span class='ocrx_word' id='word_1_302' title='bbox 1242 2419 1414 2454; x_wconf 89' lang='lat' dir='ltr'>lulianum</span> <span class='ocrx_word' id='word_1_303' title='bbox 1439 2425 1552 2464; x_wconf 78' lang='lat' dir='ltr'>aetas,</span> 
     </span>
     <span class='ocr_line' id='line_1_36' title="bbox 63 2466 1552 2502; baseline 0.004 -8"><span class='ocrx_word' id='word_1_304' title='bbox 63 2467 145 2495; x_wconf 84' lang='lat' dir='ltr'>octo</span> <span class='ocrx_word' id='word_1_305' title='bbox 168 2467 303 2496; x_wconf 84' lang='lat' dir='ltr'>tantum</span> <span class='ocrx_word' id='word_1_306' title='bbox 328 2474 438 2497; x_wconf 91' lang='lat' dir='ltr'>annos</span> <span class='ocrx_word' id='word_1_307' title='bbox 462 2470 594 2498; x_wconf 77' lang='lat' dir='ltr'>natum.</span> <span class='ocrx_word' id='word_1_308' title='bbox 643 2466 873 2502; x_wconf 83' lang='lat' dir='ltr'>Constantius</span> <span class='ocrx_word' id='word_1_309' title='bbox 906 2472 1021 2501; x_wconf 84' lang='lat' dir='ltr'>autem</span> <span class='ocrx_word' id='word_1_310' title='bbox 1056 2478 1132 2501; x_wconf 87' lang='lat' dir='ltr'><strong><em>cum</em></strong></span> <span class='ocrx_word' id='word_1_311' title='bbox 1165 2472 1247 2501; x_wconf 86' lang='lat' dir='ltr'>ante</span> <span class='ocrx_word' id='word_1_312' title='bbox 1269 2466 1479 2500; x_wconf 77' lang='lat' dir='ltr'>sententiam</span> <span class='ocrx_word' id='word_1_313' title='bbox 1505 2466 1552 2500; x_wconf 82' lang='lat' dir='ltr'>de</span> 
     </span>
     <span class='ocr_line' id='line_1_37' title="bbox 60 2507 1553 2560; baseline 0.003 -19"><span class='ocrx_word' id='word_1_314' title='bbox 60 2507 136 2541; x_wconf 84' lang='lat' dir='ltr'>filio</span> <span class='ocrx_word' id='word_1_315' title='bbox 160 2509 450 2544; x_wconf 86' lang='lat' dir='ltr'>consubstantiali</span> <span class='ocrx_word' id='word_1_316' title='bbox 473 2517 570 2544; x_wconf 86' lang='lat' dir='ltr'>esset</span> <span class='ocrx_word' id='word_1_317' title='bbox 591 2512 790 2558; x_wconf 82' lang='lat' dir='ltr'>amplexus,</span> <span class='ocrx_word' id='word_1_318' title='bbox 816 2519 896 2560; x_wconf 85' lang='lat' dir='ltr'>post</span> <span class='ocrx_word' id='word_1_319' title='bbox 921 2514 964 2547; x_wconf 88' lang='lat' dir='ltr'><strong><em>ab</em></strong></span> <span class='ocrx_word' id='word_1_320' title='bbox 989 2525 1032 2547; x_wconf 86' lang='lat' dir='ltr'>ea</span> <span class='ocrx_word' id='word_1_321' title='bbox 1054 2512 1225 2556; x_wconf 88' lang='lat' dir='ltr'>descivit,</span> <span class='ocrx_word' id='word_1_322' title='bbox 1247 2512 1394 2547; x_wconf 75' lang='lat' dir='ltr'>levitate</span> <span class='ocrx_word' id='word_1_323' title='bbox 1414 2511 1553 2557; x_wconf 83' lang='lat' dir='ltr'>ingenii</span> 
     </span>
     <span class='ocr_line' id='line_1_38' title="bbox 60 2554 1552 2605; baseline 0.005 -18"><span class='ocrx_word' id='word_1_324' title='bbox 60 2565 105 2588; x_wconf 86' lang='lat' dir='ltr'><strong><em>ac</em></strong></span> <span class='ocrx_word' id='word_1_325' title='bbox 127 2554 254 2588; x_wconf 84' lang='lat' dir='ltr'>fraude</span> <span class='ocrx_word' id='word_1_326' title='bbox 275 2555 399 2589; x_wconf 88' lang='lat' dir='ltr'>Ariani</span> <span class='ocrx_word' id='word_1_327' title='bbox 423 2558 629 2601; x_wconf 84' lang='lat' dir='ltr'>presbyteri</span> <span class='ocrx_word' id='word_1_328' title='bbox 652 2564 690 2594; x_wconf 89' lang='lat' dir='ltr'><strong><em>et</em></strong></span> <span class='ocrx_word' id='word_1_329' title='bbox 708 2559 861 2595; x_wconf 86' lang='lat' dir='ltr'>Eusebii</span> <span class='ocrx_word' id='word_1_330' title='bbox 884 2560 1120 2595; x_wconf 86' lang='lat' dir='ltr'>eunuchorum</span> <span class='ocrx_word' id='word_1_331' title='bbox 1144 2559 1316 2605; x_wconf 84' lang='lat' dir='ltr'>principis</span> <span class='ocrx_word' id='word_1_332' title='bbox 1341 2566 1378 2594; x_wconf 85' lang='lat' dir='ltr'><strong><em>et</em></strong></span> <span class='ocrx_word' id='word_1_333' title='bbox 1398 2558 1552 2594; x_wconf 78' lang='lat' dir='ltr'>Eusebii</span> 
     </span>
     <span class='ocr_line' id='line_1_39' title="bbox 58 2599 541 2649; baseline 0.006 -15"><span class='ocrx_word' id='word_1_334' title='bbox 58 2599 348 2636; x_wconf 84' lang='lat' dir='ltr'>Nicomediensis</span> <span class='ocrx_word' id='word_1_335' title='bbox 367 2602 541 2649; x_wconf 84' lang='lat' dir='ltr'>episcopi.</span> 
     </span>
    </p>

    <p class='ocr_par' dir='ltr' id='par_1_4' title="bbox 61 2647 1549 2838">
     <span class='ocr_line' id='line_1_40' title="bbox 156 2647 1549 2687; baseline 0.004 -6"><span class='ocrx_word' id='word_1_336' title='bbox 156 2647 285 2682; x_wconf 82' lang='lat' dir='ltr'>Tertio</span> <span class='ocrx_word' id='word_1_337' title='bbox 319 2658 422 2683; x_wconf 63' lang='lat' dir='ltr'>anno*</span> <span class='ocrx_word' id='word_1_338' title='bbox 445 2649 699 2686; x_wconf 82' lang='lat' dir='ltr'>Constantinus</span> <span class='ocrx_word' id='word_1_339' title='bbox 733 2664 810 2687; x_wconf 84' lang='lat' dir='ltr'><strong><em>cum</em></strong></span> <span class='ocrx_word' id='word_1_340' title='bbox 838 2652 876 2687; x_wconf 91' lang='lat' dir='ltr'><strong><em>in</em></strong></span> <span class='ocrx_word' id='word_1_341' title='bbox 907 2651 1081 2687; x_wconf 83' lang='lat' dir='ltr'>dicionem</span> <span class='ocrx_word' id='word_1_342' title='bbox 1110 2651 1234 2686; x_wconf 81' lang='lat' dir='ltr'>fratris</span> <span class='ocrx_word' id='word_1_343' title='bbox 1256 2651 1462 2687; x_wconf 86' lang='lat' dir='ltr'>Constantis</span> <span class='ocrx_word' id='word_1_344' title='bbox 1483 2651 1549 2686; x_wconf 83' lang='lat' dir='ltr'><strong><em>ad-</em></strong></span> 
     </span>
     <span class='ocr_line' id='line_1_41' title="bbox 61 2693 1548 2743; baseline 0.004 -16"><span class='ocrx_word' id='word_1_345' title='bbox 61 2693 243 2738; x_wconf 81' lang='lat' dir='ltr'>venisset,</span> <span class='ocrx_word' id='word_1_346' title='bbox 268 2695 449 2730; x_wconf 86' lang='lat' dir='ltr'>commissa</span> <span class='ocrx_word' id='word_1_347' title='bbox 470 2707 586 2742; x_wconf 84' lang='lat' dir='ltr'>pugna</span> <span class='ocrx_word' id='word_1_348' title='bbox 611 2709 632 2731; x_wconf 81' lang='lat' dir='ltr'>a</span> <span class='ocrx_word' id='word_1_349' title='bbox 655 2697 824 2734; x_wconf 85' lang='lat' dir='ltr'>militibus</span> <span class='ocrx_word' id='word_1_350' title='bbox 848 2704 904 2734; x_wconf 87' lang='lat' dir='ltr'><strong><em>est</em></strong></span> <span class='ocrx_word' id='word_1_351' title='bbox 926 2699 1156 2743; x_wconf 82' lang='lat' dir='ltr'>interfectus,</span> <span class='ocrx_word' id='word_1_352' title='bbox 1180 2706 1220 2733; x_wconf 84' lang='lat' dir='ltr'><strong><em>ut</em></strong></span> <span class='ocrx_word' id='word_1_353' title='bbox 1237 2699 1400 2734; x_wconf 85' lang='lat' dir='ltr'>diximus.</span> <span class='ocrx_word' id='word_1_354' title='bbox 1449 2699 1548 2733; x_wconf 82' lang='lat' dir='ltr'>Con-</span> 
     </span>
     <span class='ocr_line' id='line_1_42' title="bbox 61 2741 1549 2789; baseline 0.003 -15"><span class='ocrx_word' id='word_1_355' title='bbox 61 2741 213 2776; x_wconf 80' lang='lat' dir='ltr'>stantius</span> <span class='ocrx_word' id='word_1_356' title='bbox 244 2741 406 2776; x_wconf 81' lang='lat' dir='ltr'>Orientis</span> <span class='ocrx_word' id='word_1_357' title='bbox 438 2743 633 2789; x_wconf 87' lang='lat' dir='ltr'>imperator</span> <span class='ocrx_word' id='word_1_358' title='bbox 663 2744 803 2779; x_wconf 88' lang='lat' dir='ltr'>Gallum</span> <span class='ocrx_word' id='word_1_359' title='bbox 837 2751 877 2780; x_wconf 91' lang='lat' dir='ltr'><strong><em>et</em></strong></span> <span class='ocrx_word' id='word_1_360' title='bbox 905 2745 1078 2780; x_wconf 88' lang='lat' dir='ltr'>Iulianum</span> <span class='ocrx_word' id='word_1_361' title='bbox 1103 2745 1313 2780; x_wconf 78' lang='lat' dir='ltr'>erudiendos</span> <span class='ocrx_word' id='word_1_362' title='bbox 1340 2745 1488 2780; x_wconf 80' lang='lat' dir='ltr'>tradidit</span> <span class='ocrx_word' id='word_1_363' title='bbox 1509 2745 1549 2779; x_wconf 87' lang='lat' dir='ltr'><strong><em>in</em></strong></span> 
     </span>
     <span class='ocr_line' id='line_1_43' title="bbox 61 2787 1546 2838; baseline 0.004 -17"><span class='ocrx_word' id='word_1_364' title='bbox 61 2787 141 2822; x_wconf 86' lang='lat' dir='ltr'>loco</span> <span class='ocrx_word' id='word_1_365' title='bbox 165 2787 227 2834; x_wconf 92' lang='lat' dir='ltr'><strong><em>qui</em></strong></span> <span class='ocrx_word' id='word_1_366' title='bbox 250 2787 437 2822; x_wconf 85' lang='lat' dir='ltr'>Macelium</span> <span class='ocrx_word' id='word_1_367' title='bbox 460 2790 659 2836; x_wconf 81' lang='lat' dir='ltr'>appellatur</span> <span class='ocrx_word' id='word_1_368' title='bbox 681 2796 719 2825; x_wconf 89' lang='lat' dir='ltr'><strong><em>et</em></strong></span> <span class='ocrx_word' id='word_1_369' title='bbox 740 2804 810 2826; x_wconf 92' lang='lat' dir='ltr'>non</span> <span class='ocrx_word' id='word_1_370' title='bbox 833 2792 956 2837; x_wconf 86' lang='lat' dir='ltr'>procul</span> <span class='ocrx_word' id='word_1_371' title='bbox 983 2793 1088 2827; x_wconf 81' lang='lat' dir='ltr'>abest</span> <span class='ocrx_word' id='word_1_372' title='bbox 1109 2803 1131 2826; x_wconf 86' lang='lat' dir='ltr'>a</span> <span class='ocrx_word' id='word_1_373' title='bbox 1154 2793 1332 2827; x_wconf 80' lang='lat' dir='ltr'>Caesarea</span> <span class='ocrx_word' id='word_1_374' title='bbox 1355 2792 1546 2838; x_wconf 86' lang='lat' dir='ltr'>Cappado-</span> 
     </span>
    </p>
   </div>
   <div class='ocr_carea' id='block_1_3' title="bbox 60 2834 1546 2934">
    <p class='ocr_par' dir='ltr' id='par_1_5' title="bbox 60 2834 1546 2934">
     <span class='ocr_line' id='line_1_44' title="bbox 61 2834 1546 2888; baseline 0.003 -21"><span class='ocrx_word' id='word_1_375' title='bbox 61 2834 153 2868; x_wconf 85' lang='lat' dir='ltr'>ciae.</span> <span class='ocrx_word' id='word_1_376' title='bbox 202 2835 239 2868; x_wconf 83' lang='lat' dir='ltr'>hi</span> <span class='ocrx_word' id='word_1_377' title='bbox 272 2835 341 2869; x_wconf 87' lang='lat' dir='ltr'><strong><em>duo</em></strong></span> <span class='ocrx_word' id='word_1_378' title='bbox 373 2836 503 2870; x_wconf 84' lang='lat' dir='ltr'>fratres</span> <span class='ocrx_word' id='word_1_379' title='bbox 532 2836 684 2872; x_wconf 85' lang='lat' dir='ltr'>lectores</span> <span class='ocrx_word' id='word_1_380' title='bbox 718 2838 967 2884; x_wconf 84' lang='lat' dir='ltr'>(Anagnostas</span> <span class='ocrx_word' id='word_1_381' title='bbox 997 2840 1154 2884; x_wconf 83' lang='lat' dir='ltr'>vocant)</span> <span class='ocrx_word' id='word_1_382' title='bbox 1184 2839 1348 2888; x_wconf 64' lang='lat' dir='ltr'>fuerunt,</span> <span class='ocrx_word' id='word_1_383' title='bbox 1381 2838 1546 2873; x_wconf 83' lang='lat' dir='ltr'>intende-</span> 
     </span>
     <span class='ocr_line' id='line_1_45' title="bbox 60 2881 1546 2934; baseline 0.004 -20"><span class='ocrx_word' id='word_1_384' title='bbox 60 2886 215 2928; x_wconf 82' lang='lat' dir='ltr'>runtque</span> <span class='ocrx_word' id='word_1_385' title='bbox 245 2881 412 2929; x_wconf 82' lang='lat' dir='ltr'>templum</span> <span class='ocrx_word' id='word_1_386' title='bbox 441 2889 566 2919; x_wconf 81' lang='lat' dir='ltr'>sancto</span> <span class='ocrx_word' id='word_1_387' title='bbox 595 2884 746 2930; x_wconf 78' lang='lat' dir='ltr'>martyri</span> <span class='ocrx_word' id='word_1_388' title='bbox 774 2884 949 2922; x_wconf 83' lang='lat' dir='ltr'>Mamanti</span> <span class='ocrx_word' id='word_1_389' title='bbox 980 2886 1147 2922; x_wconf 84' lang='lat' dir='ltr'>condere.</span> <span class='ocrx_word' id='word_1_390' title='bbox 1194 2897 1287 2934; x_wconf 84' lang='lat' dir='ltr'>quae</span> <span class='ocrx_word' id='word_1_391' title='bbox 1315 2892 1433 2922; x_wconf 77' lang='lat' dir='ltr'>autem</span> <span class='ocrx_word' id='word_1_392' title='bbox 1460 2896 1546 2933; x_wconf 83' lang='lat' dir='ltr'>pars</span> 
     </span>
    </p>
   </div>
  </div>
 </body>
</html>
