1742 3184
201 195 305 246 286
685 193 927 242 GEORGII
958 192 1205 240 CEDRENI

199 309 431 371 προεδήλου
463 311 538 368 τὴν
563 311 746 370 πονηρὰν
774 309 925 369 ἔφοδον
946 306 1195 367 Ἀντιόχου·
1232 308 1452 364 ἀναζεύξας
1475 309 1555 369 γὰρ
1581 310 1683 365 μετὰ

198 384 310 439 νίκης
338 385 493 438 πολλῆς
522 383 591 425 καὶ
623 381 923 439 τεθηριωμένος
952 380 1029 435 τὴν
1055 379 1196 436 ψυχὴν
1222 382 1429 438 παρέλαβε·
1458 380 1536 436 τὴν
1567 378 1686 423 πόλιν

200 451 483 510 δορυάλωτον,
518 450 604 494 εἶτα
620 449 924 508 προστάξαντος
940 449 1038 500 τοὺς
1055 447 1308 506 στρατιώτας
1328 450 1507 508 ἀφειδῶς
1524 448 1684 492 κόπτειν

145 531 176 570 Β
198 523 295 573 τοὺς
320 519 708 579 παρατυγχάνοντας
736 519 1000 577 ἀνῃρέθησαν
1014 517 1198 574 χιλιάδες
1220 518 1301 578 ρπ’.
1370 517 1685 574 κατατολμήσας

197 587 269 634 οὖν
292 593 360 634 καὶ
384 592 439 641 εἲς
459 590 504 633 τὸ
528 589 709 647 ἅγιάσμα
735 587 935 632 εἷσελθών
961 589 1003 630 ἓν
1027 586 1286 648 ὑπερηφανίᾳ
1305 592 1458 646 πολλῇ,
1494 589 1562 630 καὶ
1584 586 1718 644 στῆ-5

195 678 274 712 σας
290 660 434 715 βωμὸν
452 661 518 702 καὶ
538 660 705 702 εἴδωλον
722 659 935 715 βδέλυγμα
956 656 1199 714 ἐρημώσεως
1206 690 1219 710 ,
1247 659 1314 700 καὶ
1332 658 1403 701 τὸν
1419 657 1518 701 ναὸν
1535 655 1687 712 μιάνας

196 730 257 774 δι’
294 728 546 786 ἀκαθάρτων
576 733 761 781 θυσιῶν,
812 728 920 784 ἲερὸν
949 727 1056 778 Διὸς
1078 728 1306 782 Ὀλυμπίου
1337 724 1684 786 προσαγορεύσας,

195 802 264 843 καὶ
292 800 361 856 ἐφ’
402 797 570 854 ὑψηλοῦ
593 796 720 842 τόπου
749 799 953 850 καθίσας,
1002 797 1182 840 ἐκέλευσε
1214 803 1300 848 τοῖς
1335 794 1584 856 δορυφόροις
1615 797 1685 838 ἕνα

197 870 369 912 ἕκαστον
391 866 587 924 ςΕβραΐον
618 870 687 910 καὶ
721 871 850 926 κρεῶν
875 867 1065 925 χοιρείων
1088 868 1156 909 καὶ
1180 865 1468 910 εἰδωλοθύτων
1490 864 1686 922 ἀπογεύε-

195 943 300 983 σθαι
329 936 589 994 ἀναγκάζειν,
634 939 669 980 εἲ
697 938 746 980 δέ
771 954 874 988 τινες
905 937 964 992 μὴ
993 937 1177 989 θέλοιεν,
1212 935 1384 987 τούτους
1408 935 1683 993 ἀναιρεῖσθαι.
1697 941 1742 977 10

195 1011 359 1050 πολλῶν
392 1008 438 1050 δὲ
471 1007 869 1064 συναρπασθέντων,
905 1007 948 1058 ἐξ
976 1000 1032 1049 ὧν
1050 1003 1246 1063 Ἐλεάζαρ
1269 1023 1331 1057 τις
1350 1009 1432 1049 τῶν
1454 1003 1684 1062 πρωτευόν-

195 1095 278 1121 των
296 1077 594 1135 γραμματέων,
625 1076 706 1132 ἤδη
729 1075 997 1135 προβεβηκὼς
1015 1075 1089 1131 τὴν
1106 1073 1287 1131 ἡλικίαν,
1324 1073 1565 1131 ἠναγκάζετο
1583 1092 1685 1129 μια-

142 1160 174 1196 c
200 1152 454 1206 ροφαγῆσαι’
486 1144 507 1188 ὅ
543 1147 587 1188 δὲ
617 1145 687 1189 τὸν
713 1146 808 1200 μετ’
845 1147 1024 1196 εὗκλειάς
1052 1143 1237 1188 θάνατον
1254 1148 1412 1200 μᾶλλον
1434 1143 1463 1199 ἢ
1486 1144 1557 1187 τὸν
1580 1143 1684 1198 μετὰ
1718 1195 1722 1199 ¹

194 1216 354 1272 μύσους
377 1217 470 1271 βίον
502 1214 799 1270 ἀναδεξάμενος
828 1215 1087 1272 αὐθαιρέτως
1114 1215 1178 1256 ἐπὶ
1209 1214 1255 1256 τὸ
1284 1212 1495 1269 τύμπανον
1525 1211 1684 1271 προσή-

195 1303 310 1344 γετο,
355 1287 424 1328 καὶ
456 1284 563 1328 οὕτω
593 1285 696 1340 μετὰ
732 1289 894 1328 πολλῶν
923 1282 1121 1342 πρότερον
1149 1285 1350 1339 αι’κισμῶν
1380 1284 1448 1326 καὶ
1474 1284 1684 1339 μαστίγων
1697 1288 1739 1324 15

192 1353 432 1407 ὑπαλλάξας
452 1355 524 1398 τὸν
541 1356 634 1410 βίον
655 1355 702 1398 οὗ
725 1352 851 1409 μόνον
873 1361 957 1405 τοῖς
977 1355 1082 1404 νέοις
1099 1353 1205 1396 ἀλλὰ
1222 1354 1289 1396 καὶ
1307 1359 1393 1404 τοῖς
1408 1350 1686 1410 προβεβηκόσι

192 1426 264 1469 τὸν
289 1424 438 1468 ἑαυτοῦ
461 1422 646 1467 θάνατον
668 1422 899 1480 ὑπόδειγμα
921 1422 1200 1480 γενναιότητος
1222 1424 1290 1466 καὶ
1316 1422 1464 1480 ἀρετῆς
1485 1423 1684 1464 κατέλιπε.

192 1494 298 1550 μεθ’
334 1494 380 1537 ὃν
411 1495 478 1536 καὶ
515 1493 631 1536 ἄλλοι
658 1494 764 1544 τινὲς
805 1492 908 1536 ἑπτὰ
949 1493 1120 1551 ἀδελφοὶ
1151 1491 1255 1548 μετὰ
1285 1491 1442 1550 μητρὸς
1474 1490 1686 1548 διαφόρως

191 1564 513 1619 βασανισθέντες
539 1562 611 1606 τὸν
644 1567 719 1607 τοῦ
745 1564 976 1621 μαρτυρίου
1010 1563 1210 1620 στέφανον
1231 1560 1403 1612 ἐνδόξως
1422 1558 1684 1616 ἀνεδήσαντο.

191 1631 271 1691 ὕφ’
305 1628 362 1677 ὧν
391 1631 412 1675 ὅ
445 1630 643 1689 τύραννος
672 1634 987 1686 καταισχυνθεὶς
1009 1633 1077 1674 καὶ
1098 1634 1257 1686 μᾶλλον
1277 1631 1484 1686 ε’κμανείς,
1519 1630 1570 1673 τὰ
1592 1629 1741 1683 {emmo

191 1702 328 1745 πάντα
360 1699 482 1756 σκεύη
513 1699 676 1756 λαβών,
706 1700 865 1759 χρυσόν
882 1719 924 1745 τε
946 1703 1013 1743 καὶ
1033 1700 1211 1758 ἄργυρον
1232 1699 1421 1757 ἄπειρον,
1456 1701 1525 1742 καὶ
1547 1704 1684 1742 πᾶσαν

190 1772 265 1827 τὴν
295 1769 413 1813 πόλιν
447 1769 805 1829 λαφυραγωγήσας
829 1772 894 1813 καὶ
917 1771 969 1813 τὰ
993 1769 1116 1826 κτήνη
1140 1767 1418 1828 κρεουργήσας
1439 1771 1507 1811 καὶ
1529 1768 1684 1824 πολλὴν

138 1849 172 1886 D
198 1841 464 1901 φονοκτονίαν
489 1838 666 1897 ποιήσας
684 1842 752 1883 καὶ
769 1840 1190 1898 μεγαλορρημονήσας
1214 1837 1468 1897 ἀνεχώρησεν
1497 1840 1552 1890 εἰς
1573 1838 1684 1882 ’Λν-

191 1977 265 2009 tum
287 1972 512 2018 designabat.
559 1975 745 2007 revertens
772 1970 862 2006 enim
887 1982 930 2006 ex
948 1971 1114 2017 Aegypto
1135 1969 1352 2015 Antiochus,
1380 1969 1514 2015 insigni
1531 1969 1685 2006 victoria

192 2020 305 2055 elatus
331 2020 552 2065 efferatoque
574 2018 689 2053 animo
712 2016 963 2062 Hierosolyma
986 2019 1151 2061 adortus,
1178 2018 1214 2051 vi
1233 2016 1470 2062 expugnavit3
1495 2016 1684 2051 militibus—

191 2078 263 2112 que
297 2065 485 2112 imperavit
516 2069 555 2100 ut
585 2064 788 2110 iugularent
809 2065 846 2098 in
870 2075 1099 2109 quoscunque
1122 2063 1349 2108 incidissent,
1386 2074 1502 2109 neque
1524 2063 1684 2109 cuiquam

191 2118 398 2160 parcerent.
445 2112 498 2146 ita
522 2112 589 2146 180
613 2111 709 2146 milia
732 2111 940 2146 Iudaeorum
959 2111 1055 2145 caesi
1078 2116 1172 2145 sunt.
1222 2116 1378 2145 ceterum
1402 2122 1445 2145 eo
1472 2109 1686 2145 temeritatis

189 2170 402 2206 progressus
423 2164 478 2194 est
495 2158 689 2193 Antiochus
702 2185 713 2203 ,
747 2163 786 2192 ut
810 2157 915 2192 etiam
940 2157 978 2191 in
998 2157 1189 2192 sacrarium
1210 2156 1461 2203 superbissime
1483 2155 1685 2202 intraverit,

190 2217 359 2252 aramque
389 2204 441 2240 ibi
475 2209 513 2239 et
543 2204 766 2240 simulacrum
795 2203 982 2249 statuerit,
1019 2203 1287 2238 abominandum
1323 2202 1501 2238 vastitatis
1524 2202 1686 2247 signum3

191 2253 430 2298 templumque
460 2251 607 2298 impuris
641 2251 864 2299 profanatum
897 2250 1082 2285 sacrificiis
1117 2251 1239 2285 aedem
1262 2249 1361 2284 Iovis
1386 2249 1546 2295 Olympii
1571 2250 1682 2283 deno-

189 2299 394 2334 minaverit.
444 2299 572 2333 sedens
603 2309 709 2344 porro
741 2297 779 2331 in
814 2296 953 2331 sublimi
986 2297 1062 2331 loco
1099 2296 1270 2331 satellites
1305 2295 1411 2331 iussit
1443 2301 1484 2330 ut
1519 2296 1682 2330 Ebraeos

191 2345 394 2391 singulatim
424 2346 469 2380 ad
493 2354 617 2380 carnes
643 2344 763 2379 suillas
795 2355 838 2379 ac
869 2343 1045 2378 sacrificia
1071 2343 1335 2378 simulacrorum
1359 2342 1533 2388 gustanda
1557 2341 1680 2386 adige-

189 2398 291 2436 rent,
328 2396 604 2437 recusantesque
635 2391 890 2426 interficerent.
938 2390 1033 2424 inter
1066 2389 1192 2424 multos
1218 2389 1278 2435 qui
1300 2394 1373 2424 tum
1398 2389 1474 2423 eius
1497 2387 1552 2423 rei
1574 2399 1682 2423 causa

189 2439 598 2484 comprehendebantur,
630 2438 700 2473 fuit
731 2437 836 2472 etiam
856 2436 1051 2471 Eleazarus
1074 2436 1267 2471 scribarum
1292 2435 1480 2482 princeps,
1510 2440 1681 2480 provecta

189 2485 260 2519 iam
295 2490 426 2520 aetate.
473 2485 505 2519 is
538 2496 615 2519 cum
648 2485 694 2520 ad
726 2484 841 2519 cibum
871 2483 1044 2518 nefarium
1070 2487 1278 2528 urgeretur,
1313 2487 1458 2516 mortem
1491 2481 1679 2527 gloriosam

188 2532 287 2566 vitae
310 2532 449 2576 flagitio
474 2531 731 2566 contaminatae
756 2530 946 2578 praetulit,
984 2541 1026 2564 ac
1046 2535 1172 2575 sponte
1197 2540 1261 2563 sua
1285 2528 1322 2563 in
1345 2538 1491 2562 nervum
1509 2539 1591 2562 sese
1615 2529 1679 2562 ab-

190 2578 272 2611 duci
302 2590 426 2624 passus
462 2584 536 2621 est;
563 2577 626 2612 ubi
659 2576 775 2612 multis
807 2576 905 2623 prius
939 2588 981 2610 ac
1010 2576 1125 2611 foedis
1154 2581 1269 2610 tortus
1301 2574 1536 2619 cruciatibus,
1569 2573 1679 2608 vitam

187 2623 300 2668 finiit,
338 2636 407 2658 non
438 2623 722 2659 adolescentibus
753 2624 855 2658 modo
892 2623 956 2658 sed
990 2627 1026 2657 et
1061 2627 1145 2657 natu
1175 2621 1366 2656 maioribus
1400 2626 1547 2655 mortem
1580 2631 1678 2655 suam

186 2670 484 2714 magnanimitatis
518 2683 561 2705 ac
592 2670 811 2706 fortitudinis
839 2669 1042 2716 relinquens
1067 2668 1276 2714 exemplum.
1324 2672 1408 2713 post
1431 2678 1508 2707 eum
1533 2665 1594 2701 alii
1618 2678 1678 2701 se-

187 2720 285 2761 ptem
317 2716 447 2751 fratres
481 2729 551 2752 una
582 2729 660 2752 cum
691 2723 803 2752 matre
830 2716 931 2751 varie
963 2714 1204 2751 excarnificati
1227 2713 1391 2758 martyrii
1414 2725 1578 2748 coronam
1601 2712 1679 2758 glo-

188 2761 286 2796 riose
313 2762 535 2798 rettulerunt.
584 2765 630 2799 ab
661 2764 716 2798 his
746 2769 917 2810 tyrannus
940 2761 1171 2808 turpitudinis
1196 2760 1379 2796 convictus
1403 2761 1536 2795 maiore
1557 2760 1679 2794 furore

190 2807 350 2851 exarsit3
389 2810 570 2855 sacrisque
606 2811 766 2845 omnibus
796 2809 893 2845 vasis
929 2809 1087 2854 abreptis
1121 2807 1269 2854 aurique
1300 2810 1338 2841 et
1370 2807 1509 2852 argenti
1541 2806 1578 2841 vi
1611 2805 1678 2839 im-

189 2865 332 2898 mensa,
358 2858 396 2888 et
418 2856 538 2890 urbem
561 2861 670 2892 totam
695 2856 948 2903 depopulatus,
975 2855 1136 2890 mactatis
1160 2855 1265 2889 etiam
1291 2854 1484 2908 pecudibus
1508 2857 1546 2887 et
1568 2853 1679 2887 caede

188 2899 367 2936 hominum
395 2911 522 2948 magna
550 2903 666 2949 edita,
709 2903 942 2940 iactabundus
971 2901 1194 2939 Antiochiam
1223 2899 1346 2937 redut.
1393 2903 1478 2948 post
1498 2898 1677 2935 biennium
