1742 3184
196 179 227 226 7
230 177 296 227 42
675 179 916 226 GEORGII
951 179 1198 225 GEDRENI

195 314 324 353 νυμον
343 296 532 355 λατρείαν
553 298 623 342 καὶ
645 296 944 353 πλαστολογιάν
965 300 1039 340 τοῦ
1059 294 1233 354 φένακος
1249 294 1517 355 προσέχουσιν
1541 296 1580 339 οἳ
1597 297 1679 340 δεί-

196 371 305 410 λαιοι
323 368 393 410 καὶ
410 366 699 426 βαρυκάρδιοι.
766 364 839 410 τὸν
858 364 946 424 γὰρΥ
961 363 1089 418 ὅντως
1111 364 1209 410 ὄντα
1225 365 1342 420 θεόν,
1371 366 1442 410 τὸν
1463 366 1534 409 διὰ
1549 364 1677 421 νόμου

194 439 264 481 καὶ
293 442 515 496 προφητῶν
547 434 728 492 ἐκδήλως
752 433 1050 494 κηρυττόμενόν
1078 453 1121 480 τε
1150 436 1219 479 καὶ
1246 434 1533 492 πιστευόμενον
1562 436 1679 481 ἀπω-

192 505 394 562 θούμενοι
424 509 492 554 καὶ
520 504 923 565 καταψηφιζόμενοι,
960 504 1032 550 τὸν
1064 506 1254 550 ἀντίθεον
1284 507 1355 550 καὶ
1374 504 1586 562 μεμηνότα
1609 507 1678 549 καὶ

50 583 76 618 Ρ
100 584 171 622 4Ξ4
195 581 383 636 φανερῶς
398 575 478 620 ὑπὸ
498 581 579 619 τῶν
594 573 790 634 Ἐρινύων
806 573 1091 634 ἓνεργούμενον
1108 578 1176 620 καὶ
1197 574 1480 635 φθεγγόμενον
1498 576 1537 620 οἶ
1553 573 1677 619 κακό-
1688 579 1712 616 5

193 664 342 705 φρονες
361 648 428 689 καὶ
448 643 670 696 λυσσῶδεις
693 646 900 703 ἕρασμίως
919 647 988 688 καὶ
1009 643 1245 703 γεγηθότως
1265 647 1512 704 προσίενται.
1580 647 1680 690 ποία

190 716 283 774 γὰρ,
301 714 573 767 θεόπνευστος
610 716 753 774 γραφὴ
792 716 884 774 περὶ
914 719 989 759 τοῦ
1017 717 1245 771 δυσσεβοῦς
1273 717 1344 760 καὶ
1373 716 1679 774 παραπαίοντος

147 808 149 811 ·
190 783 451 841 Μουχούμετ
471 787 830 843 προδιεστείλατο;
863 784 889 842 ἢ
921 791 1037 837 ποῖός
1056 785 1278 837 θεσπέσιος
1308 785 1434 830 αὐτὸν
1462 785 1679 845 προφήτης

191 853 248 907 ὥς
277 852 525 900 διδάσκαλον
556 855 762 911 εὐσεβείας
794 853 1131 914 προανήγγειλενς
1191 854 1338 900 οὐκοῦν
1356 854 1603 900 ἶεῗπιιὶτωσαν
1638 856 1679 899 οἳ

191 925 384 981 ἆμέτοχοι
405 922 541 982 πάσης
563 925 675 983 ἱερᾶς
698 926 877 976 ἐπινοίας
899 926 968 968 καὶ
988 923 1191 981 μνήσεως,
1225 930 1314 977 πῶς
1329 925 1427 977 τοὺς
1448 925 1529 968 ἀπὸ
1543 926 1676 982 Ἀδὰμ
1689 930 1733 966 10

190 997 258 1037 καὶ
277 996 397 1053 μέχρι
416 1000 490 1052 τῆς
506 998 697 1053 Χριστοῦ
717 996 946 1053 παρουσίας
969 993 1188 1054 προφήτας
1210 995 1398 1051 ἀσμένως
1418 997 1549 1051 δῆθεν
1573 996 1678 1038 ἄπο-

189 1064 400 1120 δεχόμενοι
427 1065 498 1108 τὸν
522 1066 597 1122 μὲν
615 1063 689 1108 ὑπ’
715 1065 850 1110 αὐτῶν
871 1063 1100 1124 διαρρήδην
1119 1062 1544 1124 προαναφωνοῦμενον
1563 1068 1678 1124 Χρι-

188 1135 286 1179 στὸν
305 1135 376 1178 τὸν
395 1134 496 1179 θεὸν
516 1135 758 1195 ἀρνοῦνται,
791 1134 864 1179 τὸν
885 1136 931 1180 δὲ
950 1134 1143 1183 κάκιστον
1161 1137 1231 1179 καὶ
1250 1135 1468 1193 μοχθηρὸν
1485 1137 1553 1178 καὶ
1570 1136 1677 1192 μηδὲ

186 1203 234 1247 τὸ
265 1202 436 1249 σύνολον
463 1203 538 1249 ὕπ’
568 1206 703 1252 αὐτῶν
722 1204 1077 1262 μνημονευόμενον
1099 1203 1156 1257 ὥς
1174 1204 1412 1261 θεομύστην
1433 1206 1503 1248 καὶ
1524 1204 1676 1262 ἐξοχώ-

132 1282 163 1318 Β
188 1291 312 1317 τατον
341 1276 410 1317 καὶ
437 1274 723 1332 ἄληθεστάτης
745 1277 917 1327 πίστεως
948 1273 1198 1320 διδάσκαλον
1225 1275 1497 1331 ἀποδέχονται
1527 1277 1596 1318 καὶ
1619 1274 1676 1327 ῶς
1689 1279 1733 1316 15

176 1344 397 1402 εὐεργέτην
414 1344 694 1399 ἐκθειάζουσιν
715 1346 754 1390 οἳ
774 1343 932 1389 ἀνόσιοι
955 1347 1027 1390 καὶ
1049 1343 1296 1401 δυσώνυμοι.
1351 1345 1676 1403 ἀνακρινέτωσαν

187 1414 233 1457 δὲ
255 1414 294 1457 οἱ
318 1412 548 1472 ἆδιάκριτοι
570 1418 640 1459 καὶ
664 1414 883 1471 μανιώδεις
909 1417 977 1460 καὶ
1011 1415 1065 1458 τὰ
1094 1413 1170 1458 ὕπ’
1205 1416 1332 1460 αὐτοῦ
1363 1417 1584 1471 μανιωδῶς
1604 1417 1675 1458 καὶ

185 1485 399 1539 δυσσεβῶς
425 1484 606 1542 ῥηθέντα
637 1483 878 1543 ληρήματα,
923 1487 992 1533 καὶ
1017 1485 1244 1543 λεγέτωσαν
1273 1487 1395 1528 ποίαν
1429 1486 1674 1543 συμφωνίαν

185 1551 323 1608 ἔχουσι
333 1554 387 1598 τὰ
400 1553 696 1614 θεοπαράδοτα
708 1554 840 1613 λόγια.
868 1553 890 1600 ὅ
905 1556 980 1611 μὲν
995 1555 1075 1613 γὰρ
1094 1559 1210 1607 θεῖος
1227 1553 1347 1612 λόγος
1357 1554 1596 1613 ἀναφανδὸν
1608 1557 1673 1598 δι-

185 1622 328 1667 δάσκει
346 1624 415 1667 τὸν
432 1624 535 1668 θεὸν
554 1623 752 1683 ὑπάρχειν
771 1625 954 1669 ἀναίτιον
972 1625 1124 1676 παντὸς
1137 1630 1267 1669 κακοῦ
1280 1624 1433 1669 καὶτὸν
1447 1624 1671 1683 ἄνθρωπον
1682 1628 1730 1664 20

184 1691 445 1745 αὐτεξούσιον
456 1693 556 1738 εἶναι
566 1699 639 1752 τῆς
647 1694 796 1739 ἑαυτοῦ
805 1697 1010 1753 σωτηρίας
1018 1696 1085 1738 καὶ
1097 1696 1322 1746 ἀπωλείας·
1341 1693 1363 1737 ὃ
1375 1695 1420 1737 δὲ
1429 1693 1674 1751 τρισάθλιος

182 1763 250 1804 καὶ
261 1763 586 1822 τρισκατάρατος
593 1767 661 1807 καὶ
675 1769 750 1808 τοῦ
761 1770 866 1808 θεοῦ
876 1767 944 1809 καὶ
955 1769 1036 1808 τῶν
1046 1764 1280 1822 ἀνθρώπων
1290 1764 1495 1815 ἄσπονδος
1506 1764 1672 1822 ἐχθρός,

183 1831 226 1874 ἐκ
247 1833 488 1891 σκαιοτέρου
508 1836 575 1877 καὶ
594 1833 828 1878 λαοπλάνου
850 1835 1044 1890 δαίμονος
1062 1831 1330 1890 ἐνηχούμενος
1345 1835 1414 1878 καὶ
1433 1833 1673 1893 ἐνεργούμε-

180 2012 368 2055 mentuque
401 2010 688 2057 praestigiatoris
720 2010 824 2047 istius
856 2011 1115 2058 amplectuntur
1146 2011 1266 2047 miseri
1299 2015 1407 2059 atque
1432 2013 1580 2060 stupidi.
1628 2027 1672 2052 ac

181 2066 302 2090 verum
326 2056 468 2101 quidem
491 2059 606 2103 deum,
629 2070 733 2105 quem
756 2058 815 2094 lex
839 2063 876 2093 et
898 2063 999 2094 vates
1023 2057 1139 2094 divini
1161 2058 1349 2105 perspicue
1372 2061 1673 2106 praedicaverunt

182 2102 287 2146 eique
309 2103 415 2138 fidem
438 2104 658 2151 habuerunt,
693 2104 746 2140 illi
769 2105 960 2151 repudiant
982 2109 1094 2152 atque.
1112 2105 1331 2152 improbant:
1365 2108 1437 2142 deo
1464 2115 1580 2144 autem
1605 2111 1672 2145 ad-

178 2159 339 2193 versum,
372 2150 532 2186 insanum
546 2177 556 2197 ,
591 2152 778 2198 palamque
805 2163 826 2188 a
854 2152 960 2187 furiis
981 2151 1196 2197 exagitatum
1220 2157 1257 2188 et
1279 2164 1398 2189 earum
1420 2153 1592 2190 instinctu
1614 2156 1670 2191 lo-

178 2200 344 2239 quentem
367 2198 516 2233 vaesani
539 2204 646 2244 atque
668 2199 803 2235 rabiosi
829 2210 907 2234 cum
928 2199 1060 2245 gaudio
1084 2198 1356 2245 amplectuntur.
1413 2212 1508 2246 quae
1529 2202 1623 2238 enim
1647 2215 1670 2239 a

178 2242 246 2276 deo
269 2241 443 2288 inspirata
468 2245 656 2291 Scriptura
683 2247 729 2282 de
763 2245 873 2292 impio
898 2251 935 2281 et
955 2246 1134 2280 vaecorde
1154 2246 1379 2282 Muchumeto
1401 2247 1538 2294 aliquid
1560 2261 1668 2295 prae-

178 2288 304 2333 cepit?
328 2295 390 2325 aut
411 2291 491 2337 quis
516 2292 716 2328 divinorum
739 2297 860 2327 vatum
884 2303 961 2327 eum
983 2292 1128 2338 pietatis
1152 2292 1332 2328 doctorem
1355 2294 1436 2330 fore
1458 2297 1666 2350 praedixit?

175 2335 417 2380 respondeant
448 2337 536 2373 mihi
567 2339 631 2374 isti
662 2339 774 2374 omnis
798 2350 924 2374 sacrae
945 2338 1190 2384 inspirationis
1214 2346 1252 2375 et
1274 2339 1489 2376 initiationis
1511 2348 1667 2387 exortes,

176 2392 260 2425 cur,
296 2394 373 2418 cum
406 2396 528 2420 omnes
551 2385 621 2420 iam
647 2385 731 2421 inde
757 2386 804 2422 ab
827 2385 961 2421 Adamo
985 2396 1100 2430 usque
1123 2386 1169 2421 ad
1191 2386 1327 2422 Christi
1351 2388 1539 2424 adventum
1563 2394 1666 2426 vates

176 2439 247 2462 non
269 2429 375 2464 inviti
398 2438 612 2477 agnoscant,
637 2432 780 2468 interim
801 2432 980 2467 Christum
1001 2433 1125 2477 deum,
1149 2433 1196 2468 de
1219 2444 1289 2479 quo
1312 2433 1365 2468 illi
1387 2435 1576 2481 perspicue
1599 2448 1665 2471 va-

175 2473 316 2511 ticinati
347 2483 448 2523 sunt,
487 2480 682 2524 abnegent,
714 2479 904 2525 pessimum
936 2483 1051 2514 autem
1081 2479 1178 2514 illum
1210 2486 1248 2517 et
1274 2479 1441 2517 vitiosum
1476 2483 1663 2528 hominem,

176 2521 275 2556 cuius
299 2523 393 2559 nulla
415 2536 561 2571 prorsus
587 2527 632 2562 ab
657 2525 702 2561 iis
724 2527 822 2562 facta
849 2531 906 2560 est
927 2525 1071 2571 mentio,
1095 2538 1162 2572 pro
1184 2538 1309 2562 sacrae
1330 2527 1516 2574 religionis
1538 2529 1662 2565 initia-

175 2570 254 2602 tore
289 2571 668 2618 praestantissimoque
700 2572 909 2610 verissimae
943 2571 1029 2607 fidei
1058 2572 1228 2619 magistro
1249 2573 1475 2620 existiment,
1509 2588 1552 2611 ac
1580 2582 1661 2611 tan—

175 2624 278 2658 quam
312 2617 533 2653 benefactori
564 2619 705 2654 divinos
735 2620 888 2654 honores
917 2618 1103 2664 deferant,
1137 2619 1240 2666 impii
1272 2620 1343 2668 ipsi
1377 2627 1485 2668 atque
1507 2623 1660 2658 infandi.

174 2661 374 2698 examinent
395 2664 524 2700 furiosi
546 2665 608 2700 isti
630 2678 672 2701 ac
694 2677 813 2701 rerum
836 2664 1042 2701 discrimina
1059 2667 1319 2703 confundentes
1335 2667 1446 2714 impia
1465 2673 1503 2704 et
1518 2670 1663 2706 rabiosa

172 2704 266 2740 illius
300 2708 446 2756 deliria,
481 2717 518 2747 et
544 2712 721 2759 explicent
743 2713 806 2758 qui
829 2724 906 2747 cum
928 2712 1040 2751 sacris
1062 2713 1216 2748 oraculis
1239 2725 1282 2749 ea
1305 2715 1532 2751 conveniant.
1580 2728 1660 2752 nam

174 2762 298 2787 sacrae
321 2754 445 2791 literae
468 2758 599 2794 docent
620 2760 722 2795 deum
747 2759 876 2794 nullius
900 2770 980 2794 esse
1003 2758 1086 2794 mali
1109 2766 1268 2805 causam,
1304 2760 1480 2798 hominem
1507 2774 1573 2798 sua
1592 2775 1659 2798 vo-

174 2796 308 2833 luntate
331 2801 402 2836 sibi
426 2804 484 2838 vel
507 2806 655 2841 salutem
679 2817 806 2852 parare
831 2806 890 2840 vel
914 2805 1071 2840 exitium.
1096 2810 1135 2841 at
1157 2806 1370 2842 miserrimus
1394 2808 1454 2844 ille
1477 2810 1658 2845 omnibus·

173 2855 244 2890 que
268 2847 380 2882 modis
404 2849 633 2887 detestandus
656 2859 694 2887 et
714 2851 947 2897 implacabilis
962 2851 1022 2886 (lei
1045 2851 1292 2898 homi-numque
1315 2855 1429 2891 hostis
1449 2856 1656 2891 Machame-

172 2896 242 2939 ῐιιε,
267 2904 290 2928 a
314 2894 524 2941 pravissimo
549 2903 586 2934 et
608 2898 845 2935 multitudiuis.
863 2898 1096 2946 decipiendae
1121 2900 1260 2936 artifice
1278 2901 1449 2940 daemone
1462 2903 1655 2950 inspiratus
