1742 3184
176 172 180 176 ’
204 149 305 200 640
681 151 921 198 GEORGII
957 151 1204 197 CEDRENI

203 269 271 310 καὶ
292 265 435 310 ι’ἱλλοτε
456 270 576 311 τοῦτο
595 266 742 325 γέγονε.
811 264 917 321 μετὰ
943 266 988 309 δὲ
1016 266 1063 313 τὸ
1093 271 1248 312 παῦσαι
1277 266 1330 312 τὰ
1362 266 1498 312 ὕδατα
1528 266 1678 325 εὖρέθη

201 336 309 388 πλὰξ
334 338 469 394 λιθίνη
493 338 533 379 ἐν
555 342 607 395 τῇ
631 336 740 394 ὄχθῃ
762 341 836 379 τοῦ
855 340 1044 392 ποταμοῦ
1051 369 1066 390 ‚
1099 339 1353 395 γεγραμμένη
1384 338 1680 396 ἱερογλυφικοΐς

201 405 437 464 γράμμασιν
458 405 588 457 οὕτως
609 405 811 464 “Σκι’ρτος
838 407 1023 462 ποταμὸς
1055 405 1260 463 σκιρτήσει
1290 407 1396 450 κακὰ
1421 406 1677 464 σκιρτήματα

200 475 429 526 πολι’ταις.”
498 476 629 518 πολλὰ
659 476 705 518 δὲ
731 475 930 532 παρέσχεν
962 474 984 518 ὃ
1015 476 1209 530 βασιλεὺς
1237 478 1462 527 Ἰουστῖνος
1489 479 1545 527 εἷς
1573 477 1675 519 ἀνα-

200 546 342 596 νέωσιν
363 545 615 602 ἀμφοτέραις
636 552 725 595 ταῖς
748 544 902 588 πόλεσι.
961 550 1019 604 τῷ
1044 546 1086 588 δ’
1113 546 1224 606 αὐτῷ
1246 545 1322 590 ἕτει
1345 544 1475 604 ἐφάνη
1495 544 1595 602 γυνή
1614 552 1708 596 τις5

145 622 175 658 Β
200 616 242 657 ἐκ
274 619 347 670 τῆς
368 615 558 664 Κιλικίας
587 613 887 670 γιγαντογενής,
929 613 1181 672 ὑπερέχουσα
1208 620 1260 674 τῇ
1286 614 1421 675 ἡλικίᾳ
1447 614 1580 658 πάντα
1602 614 1677 658 ἆν-

198 688 371 741 θρωπον
399 684 549 726 τέλειον
572 688 705 738 πῆχυν
726 685 818 736 ἕνα,
864 685 932 726 καὶ
951 688 1120 728 πλατεῖα
1140 683 1318 743 σφόδρα.
1386 684 1614 742 γυρεύουσα
1631 685 1677 727 δὲ

199 754 276 804 τὰς
303 751 437 803 πόλεις
463 751 669 807 ἐλάμβανε
698 753 803 796 κατὰ
831 753 1097 813 ἐργαστήριον
1126 753 1270 812 φόλλιν
1298 755 1409 809 μίαν.
1489 754 1578 797 τότε
1608 755 1677 796 καὶ

201 822 330 879 ἀστὴρ
362 821 491 879 ἐφάνη
516 823 567 880 ,ἐν
599 823 758 881 οὐρανῷ
792 822 927 866 ἐπάνω
952 829 1026 880 τῆς
1040 828 1199 880 χαλκῆς
1216 822 1347 880 πύλης
1368 828 1440 867 τοῦ
1460 825 1675 875 παλατιόυ,

201 894 357 950 φαίνων
377 894 440 934 ἐπὶ
460 890 615 948 ῆιιίρας
632 895 699 935 καὶ
720 891 869 944 νύκτας
892 892 967 944 κς’.
1034 895 1170 951 γέγονε
1200 895 1243 937 δὲ
1265 898 1332 937 καὶ
1354 893 1520 948 σεισμὸς
1546 897 1674 951 φοβε-
1688 897 1734 933 10

172 1000 175 1003 .
201 959 384 1019 ρώτατος
395 993 409 1013 ,
443 959 522 1018 ὑφ’
545 955 593 1004 οὗ
614 967 662 1019 τῇ
680 963 754 1016 μὲν
777 963 1202 1006 Κωνσταντινουπόλει
1224 965 1266 1007 ἓν
1289 961 1504 1021 διαφόροις
1524 961 1676 1014 τόποις,

200 1035 251 1088 τῇ
282 1032 326 1073 δὲ
350 1031 586 1090 Ἀντιοχειά
614 1032 812 1089 συμφορὰ
843 1032 1129 1089 ἄνεκδιήγητος
1165 1030 1447 1091 προεμηνύθη.
1516 1036 1569 1090 τῇ
1598 1032 1676 1088 γὰρ

201 1099 373 1158 τετάρτῃ
401 1101 750 1156 τοῦιὈκτωβριόυ
772 1102 902 1156 μηνὸς
921 1103 971 1145 τὰ
998 1104 1192 1159 προοίμια
1222 1107 1295 1157 τῆς
1320 1106 1394 1145 τοῦ
1419 1106 1522 1144 θεοῦ
1552 1101 1679 1157 ὀργῆς

202 1170 379 1225 ἐπῆλθεν
413 1169 516 1227 αὐτῇ
546 1170 604 1212 δι’
638 1172 889 1228 ἐμπρησμῶν
918 1173 985 1214 καὶ
1006 1177 1196 1227 σεισμῶν,
1231 1172 1276 1223 ὃς
1296 1171 1536 1228 ἐμπρησμὸς
1552 1172 1678 1226 μέσον

201 1243 274 1294 τῆς
305 1239 460 1290 πόλεως
484 1240 658 1295 ἐγένετο,
694 1242 762 1283 καὶ
792 1239 986 1297 ἐκράτησε
1015 1242 1079 1283 ἐπὶ
1107 1240 1263 1299 ἡμέρας
1290 1239 1339 1292 ς’.
1408 1242 1476 1284 καὶ
1499 1240 1676 1296 ἐκάησαν
1689 1248 1732 1287 15

148 1319 181 1354 C
206 1307 306 1365 οἶκοι
327 1311 493 1361 πολλοί,
529 1311 596 1352 καὶ
618 1310 827 1353 ἀπέθανον
846 1313 935 1353 λαοὶ
962 1312 1127 1363 πολλοί,
1162 1313 1229 1354 καὶ
1258 1312 1389 1361 οὗὸεὶς
1419 1309 1519 1366 ἴγνω
1547 1309 1679 1352 πόθεν

198 1378 245 1422 τὸ
267 1383 347 1435 πῦρ
371 1377 611 1422 ἀνάπτεται·
646 1385 842 1423 τοσοῦτον
873 1379 952 1437 γὰρ
982 1378 1008 1436 ῆ
1040 1381 1139 1437 ὀργὴ
1172 1384 1245 1424 τοῦ
1266 1384 1368 1424 θεοῦ
1397 1380 1577 1435 ἐπῆλθεν
1607 1378 1675 1422 ἐπ’

200 1448 304 1505 αὐτῇ
323 1448 426 1491 ὥστε
449 1453 666 1505 πτωθῆναι
687 1449 833 1504 σχεδὸν
852 1454 989 1493 πᾶσαν
1006 1449 1079 1505 τὴν
1093 1449 1210 1493 πόλιν
1225 1452 1293 1492 καὶ
1311 1447 1444 1507 τάφον
1461 1453 1542 1492 τῶν
1563 1451 1678 1504 οἴκη-

198 1517 332 1574 τόρων
356 1518 561 1574 γενέσθαι.
631 1520 743 1569 τινὰς
776 1519 821 1562 δὲ
847 1521 1190 1575 καταχωσθε’ντας
1222 1521 1290 1563 καὶ
1322 1519 1380 1562 ἔτι
1415 1520 1568 1571 ζῶντας
1595 1516 1675 1562 ὑπὸ

199 1588 274 1643 τὴν
301 1592 375 1643 γῆν
405 1592 486 1643 πῦρ
520 1589 688 1639 ἐξελθὸν
719 1589 762 1631 ἐκ
792 1592 866 1644 τῆς
896 1594 971 1645 γῆς
991 1589 1224 1648 κατέφλεξεζ
1290 1590 1359 1632 καὶ
1378 1588 1513 1645 ἕτερον
1530 1592 1611 1645 πῦρ
1634 1588 1735 1632 ἓκΞΟ

197 1662 271 1700 τοῦ
293 1657 414 1713 ἀέρος
435 1655 745 1716 ὡς’σπινθῆρες
764 1656 986 1715 κατήρχετο
1005 1660 1072 1701 καὶ
1086 1660 1301 1702 κατέκαιεν
1323 1657 1460 1715 ὥσπερ
1490 1656 1679 1716 ἀστραπὴ

197 1726 294 1777 τοὺς
312 1724 633 1782 εὑρισκομένους.
705 1730 849 1770 ἐσείετο
872 1729 916 1770 δὲ
939 1726 965 1783 ἦ
988 1732 1040 1784 γῆ
1058 1729 1123 1770 ἐπ’
1147 1728 1328 1770 ἐνιαυτὸν
1347 1728 1431 1770 ἕνα.

339 1800 413 1855 Τῷ
431 1795 476 1838 θ’
501 1796 577 1839 ἔτει
599 1800 672 1840 τοῦ
694 1801 863 1852 σεισμοῦ
886 1798 1197 1855 ἐπικρατοῦντος
1218 1794 1458 1855 Εὗφράσιος
1479 1793 1500 1838 ὅ
1517 1795 1679 1839 ἐπίσκο-

198 1930 273 1965 star
309 1927 370 1962 ille
402 1926 582 1963 exundans
615 1927 735 1962 domos
763 1939 834 1963 una
869 1939 945 1963 cum
980 1928 1260 1964 inhabitantibus
1284 1928 1441 1976 abripuit
1464 1931 1569 1974 atque
1593 1928 1679 1963 sub-

196 1974 332 2010 mersit.
381 1974 468 2009 alias
498 1986 566 2019 quo
595 1985 638 2008 ue
661 1975 752 2009 idem
778 1974 949 2009 accidisse
970 1975 1097 2010 fertur.
1146 1989 1233 2011 sane
1259 1976 1392 2011 diluvio
1416 1975 1516 2010 finito
1539 1976 1576 2009 in
1600 1976 1679 2021 ripa

199 2021 311 2076 amnis
335 2020 480 2055 inventa
505 2026 560 2056 est
595 2020 721 2067 apidea
744 2022 875 2064 tabula,
899 2022 1006 2067 inque
1032 2034 1107 2057 eam
1131 2022 1303 2079 inscripta
1324 2023 1412 2057 haec
1434 2021 1680 2067 hieroglyphi-

200 2068 252 2102 cis
285 2067 397 2102 literis
433 2063 604 2102 “Scirtus
638 2068 749 2103 amnis
779 2068 923 2103 saltabit
956 2068 1045 2103 malo
1081 2069 1209 2104 civium
1250 2082 1260 2103 ε
1302 2081 1381 2104 uam
1412 2069 1521 2103 amnis
1553 2080 1679 2104 nomen

201 2116 340 2150 Graeco
374 2126 535 2149 sermone
571 2115 617 2149 ad
650 2115 874 2149 saltationem
909 2114 1045 2151 alludit.
1093 2116 1248 2150 Iustinus
1272 2116 1411 2151 multum
1436 2115 1576 2161 utrique
1601 2115 1681 2150 urbi

198 2161 242 2196 ad
263 2161 553 2196 instaurationem
572 2161 731 2196 contulit.
760 2162 880 2196 eodem
904 2174 995 2197 anno
1018 2163 1097 2198 visa
1121 2168 1176 2197 est
1199 2163 1368 2218 quaedam
1390 2162 1521 2197 Cilissa
1542 2162 1679 2207 mulier,

198 2207 379 2254 gigantum
399 2208 562 2254 generis,
596 2208 751 2243 cuiusvis
782 2209 936 2254 perfecti
958 2208 1030 2243 viri
1054 2214 1223 2244 staturam
1247 2209 1366 2244 cubito
1387 2209 1581 2253 excedens,
1615 2209 1678 2243 ad-

198 2255 407 2300 modumque
440 2255 527 2290 lata.
575 2267 618 2290 ea
642 2255 772 2289 circum
794 2257 901 2290 urbes
924 2256 1152 2301 proficiscens
1177 2268 1221 2291 ex
1245 2256 1390 2291 officina
1413 2254 1538 2301 quavis
1560 2255 1679 2291 follem

198 2301 385 2345 (monetae
409 2313 519 2347 genus
546 2301 612 2337 hoc
636 2304 712 2346 est)
738 2301 952 2348 accipiebat.
998 2302 1100 2336 stella
1123 2314 1263 2348 quoque
1286 2309 1358 2338 tum
1381 2302 1419 2337 in
1443 2301 1541 2337 caelo
1568 2313 1680 2357 appa-

196 2347 290 2383 ruit.
314 2360 421 2394 supra
444 2360 581 2383 aeream
606 2347 729 2395 palatii
753 2356 908 2394 portam,
938 2349 1123 2383 continuas
1147 2349 1224 2384 dies
1247 2355 1439 2394 noctesque
1463 2348 1592 2394 viginti
1615 2360 1679 2383 sex

194 2386 350 2440 fulgens.
397 2401 515 2430 terrae
551 2402 664 2431 motus
700 2406 840 2440 quoque
870 2396 1028 2441 apprime
1061 2396 1254 2430 horrendus
1278 2395 1369 2440 fuit,
1407 2395 1467 2441 qui
1491 2403 1527 2430 et
1551 2395 1679 2440 cpolin

197 2441 350 2476 diversis
385 2441 471 2476 locis
503 2442 607 2477 laesit
640 2447 677 2476 et
699 2442 915 2476 Antiocheae
948 2442 1161 2477 ineffabilem
1186 2442 1417 2478 calamitatem
1441 2441 1677 2477 denuntiavit.

198 2493 324 2533 quarto
352 2488 443 2523 enim
467 2488 526 2523 die
550 2488 717 2523 Octobris
750 2489 926 2543 principia
959 2488 1035 2524 irae
1068 2489 1211 2524 divinae
1242 2490 1363 2523 urbem
1389 2498 1475 2523 eam·
1495 2487 1680 2533 corripue-

196 2539 299 2579 runt,
332 2539 451 2569 terrae
485 2541 598 2570 motus
632 2541 738 2581 atque
769 2535 982 2570 incendium.
1031 2535 1068 2570 id
1100 2536 1215 2571 media
1243 2538 1332 2570 urbe
1355 2540 1512 2570 exortum
1536 2535 1680 2570 duravit

198 2580 276 2615 dies
291 2593 364 2619 sex
387 2582 579 2627 multasque
602 2582 722 2616 domos
749 2587 786 2616 et
809 2581 967 2617 hommes
989 2583 1205 2628 absumpsit;
1239 2594 1354 2628 neque
1377 2583 1470 2616 scire
1494 2583 1679 2627 quisquam

196 2626 315 2672 potuit
338 2629 431 2663 unde
452 2628 528 2663 eius
552 2629 682 2664 fuisset
703 2628 853 2683 initium.
902 2634 975 2664 tum
1011 2629 1069 2663 dei
1100 2630 1155 2664 ira
1185 2629 1238 2664 ita
1271 2631 1392 2664 urbem
1428 2629 1606 2663 concussit
1640 2632 1680 2662 ut

198 2684 291 2718 pene
323 2679 398 2709 tota
431 2674 606 2710 corruerit
639 2687 680 2710 ac
712 2675 840 2710 civium
876 2675 1086 2730 sepulcrum
1105 2677 1200 2711 facta
1233 2675 1293 2710 sit.
1341 2676 1527 2730 quosdam
1534 2677 1678 2710 obrutos

199 2725 308 2763 terra,
333 2725 370 2754 et
394 2721 513 2756 adhuc
530 2722 703 2767 viventes,
728 2721 821 2766 ignis
847 2734 891 2757 ex
911 2729 1008 2757 terra
1031 2722 1152 2757 exiens
1175 2722 1357 2757 cremavit.
1405 2722 1494 2756 alius
1517 2721 1609 2767 ignis
1634 2732 1679 2755 ex

202 2766 286 2800 ιιὲιο
318 2767 429 2802 instar
460 2768 686 2804 scintillarum
717 2768 867 2813 decidit,
903 2774 939 2804 et
969 2780 1056 2815 quos
1081 2769 1276 2815 attigisset,
1313 2768 1501 2804 fulminis*
1490 2780 1528 2804 ιιι
1548 2779 1680 2803 morem

202 2813 402 2847 combussit.
449 2825 574 2850 annum
598 2815 656 2850 illc
680 2821 797 2851 terrae
822 2820 934 2850 motus
959 2816 1115 2851 duravit.
1536 2823 1551 2838 ι

293 2859 394 2895 Anno
419 2867 674 2908 nouo,ter1·ae
696 2869 794 2899 motu
818 2862 1021 2910 obtinente,
1054 2861 1275 2910 Euphrasius
1297 2860 1516 2900 Antiocheae
1538 2860 1679 2908 episco-
