1742 3184
163 119 264 188 (²542
646 135 886 182 GEoRGn
921 134 1167 180 CEDRENI
1215 157 1229 190 ,

163 257 221 308 εἷς
235 253 417 312 βασιλέα
446 251 738 298 ’Ῑουστινιανὸν
755 250 841 295 »τὸν
868 250 974 294 ἴδιον
1006 247 1191 307 ἀνεψιόν,
1228 251 1295 293 καὶ
1321 246 1490 306 ἔστεψεν
1509 248 1647 303 αὗτόν,

161 327 232 370 καὶ
253 324 589 379 συνεβασίλευσεν
609 322 720 379 αὐτῷ
740 325 876 376 μῆνας
899 319 952 363 δ’.
999 318 1233 378 ,Αὐγούστῳ
1257 320 1302 362 δὲ
1318 322 1415 376 μηνὶ
1433 325 1506 375 τῆς
1523 321 1650 376 αὐτῆς

132 441 135 444 ,
162 394 193 440 ε’
226 395 474 444 ῗνδικτίωνος
507 390 762 446 ἐτελεύτησεν
799 388 821 432 ὅ
857 390 1028 445 εὐσεβὴς
1057 390 1308 441 ’Ῑουστῖνος,
1352 391 1420 432 καὶ
1454 390 1576 445 ἐτέθη
1600 390 1648 432 τὸ

116 472 118 475 ’
162 469 286 520 σῶμα
313 463 443 507 αὐτοῦ
469 464 511 505 ἓν
535 466 643 518 μονῇ
666 464 739 515 τῆς
757 458 1030 515 Αὖγούστης,
1065 460 1107 502 ἐν
1127 457 1300 517 λάρνακι
1319 460 1509 517 πρασίνῃ,
1544 460 1650 512 μετὰ

162 536 232 578 καὶ
254 538 327 590 τῆς
350 531 542 590 γυναικὸς
562 530 689 572 αὐτοῦ
706 530 952 587 Εὗφημιάς,
988 530 1029 571 ἓν
1050 523 1085 588 ᾧ
1107 531 1174 571 καὶ
1196 529 1238 571 αἱ
1263 530 1406 572 στολαὶ
1426 532 1508 570 τῶν
1528 526 1686 584 ἁγίωνὸ

163 601 406 646 ἀποστόλων
425 599 669 655 εὗρὲθησαν.
737 599 810 641 τὸν
835 599 880 641 δὲ
904 603 979 653 τῆς
1002 597 1304 656 ἀρχιερωσύνης
1330 595 1485 654 θρόνον
1505 599 1664 640 διεῖπεν.

159 671 371 727 Ἰωάννης.
441 673 516 713 τοῦ
539 669 582 712 δὲ
600 669 845 725 Εὖφρασίου
866 667 1087 714 ἐπισκόπου
1107 668 1368 722 ’Λντιοχείας
1387 665 1655 721 τελευτήσανυ

113 751 145 788 C
169 759 253 794 τος,
279 740 540 798 Εὗφραιζιιιος
557 737 580 780 ὃ
600 738 789 793 Ἀμίδας
808 735 939 793 κόμης
959 737 1162 791 ἀνατολῆς
1183 735 1240 779 ὢν
1258 743 1548 795 χειροτονεῖται
1568 735 1652 778 ἀντ’

166 812 294 855 αὐτοῦ
305 842 319 863 ,
347 808 459 860 ὅστις
482 810 601 864 ζῆλον
618 812 735 851 θεῖον
755 808 861 851 κατὰ
879 810 961 850 τῶν
983 807 1243 861 ἀποσχιστῶν
1260 804 1374 861 εἶχεν.

303 877 480 933 Κόσμον
515 877 605 928 ἔτος
631 875 748 935 find,
782 881 855 932 τῆς
881 878 1003 927 θείας
1035 874 1284 934 σαρκώσεως
1310 873 1416 933 φκζ.
1475 874 1656 928 ’ζουστι-
1670 884 1715 920 10

164 948 302 1000 νιανός
331 947 352 992 ὅ
381 949 507 1004 μέγας
531 946 729 1001 βασιλεὺς
751 944 963 1001 Ῥωμαίων
991 945 1059 1001 ἔτη
1093 944 1155 1001 λη’
1183 950 1317 1001 μῆνας
1347 942 1379 997 ζ’
1407 941 1564 1001 ἡμέρας
1595 942 1660 1000 ιγ’.

164 1014 285 1069 οὗτος
304 1018 378 1073 τὴν
399 1020 475 1060 τοῦ
495 1014 688 1071 σώματος
715 1015 954 1073 ἀναδρομὴν
980 1013 1056 1070 εἶχε
1079 1016 1217 1071 βραχὺ
1237 1016 1403 1069 μείζονα
1423 1018 1498 1056 τοῦ
1515 1014 1660 1068 μέσου,

163 1088 348 1146 ἐρυθρὸς
368 1088 443 1142 τὴν
461 1085 626 1143 χροιάν,
657 1085 844 1141 χαροηὸν
862 1087 929 1128 καὶ
951 1085 1271 1142 εὖπερίστροφον
1289 1083 1466 1138 βλέπων,
1501 1085 1568 1125 καὶ
1586 1082 1661 1138 τὴν

164 1156 347 1215 κεφαλὴν
388 1155 491 1213 πρὸς
520 1153 651 1210 κόμης
680 1153 831 1207 κάλλος
858 1154 1007 1211 μικρὸν
1039 1155 1310 1209 ἐψιλωμένην.
1379 1150 1588 1207 βασιλεύει
1618 1152 1662 1194 δὲ

167 1228 270 1271 ἐτῶν
291 1224 371 1281 με’.
433 1226 501 1267 καὶ
517 1223 884 1280 μονοκρατορήσας
905 1225 1079 1266 δέδωκεν
1096 1221 1291 1266 ὑπατείαν
1313 1220 1412 1277 ὅσην
1430 1222 1563 1273 οὐδεὶς
1578 1226 1661 1276 βα-
1675 1226 1720 1264 15

166 1296 312 1340 σιλέων
331 1295 496 1338 δέδωκε.
557 1295 625 1337 καὶ
655 1293 837 1349 διωγμὸν
866 1293 972 1336 κατὰ
991 1291 1200 1348 Ἑλλήνων
1219 1294 1287 1334 καὶ
1317 1290 1452 1347 πάσης
1472 1292 1666 1348 αἱρέσεως

168 1367 362 1421 ἐκίνησεν.
428 1361 559 1421 εὖρὼν
599 1363 645 1406 δὲ
680 1362 860 1414 πολλοὺς
897 1367 978 1406 τῶν
1014 1364 1056 1405 ἒν
1093 1363 1197 1405 τέλει
1227 1366 1450 1412 νοσοῦντας
1481 1360 1555 1415 τὴν
1584 1364 1666 1403 τῶν

116 1443 149 1479 D
169 1436 444 1493 Ἀρειανιτῶν
465 1434 632 1491 αἵρεσιν,
670 1431 878 1487 δημεύσας
905 1449 948 1475 τε
978 1434 1046 1474 καὶ
1073 1430 1411 1489 τιμωρησάμενος
1433 1429 1568 1487 φόβον
1589 1447 1667 1473 πο-

170 1505 246 1548 λὺν
267 1502 508 1562 εἰργάσατο,
548 1503 752 1553 θεσπίσας
780 1501 934 1558 μόνους
959 1500 1218 1559 ὄρθοὸόξους
1233 1499 1539 1544 πολιτεύεσθαι.
1598 1501 1668 1542 καὶ

171 1573 242 1618 τὸν
259 1573 358 1616 ναὸν
379 1573 423 1615 δὲ
441 1576 524 1615 τῶν
542 1569 668 1628 ἁγίων
686 1573 857 1629 Σεργίου
881 1573 949 1614 καὶ
970 1569 1140 1626 Βάκχου
1160 1569 1334 1626 ἐχόμενα
1354 1573 1430 1612 τοῦ
1447 1570 1726 1615 ΠαλατίουΞΟ

171 1643 276 1702 πρὸς
292 1641 517 1694 θάλασσαν
543 1672 556 1684 .
575 1672 588 1685 .
607 1673 619 1684 .
639 1671 674 1694 .,
711 1643 779 1684 καὶ
809 1639 1002 1697 σύνεγγυς
1030 1638 1178 1684 τούτου
1201 1640 1300 1683 ναὸν
1317 1644 1399 1682 τῶν
1417 1637 1542 1694 ἁγίων
1564 1639 1670 1681 ἀπο-

172 1712 354 1766 στόλων,
398 1711 503 1754 wama
523 1710 650 1754 αὐτοῦ
678 1708 788 1754 οἶκον
810 1709 1154 1769 προϋπάρχοντα,
1190 1711 1260 1753 καὶ
1284 1713 1422 1752 πᾶσαν
1448 1707 1575 1751 αὐτοῦ
1595 1708 1671 1764 τὴν

270 1854 294 1890 8
316 1848 507 1897 Ἀμιδηνὸς
528 1851 715 1898 Xylander

179 1979 289 2017 filium
313 1978 483 2024 collegam
506 1977 650 2025 imperii
672 1976 827 2014 adscivit
849 1988 892 2013 ac
914 1975 1120 2023 coronavit,
1152 1987 1304 2023 cumque
1321 1989 1364 2012 eo
1383 1979 1551 2023 quattuor
1574 1989 1674 2013 men-

179 2039 238 2064 ses
261 2024 466 2072 imperavit.
514 2024 676 2070 Augusto
702 2036 845 2071 mense,
878 2034 921 2059 ea
941 2024 1021 2070 ipsa
1046 2023 1169 2070 quinta
1195 2023 1408 2069 indictione,
1437 2030 1594 2059 mortuus
1619 2028 1676 2059 est

178 2073 359 2120 piissimus
383 2071 560 2106 Iustinus:
598 2082 727 2117 corpus
760 2071 836 2106 eius
863 2071 901 2106 in
934 2083 1018 2106 arca
1049 2069 1195 2117 prasina
1216 2071 1410 2117 repositum
1435 2076 1491 2106 est
1514 2071 1552 2105 in
1575 2083 1675 2105 man-

179 2118 282 2155 sione
305 2119 508 2164 Augustae,
549 2117 650 2153 iuxta
674 2130 820 2153 uxorem
843 2117 899 2153 Eu
928 2118 1101 2161 hemiam3
1138 2117 1198 2152 ubi
1226 2117 1332 2152 etiam
1356 2116 1473 2152 stolae
1493 2117 1676 2164 apostolo-

178 2177 256 2201 rum
279 2165 448 2200 inventae
472 2168 568 2202 sunt.
618 2169 696 2200 erat
727 2170 801 2200 tum
824 2165 1029 2211 patriarcha
1054 2164 1176 2210 Cpolis
1200 2165 1366 2199 Ioannes.
1414 2164 1451 2197 in
1475 2164 1587 2199 locum
1612 2176 1678 2199 au-

178 2217 250 2247 tem
282 2211 478 2257 Euphrasii
512 2210 733 2247 Antiocheae
768 2211 991 2257 episcopatui
1026 2210 1264 2246 communibus
1296 2210 1478 2255 suffragiis
1509 2210 1678 2256 deligitur

179 2258 443 2305 Euphraemius
472 2257 684 2303 Amidenus,
719 2257 881 2293 Orientis
912 2269 1051 2304 comes,
1086 2257 1145 2293 vir
1167 2256 1289 2292 divino
1315 2257 1422 2292 animi
1445 2257 1590 2292 fervore
1613 2256 1679 2292 ad-

182 2316 308 2341 versus
333 2301 491 2340 divulsos
515 2306 560 2340 ab
590 2304 741 2341 ecclesia
763 2305 959 2351 praeditus.

277 2373 379 2409 Anno
404 2374 524 2410 mundi
541 2376 645 2419 6021,
672 2375 718 2409 ab
741 2373 988 2409 incarnatione
1012 2372 1071 2407 dei
1096 2373 1177 2417 526,
1203 2371 1420 2408 Iustinianns
1444 2384 1589 2418 magnus
1610 2372 1680 2408 im-

182 2421 320 2468 perium
342 2422 537 2456 Romanum
562 2421 658 2456 solus
683 2432 810 2466 gerere
834 2421 967 2466 coepit.
1018 2419 1209 2466 imperavit
1239 2431 1348 2454 annos
1380 2421 1447 2465 38,
1481 2432 1619 2455 menses
1642 2422 1678 2464 7,

183 2468 262 2503 dies
290 2468 347 2503 13.
394 2469 465 2503 fuit
486 2472 624 2503 statura
645 2469 806 2514 corporis
826 2466 1079 2513 aliquantulum
1104 2467 1315 2501 mediocrem
1341 2468 1548 2512 excedente,
1570 2468 1680 2501 ruber

183 2514 286 2549 vultu
310 2514 403 2549 truci
428 2519 465 2550 et
485 2514 668 2559 versatili,
694 2514 811 2560 capite
835 2526 906 2549 non
930 2513 1018 2548 nihil
1041 2513 1180 2558 glabro.
1228 2524 1319 2547 anno
1341 2513 1469 2549 aetatis
1492 2513 1537 2548 45
1561 2524 1680 2547 rerum

184 2561 319 2606 potitus
344 2565 421 2603 est3
451 2573 600 2607 cumque
633 2561 712 2596 sine
742 2561 877 2607 collega
901 2560 1077 2606 imperare
1110 2559 1310 2605 coepisset,
1346 2571 1470 2594 munus
1495 2559 1682 2594 consulare

187 2606 301 2641 edidit
324 2613 490 2654 quantum
514 2619 616 2643 nemo
640 2613 722 2643 ante
746 2608 873 2654 ipsum.
920 2607 1204 2654 persecutionem
1229 2607 1392 2641 Graecae
1422 2606 1609 2651 religionis
1644 2611 1681 2640 et

186 2653 339 2688 omnium
363 2654 561 2690 haeresium
582 2654 752 2690 instituit.
781 2666 930 2700 cumque
954 2653 1080 2689 multos
1104 2664 1289 2700 procerum
1316 2652 1397 2688 labe
1419 2653 1553 2688 Ariana
1573 2653 1680 2687 vitia-

186 2703 244 2733 tos
269 2700 564 2746 deprehenderet,
588 2701 693 2736 bonis
718 2713 835 2737 eorum
859 2700 1084 2748 publicandis
1110 2705 1146 2735 et
1169 2699 1351 2745 suppliciis
1372 2699 1578 2745 irrogandis
1603 2711 1680 2734 ma-

187 2756 293 2790 gnum
317 2746 396 2782 aliis
419 2753 591 2784 terrorem
614 2748 784 2793 incussit,
823 2748 903 2793 lege
939 2749 1046 2783 etiam
1077 2746 1151 2782 lata
1179 2752 1219 2782 ut
1241 2757 1343 2781 nemo
1368 2747 1438 2781 nisi
1460 2746 1679 2782 orthodoxus

188 2802 262 2826 rem
285 2793 460 2838 publicam
483 2800 639 2839 gereret.
687 2795 817 2841 templo
843 2796 965 2850 Sergii
990 2800 1027 2830 et
1049 2793 1182 2829 Bacchi
1205 2800 1428 2838 sanctorum,
1466 2805 1510 2828 ea
1536 2804 1635 2838 quae
1658 2802 1680 2826 a

189 2837 321 2883 palatio
340 2844 423 2875 sunt
440 2852 567 2878 versus
584 2853 703 2887 mai-03
727 2847 764 2878 et
785 2853 946 2890 proxime
964 2841 1093 2889 templo
1114 2839 1355 2890 apostglorum
1377 2851 1476 2878 suam
1498 2839 1680 2887 propriam
