1742 3184
198 159 298 206 622
681 159 919 205 GEORGII
955 161 1204 206 CEDRENI

196 275 424 333 Καίσαρος.
493 272 639 319 τούτου
671 274 835 331 πόνημα
863 276 931 319 καὶ
959 276 1011 319 τὰ
1034 276 1266 333 καλούμενα
1283 277 1590 338 Ὅμηρόκεντρα
1610 284 1678 324 καὶ

197 345 305 388 ἄλλα
334 345 464 403 μυρία
488 345 707 400 θαύματος
728 344 836 396 ἄξια.
906 346 956 389 τὰ
981 345 1105 401 ὅμοια
1131 348 1175 390 δὲ
1195 350 1374 392 πέπονθε
1397 352 1464 392 καὶ
1483 350 1679 406 Ζώσιμος

195 412 217 457 ὅ
240 417 415 468 Γαζαῖος
445 413 582 472 ῥήτωρ
607 417 674 457 καὶ
704 412 938 472 Ἀρκάδιος
961 414 982 459 ὅ
1005 416 1182 473 ἔπαρχος
1206 420 1273 460 καὶ
1297 418 1414 461 ἄλλοι
1434 425 1515 462 τῶν
1534 420 1676 476 ἐπισή-

192 502 294 540 μων.
364 482 552 526 τοιούτου
585 485 663 541 γὰρ
695 486 762 526 καὶ
789 484 987 528 τοσούτου
1014 485 1225 542 γεγονότος
1250 493 1323 531 τοῦ
1341 488 1536 544 Ζήνωνος
1563 489 1604 532 ἕν
1631 508 1675 533 τε

193 552 335 614 φόνοις
359 555 426 596 καὶ
450 554 660 608 ἀθεμίτοις
679 553 887 612 πράξεσιν,
919 556 992 598 οὐκ
1010 556 1187 612 ἠμέλησε
1210 557 1255 600 τὸ
1276 562 1391 600 θεῖον
1411 562 1467 610 εἷς
1485 559 1561 615 τὴν
1577 559 1673 603 τού-
1687 565 1707 601 5

46 625 76 660 P
100 625 167 662 355
192 642 266 667 του
289 623 504 681 ἀναίρεσιν,
537 623 643 665 ἀλλὰ
675 626 879 682 σφοδραῖς
910 627 977 667 καὶ
1015 625 1308 682 ἀδιαγνιόστοις
1342 626 1508 679 ὀδύναις
1528 634 1609 671 πᾶν
1628 630 1675 672 τὸ

192 698 313 748 σῶμα
343 692 564 750 περιβαλὸν
593 695 741 747 βιαίως
771 698 846 737 τοῦ
875 695 945 749 ζῆν
970 695 1229 754 ἀπεστέρησε.
1300 695 1420 753 λόγος
1441 698 1487 740 δὲ
1509 699 1673 756 ἐφέρετο

188 763 252 808 ὅτι
278 764 319 806 ἔκ
342 779 450 812 τινος
473 764 594 812 θείας
627 762 837 818 δυνάμεως
869 765 1163 822 ἐκαρατομήθη
1190 765 1400 823 ἀοράτως,
1448 766 1576 822 μόνης
1602 773 1676 823 τῆς

190 834 337 888 δ’ἐρεως
366 835 426 890 τῷ
455 831 649 891 τραχήλῳ
680 834 948 889 συνημμένης.
1026 840 1103 890 τῆς
1134 831 1205 879 οὖν
1237 840 1415 891 γαμετῆς
1447 837 1576 879 αὐτοῦ
1607 840 1674 879 καὶ

186 906 268 945 τῶν
287 900 601 957 θαλαμηπόλων
631 907 705 957 τῆς
736 905 885 954 οἰκείας
915 905 1146 961 ἀσφαλείας
1173 907 1496 962 προνοουμένων,
1534 906 1674 950 εἴασαν
1687 912 1731 947 10

188 971 260 1015 τὸν
283 971 426 1029 νεκρὸν
452 973 634 1026 κείμενον
659 973 812 1028 γυμνὸν
834 974 897 1015 ἐπὶ
919 976 1106 1027 σανίδος,
1142 976 1210 1017 καὶ
1233 973 1353 1029 μόλις
1377 975 1485 1033 ἀμφὶ
1507 975 1578 1017 τὸν
1602 976 1675 1033 ὅρ-

187 1045 297 1099 θρον
324 1046 404 1084 τῶν
436 1041 483 1084 οὗ
515 1041 803 1098 προσηκόντων
830 1060 892 1094 τις
923 1042 1090 1100 ἴρριψεν
1113 1044 1226 1102 αὐτῷ
1247 1043 1426 1088 σινδόνα.
1495 1045 1598 1100 μετὰ
1629 1046 1675 1088 δὲ

188 1111 236 1154 τὸ
266 1115 544 1167 κατατεθῆναι
574 1112 701 1154 αὐτὸν
733 1114 775 1155 ἒν
798 1117 857 1170 τῷ
877 1112 996 1171 τάφῳ
1015 1114 1175 1171 ἔφασαν
1199 1114 1238 1156 οἳ
1258 1113 1610 1172 σωματοφύλακες
1635 1115 1674 1157 οἳ

189 1182 232 1224 ἓν
257 1185 316 1239 τῷ
338 1180 460 1239 τάφῳ
490 1183 723 1237 τεταγμένοι
753 1182 900 1239 γοερὰν
934 1183 1075 1240 φωνὴν
1106 1185 1169 1225 ἐπὶ
1203 1182 1276 1226 δύο
1303 1182 1452 1234 νύκτας
1476 1184 1674 1228 ἀποδίδο-

188 1255 292 1294 σθαι
322 1252 365 1293 ἐκ
391 1254 466 1294 τοῦ
483 1250 696 1306 μνήματος
721 1252 848 1294 αὐτοῦ
872 1249 1092 1308 (τέλεήσατε
1104 1285 1117 1305 ,
1150 1253 1340 1309 ἐλεήσατε
1348 1286 1362 1305 ,
1398 1255 1467 1296 καὶ
1487 1255 1675 1306 ἀνοίξατέ
1685 1260 1728 1296 15

134 1323 164 1359 Β
187 1320 307 1376 ficet-²²
379 1325 461 1363 τῶν
491 1322 536 1363 δὲ
568 1320 760 1364 εἰπόντων
794 1320 855 1364 ὅτι
885 1321 1010 1373 ἄλλος
1037 1321 1268 1377 βασιλεύει,
1315 1323 1393 1382 ἔφη
1424 1321 1575 1366 “miden
1600 1341 1673 1379 μοι

184 1392 319 1446 με’λει·
359 1393 415 1441 εἷς
443 1390 721 1448 μοναστήριον
752 1390 982 1448 ἀπαγάγετέ
1002 1392 1090 1447 με.”
1163 1398 1245 1435 τῶν
1267 1393 1388 1448 δὲμὴ
1412 1391 1672 1446 ἀνοιξάντων,

185 1461 341 1516 λέγεται
371 1459 475 1515 μετά
508 1478 599 1503 τινα
627 1458 778 1517 χρόνον
802 1461 848 1503 τὸ
870 1470 1066 1516 μνημεῖον
1087 1461 1322 1518 ἀνοιγῆναι,
1363 1464 1430 1505 καὶ
1452 1461 1673 1519 εὑρεθῆναι

185 1531 310 1574 αὐτὸν
341 1528 420 1572 ὑπὸ
453 1531 589 1585 πείνης
619 1529 804 1588 φαγόντα
833 1532 931 1582 τοὺς
951 1533 1176 1588 βραχίονας
1198 1532 1324 1575 αὐτοῦ
1348 1533 1414 1574 καὶ
1438 1532 1490 1574 τὰ
1512 1534 1674 1589 καλίγια

185 1600 211 1642 ἃ
233 1599 393 1657 ἐφόρει,
416 1599 500 1642 διὰ
532 1600 578 1642 τὸ
610 1605 768 1655 συχνῶς
796 1604 855 1658 τῷ
884 1600 1046 1660 κατόχῳ
1076 1599 1275 1657 νοσήματι
1298 1606 1567 1659 κρατεῖσθαι,
1603 1604 1729 1645 namo

182 1674 518 1727 προφιλιωθῆναι
540 1669 597 1712 ἔτι
621 1672 769 1723 ζῶντος
793 1671 922 1713 αὐτοῦ
944 1671 1018 1727 τὴν
1045 1670 1281 1728 Ἀριάδνην
1300 1675 1360 1729 τῷ
1385 1672 1670 1730 Ἀναστασιίιιῃ

184 1738 285 1782 ὅθεν
303 1741 371 1781 καὶ
396 1739 433 1781 οἳ
457 1738 637 1796 φύλακες
656 1744 738 1782 τῶν
758 1744 985 1793 βασιλικῶν
1003 1740 1229 1796 μνημάτων
1249 1746 1299 1797 τῇ
1320 1742 1573 1803 παραγγελία
1594 1742 1671 1785 αὖ-

182 1814 255 1865 τῆς
275 1808 378 1866 πρὸς
397 1808 443 1851 τὸ
462 1809 521 1864 μὴ
546 1809 754 1865 ἀνοιγῆναι
775 1810 846 1851 τὸν
865 1809 1041 1865 Ζήνωνα
1060 1809 1334 1866 ἐτυπώθησαν
1357 1809 1504 1854 ἔκτοτε.

277 1903 301 1940 4
325 1902 398 1939 δέ’.)
421 1916 468 1939 an
493 1898 591 1940 οὖν’.)

183 1984 318 2030 scripta
344 1983 530 2030 versibus,
568 1986 612 2020 ab
635 1985 795 2031 Augusto
819 1985 975 2021 Caesare
1001 1997 1096 2022 orsa.
1143 1987 1422 2023 Homerocentra
1446 1988 1551 2023 etiam
1577 2000 1672 2023 com-

183 2032 324 2078 posuit,
360 2031 499 2077 aliaque
532 2031 680 2077 plurima
714 2033 820 2067 laude
852 2033 973 2078 digna.
1022 2033 1121 2068 Zeno
1147 2041 1263 2069 autem
1283 2034 1460 2070 Zosimum
1486 2041 1674 2081 praeterea

183 2077 387 2122 interfecit,
422 2079 597 2114 rhetorem
623 2080 822 2124 Gazaeum,
860 2086 895 2114 et
918 2080 1105 2114 Arcadium
1133 2082 1369 2126 praefectum,
1407 2082 1566 2127 aliosque
1589 2082 1672 2116 illu-

184 2131 278 2160 stres
301 2124 411 2159 viros.
460 2137 574 2172 neque
600 2138 686 2160 vero
711 2132 766 2160 tot
787 2126 952 2161 caedibus
978 2138 1019 2161 ac
1038 2127 1230 2163 sceleribus
1254 2141 1323 2163 non
1351 2128 1518 2174 imposuit
1540 2140 1673 2175 poenas

184 2171 307 2207 divina
330 2171 506 2216 vindicta,
544 2173 606 2207 sed
634 2184 709 2207 eum
734 2174 1003 2208 vehementibus
1029 2180 1135 2220 atque
1166 2175 1356 2221 incognitis
1387 2175 1568 2210 doloribus
1595 2180 1672 2210 toto

184 2230 334 2264 corpore
359 2219 596 2254 excruciatum
620 2220 777 2254 violenta
802 2227 912 2255 morte
936 2221 1090 2255 sustulit.
1139 2222 1255 2257 fertur
1289 2223 1380 2257 fama
1412 2222 1446 2256 ei
1477 2233 1498 2256 a
1523 2223 1672 2267 quadam

183 2266 306 2300 divina
329 2271 507 2310 potestate
530 2267 580 2301 ita
606 2267 717 2302 fuisse
739 2273 848 2312 caput
871 2267 1076 2311 abscissum,
1101 2273 1140 2303 ut
1162 2281 1203 2303 ea
1229 2281 1286 2303 res
1310 2273 1536 2315 conspectum
1558 2268 1673 2303 homi-

181 2324 262 2347 num
286 2313 429 2357 fugeret
449 2313 594 2360 solaque
620 2320 699 2348 cute
724 2320 832 2359 caput
854 2325 930 2348 cum
952 2315 1152 2350 cervicibus
1172 2315 1392 2361 iungeretur.
1441 2315 1561 2361 itaque
1581 2327 1671 2350 uxo-

179 2370 254 2393 rem
279 2364 317 2393 et
340 2359 573 2395 cubicularios
599 2361 744 2407 proprie
768 2360 872 2395 saluti
897 2361 1120 2397 consulentes
1146 2369 1317 2397 mortuum
1343 2362 1379 2396 in
1405 2373 1524 2396 assere
1549 2363 1671 2396 iacen-

181 2411 250 2440 tem
273 2406 480 2452 reliquisse:
517 2407 667 2442 dilucufo
692 2408 831 2442 tandem
856 2409 1028 2452 quendam
1056 2409 1148 2444 nulla
1173 2421 1249 2444 eum
1275 2408 1537 2443 necessitudine
1562 2409 1671 2444 attin-

181 2453 336 2497 gentium
361 2453 544 2488 sindonem
570 2454 737 2489 cadaveri
760 2454 939 2489 iniecisse.
977 2456 1148 2491 satellites
1176 2468 1281 2502 porro
1307 2456 1366 2501 qui
1391 2456 1435 2489 ad
1459 2456 1671 2501 sepulcrum,

180 2499 218 2533 in
243 2511 311 2545 quo
336 2501 513 2545 repositus
537 2501 626 2545 fuit,
662 2501 928 2537 custodiendum
961 2509 1062 2537 erant
1094 2503 1275 2547 collocati,
1307 2502 1521 2537 rettulerunt
1543 2514 1582 2537 se
1606 2514 1672 2548 per

180 2546 267 2580 duas
291 2553 413 2581 noctes
435 2547 693 2583 lamentabilem
719 2560 841 2583 vocem
865 2549 1045 2584 audivisse
1073 2562 1116 2584 ex
1141 2549 1302 2596 sepulcro
1328 2549 1473 2583 elatamt
1498 2545 1671 2583 “misere-

182 2592 280 2636 mini,
305 2599 342 2627 et
364 2594 501 2639 aperite
523 2592 647 2629 mihi.”
695 2607 771 2630 cum
796 2596 957 2630 dicerent
975 2596 1079 2631 alium
1101 2596 1168 2631 iam
1191 2597 1380 2642 imperare,
1402 2591 1539 2630 “nihil'’
1554 2596 1671 2641 inquit

181 2634 309 2673 “curot
334 2640 371 2673 in
395 2642 642 2676 monasterium
668 2654 723 2677 me
745 2639 946 2677 abducite-’³
975 2644 1039 2678 sed
1063 2655 1139 2677 cum
1162 2643 1213 2677 illi
1236 2655 1306 2677 non
1331 2643 1524 2697 aperirent,
1549 2643 1671 2677 ferunt

181 2684 359 2729 aliquanto
383 2693 466 2732 post
486 2688 732 2724 monimentum
756 2689 868 2724 fuisse
890 2688 1062 2724 reclusum
1083 2691 1334 2735 inventumque
1355 2701 1392 2723 m
1414 2701 1456 2723 eo
1477 2689 1669 2733 Zenonem,

181 2730 243 2775 qui
272 2744 358 2777 prae
385 2734 478 2769 fame
507 2747 590 2770 suos
622 2735 701 2781 ipse
736 2735 886 2770 lacertos
918 2738 1102 2772 manderet
1128 2742 1164 2771 et
1193 2736 1343 2781 caligas,
1379 2747 1468 2782 quas
1491 2737 1670 2781 gestabat,

181 2777 265 2821 quia
286 2779 409 2813 crebro
430 2782 597 2817 comitiali
617 2782 877 2828 corripiebatur
899 2785 1034 2828 morbo,
1059 2789 1096 2819 et
1114 2783 1192 2830 ipso
1212 2784 1326 2818 adhuc
1343 2783 1490 2817 vivente
1510 2782 1669 2817 Ariadna

181 2823 378 2907 Zenonem&
388 2829 540 2864 amabat.
588 2829 711 2877 itaque
746 2842 790 2866 ea
821 2831 1053 2868 mandaverat
1084 2830 1288 2867 custodibus
1319 2829 1412 2875 regii
1444 2828 1599 2876 sepulcri
1622 2840 1669 2864 ne

181 2881 349 2916 aperiren
