1742 3184
409 186 803 232 HISTORIARUM
836 186 1226 232 coMPENmUM.
1457 189 1553 236 361

96 302 168 346 οῧκ
196 300 325 356 ἵπιεν,
357 301 544 359 ἔμψυχον
578 302 652 347 οῧκ
681 301 805 361 ἔφαγε
836 299 1018 355 πώποτε,
1052 302 1174 360 ξυρός
1195 303 1258 346 ε’πὶ
1282 302 1357 358 τὴν
1376 304 1557 362 κεφαλὴν

94 372 221 415 αὐτοῦ
248 373 322 416 οὐκ
350 373 497 429 ἀνέβη,
527 373 648 431 ἐλαίῳ
674 372 747 416 οὐκ
773 372 993 428 ἠλείψατο,
1021 373 1224 430 βαλανείῳ
1247 372 1321 415 οὐκ
1340 362 1555 429 ἐχρήσατο.

94 435 214 491 οὗτος
242 441 306 484 ἐπὶ
334 447 407 485 τοῦ
434 443 574 500 κυρίου
605 443 819 492 ἐπίσκοπος
850 445 923 496 τῆς
950 443 992 485 ἐν
1020 440 1314 500 Ἰεροσολύμοις
1344 444 1556 497 ἐκκλησίας

91 511 286 565 κατέστη,
319 510 373 553 τὰ
403 512 448 554 δὲ
478 510 630 567 γόνατα
657 511 783 554 αὐτοῦ
812 505 919 566 ἦσαν
944 509 1221 567 ἂπεσκληκότα
1238 509 1294 560 ὥς
1309 510 1492 566 καμήλου
1511 513 1556 554 ἐκ

58 583 167 623 ὄτοῦ
198 579 258 621 ἀεὶ
288 577 483 635 κάμπτειν
515 578 658 622 ἑαυτὸν
680 582 747 622 καὶ
768 584 825 638 τῷ
848 584 934 638 θεῷ
951 587 1199 638 προσκυνεῖν.
1270 579 1369 623 ὅθεν
1393 580 1462 623 διὰ
1484 581 1557 636 τὴν

89 645 323 705 ὑπερβολὴν
345 653 418 704 τῆς
449 648 706 704 δικαιοσύνης
733 649 858 692 αὐτοῦ
883 651 949 692 καὶ
976 654 1224 706 θαυμαστῆς
1241 651 1442 701 πολιτείας
1462 650 1557 692 ἕκα-

89 720 195 760 λεῖτο
225 719 377 768 δίκαιος
404 720 471 760 καὶ
498 719 659 772 ὂβλιάς,
705 717 726 760 ὅ
758 719 843 761 ἐστι
873 720 1039 776 περιοχὴ
1074 723 1178 762 λαοῦ
1210 722 1277 761 καὶ
1309 717 1558 775 δικαιοσύνη.

89 785 172 830 ἐπεὶ
198 781 269 830 οὖν
290 787 496 842 αἰδέσιμος
517 790 585 830 καὶ
606 786 827 842 σεβάσμιος
847 791 921 841 καὶἱ
936 787 1100 846 σφόδρα
1121 787 1360 846 περιβόητος
1379 787 1558 845 ὑπῆρχεν

90 853 111 898 ὅ
141 853 350 912 ἶσάγγελος
372 856 585 911 Ἰάκωβος,
621 855 763 915 ἑορτῆς
793 858 1006 914 γενομένης
1030 863 1102 901 τοῦ
1131 856 1270 912 πάσχα
1298 859 1366 900 καὶ
1395 862 1556 902 πολλῶν
1578 863 1609 899 Ρ
1633 863 1704 899 206

36 934 81 970 10
90 923 302 982 μυριάδων
341 925 618 970 συνελθόντων
658 932 738 969 τῶν
771 927 978 970 Ἰουδαίων
1019 933 1162 970 τοῦτον
1205 927 1481 983 ἀνενέγκαντες
1520 928 1558 971 οἱ

89 1001 339 1050 γραμματεῖς
361 998 428 1038 καὶ
456 996 571 1053 ἱερεῖς
598 996 660 1038 ἐπὶ
690 996 736 1039 τὸ
768 995 979 1053 πτερύγιον
1012 1001 1086 1040 τοῦ
1120 997 1251 1054 ἱεροῦ,
1291 995 1557 1040 διασκεδάσαι

87 1062 328 1118 βουλόμενοι
360 1064 406 1108 τὸ
440 1063 630 1123 κήρυγμα
661 1070 735 1108 τοῦ
764 1068 974 1121 Χριστοῦ,
1021 1064 1130 1108 εἶπον
1169 1063 1324 1122 μεγάλῃ
1353 1070 1404 1123 τῇ
1437 1071 1556 1124 φωνῇ

82 1130 303 1188 “οἰξιοῦμεν
325 1134 391 1186 σε’,
427 1136 576 1187 δίκαιε,
612 1136 732 1178 εἰπεῖν
753 1140 811 1192 τῷ
832 1139 940 1192 λαῷ,
971 1135 1042 1177 ’ἶνα
1070 1135 1128 1190 μὴ
1166 1139 1394 1178 πλανῶνται
1424 1136 1554 1179 ὀπίσω

87 1206 162 1244 τοῦ
185 1203 399 1259 λεγομένου
425 1207 627 1259 Χριστοῦ.
697 1205 759 1247 σοὶ
784 1205 862 1261 γὰρ
884 1204 1029 1254 πάντες
1047 1202 1304 1259 πειθόμεθα,
1335 1204 1553 1261 γινώσκον-

32 1279 76 1315 15
88 1271 152 1322 τίς
181 1289 225 1315 σε
254 1274 408 1316 δίκαιον
430 1275 497 1316 καὶ
521 1273 906 1330 ἀπροσωπόληπτον.
976 1274 1058 1316 εἰπὲ
1076 1272 1172 1329 ἡμῖν
1190 1276 1250 1325 τίς
1268 1275 1374 1317 ἔστιν
1392 1273 1418 1331 ἡ
1439 1273 1554 1331 θύρα

85 1345 158 1383 τοῦ
186 1341 373 1396 Ἰησοῦ.”
446 1340 468 1385 ὁ
502 1343 546 1385 δὲ
578 1343 817 1399 ἀποκριθεὶς
846 1343 923 1401 ἔφη
953 1341 1025 1385 “u'
1047 1361 1098 1397 με
1129 1346 1350 1400 ἔπερωτᾶτε
1371 1347 1459 1400 περὶ
1480 1348 1555 1387 τοῦ

85 1411 274 1466 Χριστοῦ
282 1429 297 1465 ‚·
331 1413 399 1453 καὶ
428 1412 550 1462 αὐτὸς
576 1412 788 1464 καθέζεται
815 1413 856 1455 ἒν
885 1414 996 1471 δεξιᾷ
1016 1417 1089 1455 τοῦ
1111 1417 1212 1455 θεοῦ
1236 1414 1277 1454 ἓν
1299 1417 1358 1470 τῷ
1378 1414 1552 1470 οὐρανῷ,

84 1480 153 1520 καὶ
174 1479 297 1530 αὐτὸς
313 1482 448 1534 μέλλει
474 1479 668 1538 ἔρχεσθαι
690 1482 752 1522 ἐπὶ
774 1486 854 1524 τῶν
874 1486 1050 1538 νεφελῶν
1069 1486 1142 1524 τοῦ
1164 1481 1339 1538 ούρανοῦ
1360 1485 1428 1524 καὶ
1449 1482 1554 1524 ἀπο-

86 1549 228 1591 δοῦναι
257 1547 414 1608 ἑκάστῳ
445 1550 550 1592 κατὰ
575 1550 649 1605 τὴν
677 1553 824 1607 πρᾶξιν
854 1551 1027 1594 αὖτοῦ.”
1098 1552 1238 1594 πολλοὶ
1270 1555 1366 1606 γοῦν
1397 1555 1549 1609 πληρο-
1574 1560 1605 1595 Β

29 1618 339 1675 Ξθφορηθὲντες
374 1619 438 1661 ἐπὶ
474 1623 527 1676 τῇ
561 1621 768 1679 μαρτυρία
805 1624 880 1662 τοῦ
915 1617 1119 1674 Ἰακώβου
1162 1618 1335 1676 ἔκραξαν
1374 1621 1555 1676 λέγοντες

79 1683 274 1730 “ὡσαννά
302 1691 362 1746 τῷ
389 1688 466 1746 υἱῷ
497 1689 680 1742 Δαβι’δ.”
754 1688 999 1740 ἀκούσαντες
1030 1690 1074 1731 δὲ
1101 1693 1230 1731 ταῦτα
1260 1688 1297 1730 οἶ
1324 1687 1557 1745 παράνομοι

84 1755 282 1814 ἀρχιερεῖς
299 1759 366 1799 καὶ
389 1759 611 1815 Φαρισαῖοι
639 1757 811 1815 ἔκραξαν
839 1757 903 1801 “di
934 1758 987 1811 ὦ,
1023 1759 1090 1800 καὶ
1120 1756 1141 1800 ὃ
1171 1759 1324 1808 δίκαιος
1349 1756 1555 1813 πεπλάνη-

83 1843 150 1869 ται
155 1826 201 1879 ,³³
229 1830 296 1869 καὶ
313 1827 503 1881 μανέντες
523 1826 699 1885 ἔρριψαν
720 1827 842 1870 αὐτὸν
861 1826 985 1871 κάτω.
1052 1826 1186 1870 πεσών
1204 1827 1248 1870 δὲ
1267 1827 1340 1869 οὐκ
1359 1827 1555 1880 ἀπέθανε,

83 1961 188 2003 potus
219 1970 393 2004 nunquam
424 1960 583 2005 biberat,
620 1960 775 1994 animans
797 1959 925 1995 nullum
949 1960 1089 2004 ederat,
1121 1958 1291 1994 novacula
1314 1962 1420 2005 caput
1441 1958 1554 2004 ipsius

82 2015 256 2049 nunquam
278 2005 465 2051 tetigerat,
491 2006 567 2041 oleo
591 2013 716 2042 unctus
740 2013 776 2041 et
798 2007 923 2041 balneo
948 2018 1030 2041 usus
1055 2018 1123 2040 non
1146 2005 1278 2040 fuerat.
1324 2006 1354 2039 is
1379 2005 1445 2039 iam
1468 2005 1553 2040 inde

82 2051 128 2084 ab
148 2051 267 2085 reditu
285 2051 418 2086 Chr.sti
436 2052 474 2086 in
493 2052 609 2087 caelos
629 2053 813 2099 episcopus
831 2053 1097 2097 Hierosolymae
1115 2053 1231 2086 fuerat
1250 2057 1400 2086 creatus.
1438 2063 1553 2095 genua

80 2107 189 2142 porro
210 2097 321 2143 ipsius
345 2098 449 2133 callos
474 2098 595 2133 cameli
617 2099 730 2134 instar
750 2111 899 2145 genuum
920 2101 1155 2140 obduxerant,
1180 2098 1272 2143 quod
1294 2097 1331 2131 in
1355 2109 1397 2131 ea
1419 2097 1553 2131 identi-

81 2144 160 2178 dem
184 2144 355 2179 adorandi
378 2145 437 2179 dei
458 2156 564 2179 causa
587 2145 797 2181 consideret.
845 2146 896 2181 ita
923 2157 966 2180 ue
991 2146 1035 2180 ob
1057 2144 1283 2179 excellentem
1299 2143 1468 2178 iustitiam
1486 2143 1551 2177 ad-

80 2188 346 2236 mirabilemque
368 2191 465 2225 vitae
485 2192 656 2227 rationem
677 2192 795 2226 Iustus
819 2204 909 2239 appe
924 2191 1078 2236 labatur,
1104 2196 1140 2225 et
1155 2190 1298 2232 oblias,
1323 2190 1414 2233 quod
1431 2189 1552 2235 populi

82 2235 298 2281 complexum
322 2237 480 2272 denotat.
526 2238 618 2273 hunc
641 2239 826 2282 Iacobum,
863 2240 975 2273 virum
996 2237 1253 2279 venerabilem,
1282 2235 1488 2270 honoratum
1514 2240 1552 2271 et

80 2281 343 2318 celeberrimum
368 2283 639 2330 angelorumque
660 2285 826 2329 similem,
858 2297 933 2320 cum
963 2284 1146 2318 paschatis
1174 2282 1350 2317 festivitas
1373 2287 1549 2327 ageretur,

80 2339 124 2362 ac
145 2329 318 2374 permulta
341 2330 548 2365 Iudaeorum
573 2331 664 2366 milia
688 2331 725 2366 in
750 2333 870 2366 urbem
899 2331 1170 2372 confluxissent,
1206 2328 1344 2363 scribae
1369 2336 1405 2363 et
1422 2337 1551 2362 'sacer-

80 2374 182 2409 dotes
215 2376 251 2409 in
285 2376 406 2421 templi
437 2377 622 2422 pinnaculo
657 2378 934 2419 constituerunt3
969 2383 1075 2422 utque
1099 2375 1234 2410 Christi
1256 2374 1554 2420 praedicationem

80 2420 281 2464 abolerent,
307 2434 434 2467 magna
457 2435 545 2457 voce
569 2424 619 2458 ita
642 2430 723 2458 sunt
744 2425 854 2458 affati.
902 2420 961 2457 “te
986 2423 1082 2457 Iuste
1104 2423 1301 2465 hortamur,
1325 2426 1365 2455 ut
1386 2420 1552 2455 universo

80 2467 211 2513 populo
236 2468 353 2513 dicas,
386 2481 431 2503 ne
454 2481 574 2504 errore
597 2470 738 2505 abducti
767 2482 845 2505 eum
875 2470 936 2515 qui
959 2469 1122 2504 Christus
1150 2473 1338 2513 usurpatur
1361 2472 1554 2502 sectentur.

79 2513 148 2547 tibi
171 2514 262 2548 enim
283 2526 348 2549 nos
373 2527 490 2550 omnes
516 2516 617 2550 fidem
642 2517 827 2560 habemus,
867 2528 967 2562 quem
999 2515 1126 2549 scimus
1154 2514 1283 2549 iustum
1307 2525 1386 2547 esse
1411 2519 1447 2547 et
1470 2525 1555 2559 per-

80 2571 242 2594 sonarum
261 2562 434 2596 rationem
456 2561 580 2596 nullam
597 2563 738 2597 ducere.
786 2563 843 2597 dic
862 2575 946 2607 ergo
966 2562 1066 2596 nobis
1078 2588 1087 2605 ,
1111 2572 1201 2606 quae
1220 2565 1276 2595 est
1292 2559 1398 2594 ianua
1412 2556 1556 2595 Iesu⁴3’'

81 2606 126 2640 ad
150 2606 238 2641 haec
259 2607 319 2641 ille
349 2604 457 2653 “quid
481 2605 558 2642 me⁵²
590 2609 706 2653 inquit
739 2605 807 2644 “de
829 2610 973 2644 Christo
998 2607 1256 2652 interrogatis?
1289 2606 1320 2640 is
1354 2605 1495 2650 quidem
1518 2605 1556 2640 in

82 2652 180 2686 caelo
205 2653 251 2687 ad
273 2654 452 2688 dexteram
476 2655 535 2689 dei
556 2655 677 2700 sedet,
699 2656 852 2701 indeque
869 2655 991 2690 veniet
1013 2660 1136 2688 vectus
1160 2653 1311 2687 nubibus
1335 2651 1443 2698 caeli,
1466 2653 1553 2687 red-

80 2699 212 2744 detque
247 2700 436 2745 unicuique
471 2713 512 2735 ea
544 2712 636 2746 quae
666 2702 811 2736 meritus
842 2698 947 2736 suit.''
991 2700 1088 2734 multi
1121 2711 1205 2758 ergo
1236 2699 1432 2734 certissime
1464 2710 1553 2734 vera

81 2756 160 2779 esse
183 2756 275 2790 quae
298 2747 447 2782 Iacobus
474 2747 613 2782 dixerat
639 2748 823 2782 credentes
853 2747 1135 2782 exclamaverunt
1179 2743 1358 2780 ‘Hosanna
1379 2745 1453 2779 filio
1476 2746 1551 2780 Da-

79 2788 191 2825 vidi?
238 2793 331 2838 quod
362 2805 438 2827 cum
471 2794 636 2828 audirent
666 2794 766 2839 impii
801 2794 1001 2828 sacerdotes
1032 2798 1140 2838 atque
1171 2792 1330 2835 scribae,
1363 2791 1552 2827 vociferati

79 2842 163 2872 sunt
183 2834 275 2873 “ohe
299 2838 404 2874 etiam
426 2840 539 2874 iustus
563 2840 599 2874 in
623 2852 778 2875 errorem
801 2840 918 2886 lapsus
943 2836 1033 2874 est?
1080 2838 1220 2884 actique
1242 2839 1280 2873 in
1301 2839 1455 2874 furorem
1473 2850 1551 2873 eum

79 2883 369 2922 deturbaverunt.
415 2898 532 2933 neque
561 2891 679 2922 tamen
709 2898 753 2922 eo
784 2899 829 2923 ex
856 2897 940 2922 casu
962 2891 1118 2922 mortuus
1141 2891 1216 2931 οδες
1247 2890 1284 2921 et
1309 2896 1386 2921 cum
1413 2885 1550 2932 lapides
