1742 3184
397 156 797 215 HISTORIARUM
822 166 1228 216 COMPENDIUM.
1448 170 1546 216 605

73 282 192 338 ρηταὶ
215 278 463 336 Πασχάσιος
481 283 548 323 καὶ
564 282 816 333 Λουκίνσιος
833 283 1042 326 ἐπίσκοποι
1063 284 1130 325 καὶ
1153 279 1404 340 Βονιφᾶκιος
1421 304 1546 343 πρεσ-

70 349 265 407 βύτερος,
305 349 537 401 Ἀνατόλιος
565 350 1056 403 Κωνσταντινουπόλεως,
1091 351 1346 408 Ἰουβενάλης
1371 352 1544 411 Ἱεροσο-
1564 361 1594 395 Β

72 418 227 473 λύμων.
288 424 586 476 καθαιροῦνται
605 422 738 462 τοίνυν
757 421 796 463 οἱ
817 421 1005 478 αἱρετικοὶ
1026 422 1092 463 καὶ
1112 423 1354 478 ἐξορίζονται
1375 425 1416 466 ἐν
1434 425 1474 465 Γ
1472 422 1546 480 ἁγ-

72 505 174 547 γρςι,
215 496 502 545 χειροτονεῖται
530 490 574 531 δὲ
608 491 836 547 Προτέριος
872 492 1087 541 ἐπίσκοπος
1116 490 1420 549 Ἀλεξανδρείας
1459 494 1548 536 ἀντὶ

36 563 59 598 5
71 555 320 614 Διοσκόρου.
368 555 395 612 ἡ
415 558 460 600 δὲ
481 555 577 614 ἁγία
594 558 767 609 σύνοδος
786 558 1012 617 ἐξεφώνησε
1029 560 1179 602 τέλειον
1197 561 1298 603 θεὸν
1315 563 1383 603 καὶ
1401 563 1549 605 τέλειον

69 625 295 683 ἄνθρωπον
311 626 384 669 τὸν
405 627 530 669 αὐτὸν
548 629 590 669 ἐν
608 626 682 670 δύο
706 627 888 686 φύσεσιν,
926 627 1162 686 ἅσυγχύτως
1181 630 1419 686 ἀδιαιρέτως
1429 663 1443 683 ,
1477 632 1549 674 τὸν

69 693 210 753 κύριον
230 692 348 750 ἡμῶν
365 698 432 738 καὶ
451 695 552 738 θεὸν
572 696 729 751 Ἰησοῦν
749 696 948 754 Χριστόν.
1019 697 1092 740 δύο
1120 699 1164 741 δὲ
1193 698 1376 756 εἶρήκασι
1408 700 1551 758 φύσεις

68 769 128 821 τῷ
148 762 257 821 λόγῳ
278 768 352 819 τῆς
371 766 597 822 διαφορᾶς,
633 766 680 808 οὐ
701 771 759 824 τῷ
779 765 885 825 λόγῳ
907 771 981 822 τῆς
1003 768 1250 823 διαιρέσεως.
1319 768 1393 824 τήν
1412 787 1453 812 τε
1476 775 1548 812 τοῦ

63 830 224 887 Ῥώμης
252 831 369 875 noina
387 835 574 885 Λέοντος
603 835 818 891 ἐπιστολὴν
845 837 947 892 πρὸς
970 837 1207 890 Φλαβιανὸν
1236 846 1464 894 γραφεῖσαν
1494 837 1551 889 ὡς

14 910 59 945 10
71 900 224 957 στήλην
250 903 499 958 ὄρθοδοξίας
524 905 724 955 ἐδέξαντο.
793 906 1027 961 ἐπικυροῦσι
1059 907 1103 947 δὲ
1131 907 1198 948 καὶ
1228 906 1303 961 τὴν
1321 909 1547 964 Νεστορίου

68 972 324 1028 καθαίρεσιν.
356 973 543 1023 ἐδέξαντο
566 974 611 1016 δὲ
633 972 901 1032 Θεοδώρητον
919 978 986 1016 καὶ
1002 974 1118 1028 Ἴβαν
1141 973 1198 1026 ὥς
1217 975 1549 1031 ἀναθεματίσαν-

66 1057 142 1091 τας
163 1039 403 1097 Νεστόριον.

208 1113 283 1168 Τῷ
300 1109 336 1167 γ’
358 1111 435 1154 ἔτει
461 1107 488 1164 ἡ
514 1111 699 1168 μακαριά
730 1112 798 1154 καὶ
830 1110 1000 1167 εὐσεβὴς
1018 1113 1254 1169 Πουλχερία
1277 1111 1479 1169 ἐκοιμήθη
1500 1114 1542 1157 ἐν
1564 1121 1596 1157 C

68 1181 243 1237 Χριστῷ
259 1181 467 1238 παρθένος
485 1182 552 1222 καὶ
571 1181 632 1236 μὴ
655 1183 952 1238 διαφθαρεῖσα,
978 1180 1110 1224 πάντα
1133 1181 1185 1224 τὰ
1203 1180 1359 1237 ἑαυτῆς·
1372 1190 1547 1238 πτωχοῖς

13 1250 57 1287 15
70 1250 323 1303 διανείμασα.

207 1322 282 1376 Τῷ
302 1315 340 1361 δ’
363 1316 440 1361 {fret
466 1318 800 1369 Οὖαλεντινιανὸς
829 1317 850 1360 ὅ
880 1323 954 1374 τῆς
975 1316 1136 1374 Ῥώμης
1153 1318 1347 1373 βασιλεὺς
1370 1324 1451 1362 τῶν
1472 1321 1546 1374 μέν

68 1386 210 1443 ὀρθῶν
232 1392 306 1442 τῆς
332 1388 548 1442 ἐκκλησίας
575 1386 790 1443 δογμάτων
810 1387 1149 1442 ἀντελαμβάνετο,
1183 1391 1314 1445 πολλῇ
1332 1389 1376 1431 δὲ
1395 1394 1446 1446 τῇ
1463 1407 1546 1431 πα-

68 1457 245 1515 ρανομία
265 1457 307 1498 ἓν
325 1460 377 1512 τῇ
397 1454 546 1498 ἑαυτοῦ
566 1457 699 1513 διαίτῃ
717 1457 907 1513 ἐκέχρητο
919 1470 931 1481 ·
978 1455 1277 1513 εὐπρεπεστάτη
1294 1456 1374 1512 γὰρ
1391 1460 1549 1513 γυναικὶ

67 1525 248 1584 Εὐδοξία
281 1526 436 1577 συζῶν,
482 1527 661 1582 θυγατρὶ
697 1525 921 1568 Θεοδοσίου
956 1531 1028 1567 τοῦ
1051 1527 1278 1580 βασιλέως,
1314 1526 1549 1583 ἀλλοτρίαις

9 1595 351 1649 2οδαιμονιωδῶς
370 1595 574 1651 ἐκέχρητο.
645 1592 784 1648 ὡμίλει
816 1596 861 1637 δὲ
891 1599 1067 1649 συνεχῶς
1088 1596 1155 1636 καὶ
1178 1602 1263 1645 τοῖς
1284 1594 1336 1637 τὰ
1355 1598 1547 1653 περίεργα

66 1662 312 1719 πράττουσι·
364 1663 428 1705 διὸ
464 1665 531 1705 καὶ
565 1665 750 1721 οἰκτίστῳ
777 1665 1050 1719 παραδίδοται
1085 1662 1273 1721 θανάτῳ.
1342 1667 1546 1719 Μαξίμου

64 1732 143 1790 γὰρ
171 1736 247 1775 τοῦ
274 1734 338 1775 ἐπὶ
366 1731 590 1775 Θεοδοσίου
619 1737 694 1775 τοῦ
719 1732 900 1788 μεγάλου
928 1731 1257 1789 τυραννήσαντος
1283 1731 1444 1789 ἔκγονος
1473 1736 1541 1777 καὶ
1564 1744 1597 1779 D

66 1799 282 1857 ὁμώνυμος
287 1834 302 1854 ,
347 1803 389 1844 ἐν
407 1808 492 1852 τοῖς
511 1801 615 1844 κατὰ
629 1800 792 1857 Ῥώμην
812 1803 1039 1859 πατρικίοις
1056 1805 1195 1854 τελῶν,
1231 1802 1346 1844 ἔνδον
1367 1807 1440 1845 τοῦ
1463 1821 1547 1845 πα-

64 1872 207 1914 λατίου
235 1868 447 1928 γενόμενος
480 1871 550 1914 τὸν
583 1871 915 1914 Οὖαλεντινιανὸν
947 1871 1155 1928 ἀπέσφαξε
1185 1873 1253 1914 καὶ
1285 1876 1336 1928 τῇ
1366 1872 1546 1933 Εὐδοξιά

64 1979 277 2015 Paschasius
301 1984 339 2014 et
360 1979 548 2021 Lucinsius
571 1979 730 2026 episcopi
753 1992 796 2014 ac
819 1979 1026 2015 Bonifacius
1050 1981 1262 2026 presbyter;
1299 1991 1342 2013 ac
1363 1980 1545 2015 Anatolius

64 2026 292 2072 cpolitanus,
334 2026 512 2061 Iuvenalis
547 2026 861 2072 Hierosolymaeus
898 2026 1072 2072 episcopi.
1119 2026 1288 2060 haeretici
1320 2026 1476 2061 damnati
1509 2033 1547 2062 et

64 2073 246 2118 Gangram
276 2078 360 2107 sunt
391 2073 559 2118 relegati,
602 2072 709 2118 inque
742 2073 853 2107 locum
884 2072 1049 2107 Dioscori
1080 2072 1267 2118 episcopus
1300 2071 1545 2107 Alexandreae

56 2126 206 2154 ‘creatus
226 2118 424 2154 Proterius.
472 2119 717 2164 pronuntiavit
750 2131 853 2154 sacra
886 2119 956 2154 ista
991 2119 1146 2162 synodus
1178 2118 1351 2152 dominum
1376 2130 1418 2152 ae
1441 2120 1546 2154 deum

64 2171 222 2200 nostrum
250 2166 366 2200 Iesum
401 2165 579 2200 Christum
613 2166 808 2211 perfectum
841 2177 920 2199 esse
955 2166 1056 2200 deum
1083 2170 1118 2198 et
1141 2165 1336 2211 perfeetum
1360 2164 1545 2209 hominem,

63 2212 213 2247 eundem
235 2212 372 2247 duabus
396 2212 534 2246 naturis
557 2218 797 2256 constantem,
832 2212 910 2246 sine
941 2211 1013 2246 ulla
1036 2210 1101 2251 ,vel
1132 2211 1338 2245 confusione
1367 2210 1426 2244 vel
1449 2210 1546 2244 divi-

62 2258 186 2300 sione3
213 2259 301 2293 duas
323 2264 441 2293 ant-em
466 2259 504 2292 in
529 2270 571 2292 eo
595 2266 741 2293 naturas
766 2270 844 2292 esse
867 2258 1005 2292 ratione
1027 2268 1097 2291 non
1120 2257 1305 2291 divisionis
1330 2256 1393 2290 sed
1417 2256 1546 2291 discri-

62 2305 181 2339 minis.
228 2304 412 2350 epistolam
448 2315 588 2350 quoque
610 2305 741 2339 Leonis
767 2316 882 2350 papae
904 2303 1054 2338 Romani
1086 2303 1131 2337 ad
1155 2302 1384 2346 Flavianum,
1420 2307 1459 2337 ut
1482 2315 1546 2336 co-

59 2351 179 2386 lumen
200 2357 322 2385 rectae
342 2351 440 2394 fidei,
464 2353 764 2396 approbaverunt.
811 2350 974 2385 Nestorii
993 2361 1134 2396 quoque
1158 2349 1413 2383 damnationem
1434 2355 1546 2384 ratam

62 2397 274 2442 habuerunt,
299 2397 520 2431 Theodorito
545 2403 582 2431 et.
604 2398 669 2431 Iba
691 2397 857 2442 receptis,
883 2397 944 2443 qui
969 2408 1045 2431 eum
1069 2398 1336 2431 damnaverant.

157 2443 285 2478 Tertio
307 2455 397 2477 anno
417 2443 556 2488 imperii
578 2443 751 2478 Marciani
773 2443 973 2487 Pulcheria,
996 2443 1166 2477 inviolata
1183 2442 1298 2487 virgo,
1322 2453 1441 2477 omnes
1460 2452 1544 2477 suas

62 2489 253 2524 facultates
277 2489 491 2536 pauperibus
516 2489 677 2534 elargita,
701 2490 797 2525 vitae
819 2502 963 2534 pensum
988 2489 1155 2523 absolvit.

158 2536 296 2577 Quarto
320 2547 411 2569 anno
435 2535 702 2570 Valentinianus
725 2536 932 2571 Occidentis
956 2537 1158 2581 imperator,
1183 2533 1322 2569 tametsi
1343 2545 1464 2569 veram
1484 2545 1546 2569 re-

62 2582 228 2626 ligionem
247 2581 529 2627 amplecteretur,
554 2582 660 2616 vitam
686 2589 803 2616 tamen
829 2583 902 2626 egit
926 2582 1152 2626 flagitiosam.
1201 2592 1277 2616 cum
1302 2580 1393 2615 enim
1413 2581 1548 2615 formo-

63 2627 238 2663 sissimam
261 2627 408 2662 haberet
432 2639 574 2662 uxorem
599 2628 809 2673 Eudoxiam‚
835 2629 942 2663 filiam
968 2627 1167 2663 Theodosii
1189 2626 1548 2674 imperatoris,‘nihi-

60 2674 214 2708 lominus
244 2673 396 2709 sceleste
426 2674 551 2708 alienis
581 2675 785 2710 mulieribus
816 2675 1046 2710 abutebatur:
1079 2681 1157 2710 erat
1181 2685 1322 2720 quoque
1347 2673 1382 2708 ei
1405 2672 1547 2708 assidua

64 2731 142 2755 cum
176 2720 334 2754 curiosas
367 2727 462 2755 artes
496 2722 732 2756 tractantibus
768 2722 997 2756 consuetudo.
1054 2721 1176 2767 itaque
1209 2720 1314 2755 etiam
1352 2719 1547 2754 miserrima

64 2772 178 2802 morte
201 2767 322 2812 periit.
370 2766 545 2802 Maximus
565 2767 678 2813 enim,
714 2779 825 2814 nepos
852 2768 928 2802 eius
951 2766 1099 2803 Maximi
1121 2767 1183 2813 qui
1207 2765 1405 2802 Theodosii
1427 2765 1545 2810 magni

63 2818 182 2848 aetate
205 2813 425 2857 tyrannidem
449 2814 647 2859 invaserat,
683 2815 818 2849 Romae
847 2814 998 2860 patricia
1031 2813 1205 2859 dignitate
1228 2814 1360 2858 degens
1382 2812 1420 2847 in
1439 2811 1542 2866 pala-

62 2859 150 2895 tium
171 2860 356 2907 pervenit,
379 2859 664 2897 Valentinianum
683 2860 846 2908 necavit,
870 2859 1070 2898 Eudoxio-m
1092 2859 1291 2908 stupravit,
1324 2859 1544 2905 impenoque
