<?xml version="1.0" encoding="UTF-8"?>
<!DOCTYPE html PUBLIC "-//W3C//DTD XHTML 1.0 Transitional//EN"
    "http://www.w3.org/TR/xhtml1/DTD/xhtml1-transitional.dtd">
<html xmlns="http://www.w3.org/1999/xhtml" xml:lang="en" lang="en">
 <head>
  <title>
</title>
<meta http-equiv="Content-Type" content="text/html;charset=utf-8" />
  <meta name='ocr-system' content='tesseract 3.04.00' />
  <meta name='ocr-capabilities' content='ocr_page ocr_carea ocr_par ocr_line ocrx_word'/>
</head>
<body>
  <div class='ocr_page' id='page_1' title='image "./corpusscriptorum13niebuoft_0282.png"; bbox 0 0 1742 3184; ppageno 0'>
   <div class='ocr_carea' id='block_1_1' title="bbox 212 198 1219 248">
    <p class='ocr_par' dir='ltr' id='par_1_1' title="bbox 212 198 1219 248">
     <span class='ocr_line' id='line_1_1' title="bbox 212 198 1219 248; baseline -0.004 -1"><span class='ocrx_word' id='word_1_1' title='bbox 212 200 314 248; x_wconf 80' lang='lat'><strong>258</strong></span> <span class='ocrx_word' id='word_1_2' title='bbox 698 199 942 246; x_wconf 85' lang='lat' dir='ltr'>GEORGII</span> <span class='ocrx_word' id='word_1_3' title='bbox 971 198 1219 244; x_wconf 85' lang='lat' dir='ltr'><strong>CEDRENI</strong></span> 
     </span>
    </p>
   </div>
   <div class='ocr_carea' id='block_1_2' title="bbox 164 306 1742 1973">
    <p class='ocr_par' dir='ltr' id='par_1_2' title="bbox 164 306 1742 1973">
     <span class='ocr_line' id='line_1_2' title="bbox 211 306 1696 375; baseline -0.001 -15"><span class='ocrx_word' id='word_1_4' title='bbox 211 315 293 360; x_wconf 77' lang='grc' dir='ltr'><strong>ἀπὸ</strong></span> <span class='ocrx_word' id='word_1_5' title='bbox 315 315 482 375; x_wconf 79' lang='grc' dir='ltr'><em>Τροίας.</em></span> <span class='ocrx_word' id='word_1_6' title='bbox 545 314 704 371; x_wconf 81' lang='grc' dir='ltr'><em>Ῥῶμος</em></span> <span class='ocrx_word' id='word_1_7' title='bbox 725 314 958 366; x_wconf 74' lang='grc' dir='ltr'><em>ἐπαναστὰς</em></span> <span class='ocrx_word' id='word_1_8' title='bbox 967 313 1168 375; x_wconf 77' lang='grc' dir='ltr'><em>Ῥωμύλῳ</em></span> <span class='ocrx_word' id='word_1_9' title='bbox 1187 310 1443 373; x_wconf 75' lang='grc' dir='ltr'><em>πεφόνευται.</em></span> <span class='ocrx_word' id='word_1_10' title='bbox 1510 306 1563 359; x_wconf 70' lang='grc' dir='ltr'><strong>οὗ</strong></span> <span class='ocrx_word' id='word_1_11' title='bbox 1580 332 1696 372; x_wconf 78' lang='grc' dir='ltr'><em>γενο-</em></span> 
     </span>
     <span class='ocr_line' id='line_1_3' title="bbox 211 378 1697 443; baseline 0 -15"><span class='ocrx_word' id='word_1_12' title='bbox 211 388 337 443; x_wconf 72' lang='grc' dir='ltr'><em>μένου</em></span> <span class='ocrx_word' id='word_1_13' title='bbox 371 386 419 430; x_wconf 80' lang='grc' dir='ltr'><strong>οὗ</strong></span> <span class='ocrx_word' id='word_1_14' title='bbox 450 386 630 428; x_wconf 73' lang='grc' dir='ltr'><em>διέλιπον</em></span> <span class='ocrx_word' id='word_1_15' title='bbox 652 387 694 429; x_wconf 77' lang='grc' dir='ltr'><strong>ἓν</strong></span> <span class='ocrx_word' id='word_1_16' title='bbox 716 378 771 443; x_wconf 75' lang='grc' dir='ltr'><strong>τῇ</strong></span> <span class='ocrx_word' id='word_1_17' title='bbox 789 384 904 428; x_wconf 83' lang='grc' dir='ltr'><em>πόλει</em></span> <span class='ocrx_word' id='word_1_18' title='bbox 932 385 1119 441; x_wconf 76' lang='grc' dir='ltr'><em>γίνεσθαι</em></span> <span class='ocrx_word' id='word_1_19' title='bbox 1147 387 1307 439; x_wconf 80' lang='grc' dir='ltr'><em>σεισμοὶ</em></span> <span class='ocrx_word' id='word_1_20' title='bbox 1333 387 1402 427; x_wconf 86' lang='grc' dir='ltr'><strong>καὶ</strong></span> <span class='ocrx_word' id='word_1_21' title='bbox 1428 382 1607 442; x_wconf 76' lang='grc' dir='ltr'><strong>θόρυβοι</strong></span> <span class='ocrx_word' id='word_1_22' title='bbox 1628 387 1697 428; x_wconf 76' lang='grc' dir='ltr'><strong>καὶ</strong></span> 
     </span>
     <span class='ocr_line' id='line_1_4' title="bbox 215 449 1697 514; baseline 0 -16"><span class='ocrx_word' id='word_1_23' title='bbox 215 453 407 514; x_wconf 68' lang='grc' dir='ltr'><em>ἐμφύλιοι</em></span> <span class='ocrx_word' id='word_1_24' title='bbox 435 453 631 510; x_wconf 80' lang='grc' dir='ltr'><em>πόλεμοι,</em></span> <span class='ocrx_word' id='word_1_25' title='bbox 666 453 784 512; x_wconf 74' lang='grc' dir='ltr'><em>ἄχρις</em></span> <span class='ocrx_word' id='word_1_26' title='bbox 807 449 855 496; x_wconf 74' lang='grc' dir='ltr'><strong>οὗ</strong></span> <span class='ocrx_word' id='word_1_27' title='bbox 877 455 920 496; x_wconf 74' lang='grc' dir='ltr'><strong>ἐκ</strong></span> <span class='ocrx_word' id='word_1_28' title='bbox 943 459 1016 498; x_wconf 81' lang='grc' dir='ltr'><strong>τοῦ</strong></span> <span class='ocrx_word' id='word_1_29' title='bbox 1037 455 1229 509; x_wconf 78' lang='grc' dir='ltr'><strong><em>μαντείου</em></strong></span> <span class='ocrx_word' id='word_1_30' title='bbox 1253 458 1327 510; x_wconf 82' lang='grc' dir='ltr'><strong>τῆς</strong></span> <span class='ocrx_word' id='word_1_31' title='bbox 1347 454 1520 505; x_wconf 76' lang='grc' dir='ltr'><em>Πυθίοις</em></span> <span class='ocrx_word' id='word_1_32' title='bbox 1541 453 1697 509; x_wconf 46' lang='lat' dir='ltr'><strong>{fica-‘hv</strong></span> 
     </span>
     <span class='ocr_line' id='line_1_5' title="bbox 212 522 1697 582; baseline -0.001 -13"><span class='ocrx_word' id='word_1_33' title='bbox 212 524 278 569; x_wconf 76' lang='grc' dir='ltr'><strong>ὅτι</strong></span> <span class='ocrx_word' id='word_1_34' title='bbox 308 524 378 568; x_wconf 77' lang='grc' dir='ltr'><strong>διὰ</strong></span> <span class='ocrx_word' id='word_1_35' title='bbox 405 524 474 568; x_wconf 83' lang='grc' dir='ltr'><strong>τὸν</strong></span> <span class='ocrx_word' id='word_1_36' title='bbox 504 522 632 582; x_wconf 77' lang='grc' dir='ltr'><em>φόνον</em></span> <span class='ocrx_word' id='word_1_37' title='bbox 660 528 733 567; x_wconf 76' lang='grc' dir='ltr'><strong>τοῦ</strong></span> <span class='ocrx_word' id='word_1_38' title='bbox 761 523 947 581; x_wconf 77' lang='grc' dir='ltr'><em>ἀδελφοῦ</em></span> <span class='ocrx_word' id='word_1_39' title='bbox 976 540 1053 567; x_wconf 89' lang='grc' dir='ltr'><strong>σου</strong></span> <span class='ocrx_word' id='word_1_40' title='bbox 1079 527 1211 567; x_wconf 79' lang='grc' dir='ltr'><em>ταῦτα</em></span> <span class='ocrx_word' id='word_1_41' title='bbox 1230 525 1404 580; x_wconf 74' lang='grc' dir='ltr'><em>γίνεται,</em></span> <span class='ocrx_word' id='word_1_42' title='bbox 1432 525 1501 566; x_wconf 78' lang='grc' dir='ltr'><strong>καὶ</strong></span> <span class='ocrx_word' id='word_1_43' title='bbox 1521 524 1570 567; x_wconf 78' lang='grc' dir='ltr'><strong>οὗ</strong></span> <span class='ocrx_word' id='word_1_44' title='bbox 1590 523 1697 567; x_wconf 76' lang='grc' dir='ltr'><strong>παῦ-</strong></span> 
     </span>
     <span class='ocr_line' id='line_1_6' title="bbox 216 587 1732 653; baseline -0.001 -16"><span class='ocrx_word' id='word_1_45' title='bbox 216 610 358 638; x_wconf 77' lang='grc' dir='ltr'><em>σονται</em></span> <span class='ocrx_word' id='word_1_46' title='bbox 379 595 412 637; x_wconf 83' lang='grc' dir='ltr'><strong>εἲ</strong></span> <span class='ocrx_word' id='word_1_47' title='bbox 432 593 491 649; x_wconf 85' lang='grc' dir='ltr'><strong>μὴ</strong></span> <span class='ocrx_word' id='word_1_48' title='bbox 511 596 786 651; x_wconf 68' lang='grc' dir='ltr'><em>συγκαθεσθῇ</em></span> <span class='ocrx_word' id='word_1_49' title='bbox 808 610 873 636; x_wconf 89' lang='grc' dir='ltr'><strong>σοι</strong></span> <span class='ocrx_word' id='word_1_50' title='bbox 896 593 938 636; x_wconf 80' lang='grc' dir='ltr'><em>ε’-ν</em></span> <span class='ocrx_word' id='word_1_51' title='bbox 958 598 1009 651; x_wconf 87' lang='grc' dir='ltr'><strong>τῇ</strong></span> <span class='ocrx_word' id='word_1_52' title='bbox 1027 594 1230 653; x_wconf 62' lang='grc' dir='ltr'><em>βασιλείᾳ.</em></span> <span class='ocrx_word' id='word_1_53' title='bbox 1299 590 1474 648; x_wconf 74' lang='grc' dir='ltr'><em>ποιῆσας</em></span> <span class='ocrx_word' id='word_1_54' title='bbox 1499 587 1571 636; x_wconf 63' lang='grc' dir='ltr'><strong>οὖν</strong></span> <span class='ocrx_word' id='word_1_55' title='bbox 1598 592 1732 649; x_wconf 75' lang='grc' dir='ltr'><em>στῆ-5</em></span> 
     </span>
     <span class='ocr_line' id='line_1_7' title="bbox 164 660 1702 720; baseline 0 -14"><span class='ocrx_word' id='word_1_56' title='bbox 164 674 195 710; x_wconf 84' lang='grc' dir='ltr'><strong>Β</strong></span> <span class='ocrx_word' id='word_1_57' title='bbox 219 668 293 720; x_wconf 80' lang='grc' dir='ltr'><strong>λην</strong></span> <span class='ocrx_word' id='word_1_58' title='bbox 309 667 470 720; x_wconf 75' lang='grc' dir='ltr'><em>χρυσῆν</em></span> <span class='ocrx_word' id='word_1_59' title='bbox 494 664 747 705; x_wconf 77' lang='grc' dir='ltr'><em>ἕκτυποῦσαν</em></span> <span class='ocrx_word' id='word_1_60' title='bbox 769 663 815 705; x_wconf 82' lang='grc' dir='ltr'><strong>τὸ</strong></span> <span class='ocrx_word' id='word_1_61' title='bbox 840 660 1060 720; x_wconf 79' lang='grc' dir='ltr'><em>πρόσωπον</em></span> <span class='ocrx_word' id='word_1_62' title='bbox 1081 667 1156 706; x_wconf 83' lang='grc' dir='ltr'><strong>τοῦ</strong></span> <span class='ocrx_word' id='word_1_63' title='bbox 1179 661 1362 720; x_wconf 77' lang='grc' dir='ltr'><em>ἀδελφοῦ</em></span> <span class='ocrx_word' id='word_1_64' title='bbox 1386 661 1512 706; x_wconf 71' lang='grc' dir='ltr'><em>αὐτοῦ</em></span> <span class='ocrx_word' id='word_1_65' title='bbox 1523 695 1537 715; x_wconf 85' lang='grc'>,</span> <span class='ocrx_word' id='word_1_66' title='bbox 1572 681 1702 720; x_wconf 82' lang='grc' dir='ltr'><em>παρε-</em></span> 
     </span>
     <span class='ocr_line' id='line_1_8' title="bbox 219 727 1703 788; baseline -0.001 -11"><span class='ocrx_word' id='word_1_67' title='bbox 219 731 391 776; x_wconf 78' lang='grc' dir='ltr'><em>σκεύασε</em></span> <span class='ocrx_word' id='word_1_68' title='bbox 410 733 606 775; x_wconf 65' lang='grc' dir='ltr'><em>τίθεσθαι</em></span> <span class='ocrx_word' id='word_1_69' title='bbox 626 732 754 788; x_wconf 74' lang='grc' dir='ltr'><em>αὐτὴν</em></span> <span class='ocrx_word' id='word_1_70' title='bbox 775 730 879 774; x_wconf 68' lang='grc' dir='ltr'><em>ἔνθα</em></span> <span class='ocrx_word' id='word_1_71' title='bbox 901 731 950 775; x_wconf 75' lang='grc' dir='ltr'><strong>ἂν</strong></span> <span class='ocrx_word' id='word_1_72' title='bbox 973 732 1098 783; x_wconf 72' lang='grc' dir='ltr'><em>αὐτὸς</em></span> <span class='ocrx_word' id='word_1_73' title='bbox 1115 727 1178 788; x_wconf 70' lang='grc' dir='ltr'><strong>ἦν.</strong></span> <span class='ocrx_word' id='word_1_74' title='bbox 1248 732 1429 775; x_wconf 66' lang='grc' dir='ltr'><strong>ἐκέλευσε</strong></span> <span class='ocrx_word' id='word_1_75' title='bbox 1453 732 1498 774; x_wconf 78' lang='grc' dir='ltr'><strong>δὲ</strong></span> <span class='ocrx_word' id='word_1_76' title='bbox 1518 734 1586 775; x_wconf 78' lang='grc' dir='ltr'><strong>καὶ</strong></span> <span class='ocrx_word' id='word_1_77' title='bbox 1606 733 1703 784; x_wconf 79' lang='grc' dir='ltr'><em>τοὺς</em></span> 
     </span>
     <span class='ocr_line' id='line_1_9' title="bbox 220 800 1702 858; baseline -0.001 -13"><span class='ocrx_word' id='word_1_78' title='bbox 220 801 424 858; x_wconf 70' lang='grc' dir='ltr'><em>ἄρχοντας</em></span> <span class='ocrx_word' id='word_1_79' title='bbox 455 800 583 845; x_wconf 74' lang='grc' dir='ltr'><em>αὐτοῦ</em></span> <span class='ocrx_word' id='word_1_80' title='bbox 611 805 733 844; x_wconf 79' lang='grc' dir='ltr'><em>τοῦτο</em></span> <span class='ocrx_word' id='word_1_81' title='bbox 759 808 907 846; x_wconf 79' lang='grc' dir='ltr'><em>ποιεῖν·</em></span> <span class='ocrx_word' id='word_1_82' title='bbox 945 804 1012 844; x_wconf 78' lang='grc' dir='ltr'><strong>καὶ</strong></span> <span class='ocrx_word' id='word_1_83' title='bbox 1036 801 1081 844; x_wconf 76' lang='grc' dir='ltr'><strong>εἴ</strong></span> <span class='ocrx_word' id='word_1_84' title='bbox 1103 819 1142 844; x_wconf 93' lang='grc' dir='ltr'><strong>τι</strong></span> <span class='ocrx_word' id='word_1_85' title='bbox 1172 800 1223 844; x_wconf 77' lang='grc' dir='ltr'><strong>ἂν</strong></span> <span class='ocrx_word' id='word_1_86' title='bbox 1248 801 1512 858; x_wconf 76' lang='grc' dir='ltr'><strong><em>προσέταξεν,</em></strong></span> <span class='ocrx_word' id='word_1_87' title='bbox 1549 800 1604 852; x_wconf 82' lang='grc' dir='ltr'><strong>ὡς</strong></span> <span class='ocrx_word' id='word_1_88' title='bbox 1619 802 1702 851; x_wconf 78' lang='grc' dir='ltr'><strong>ἀπὸ</strong></span> 
     </span>
     <span class='ocr_line' id='line_1_10' title="bbox 220 868 1705 928; baseline -0.001 -13"><span class='ocrx_word' id='word_1_89' title='bbox 220 876 303 915; x_wconf 81' lang='grc' dir='ltr'><strong>τῶν</strong></span> <span class='ocrx_word' id='word_1_90' title='bbox 326 868 400 913; x_wconf 79' lang='grc' dir='ltr'><strong>δύο</strong></span> <span class='ocrx_word' id='word_1_91' title='bbox 422 870 656 928; x_wconf 73' lang='grc' dir='ltr'><em>ἀπέφαινεν,</em></span> <span class='ocrx_word' id='word_1_92' title='bbox 681 868 772 913; x_wconf 79' lang='grc' dir='ltr'><em>οἷον</em></span> <span class='ocrx_word' id='word_1_93' title='bbox 792 869 1070 926; x_wconf 73' lang='grc' dir='ltr'><em>ἐκελεύσαμεν,</em></span> <span class='ocrx_word' id='word_1_94' title='bbox 1098 872 1386 926; x_wconf 76' lang='grc' dir='ltr'><em>ἐθεσπίσαμεν,</em></span> <span class='ocrx_word' id='word_1_95' title='bbox 1411 871 1705 928; x_wconf 73' lang='grc' dir='ltr'><em>ἐπετρέψαμεν.</em></span> 
     </span>
     <span class='ocr_line' id='line_1_11' title="bbox 222 937 1742 999; baseline 0 -15"><span class='ocrx_word' id='word_1_96' title='bbox 222 942 290 984; x_wconf 83' lang='grc' dir='ltr'><strong>καὶ</strong></span> <span class='ocrx_word' id='word_1_97' title='bbox 317 938 450 998; x_wconf 79' lang='grc' dir='ltr'><em>τούτῳ</em></span> <span class='ocrx_word' id='word_1_98' title='bbox 480 944 538 998; x_wconf 76' lang='grc' dir='ltr'><strong>τῷ</strong></span> <span class='ocrx_word' id='word_1_99' title='bbox 566 937 705 999; x_wconf 77' lang='grc' dir='ltr'><em>τρόπῳ</em></span> <span class='ocrx_word' id='word_1_100' title='bbox 723 940 762 983; x_wconf 80' lang='grc' dir='ltr'><strong>οἳ</strong></span> <span class='ocrx_word' id='word_1_101' title='bbox 783 942 940 995; x_wconf 78' lang='grc' dir='ltr'><strong>σεισμοὶ</strong></span> <span class='ocrx_word' id='word_1_102' title='bbox 960 942 1028 983; x_wconf 85' lang='grc' dir='ltr'><strong>καὶ</strong></span> <span class='ocrx_word' id='word_1_103' title='bbox 1049 941 1092 983; x_wconf 82' lang='grc' dir='ltr'><strong>αἱ</strong></span> <span class='ocrx_word' id='word_1_104' title='bbox 1110 942 1287 998; x_wconf 84' lang='grc' dir='ltr'><em>ταραχαὶ</em></span> <span class='ocrx_word' id='word_1_105' title='bbox 1309 945 1382 996; x_wconf 81' lang='grc' dir='ltr'><strong>τῆς</strong></span> <span class='ocrx_word' id='word_1_106' title='bbox 1400 938 1555 991; x_wconf 79' lang='grc' dir='ltr'><em>πόλεως</em></span> <span class='ocrx_word' id='word_1_107' title='bbox 1577 940 1704 984; x_wconf 77' lang='grc' dir='ltr'><em>ἔπαύ-</em></span> <span class='ocrx_word' id='word_1_108' title='bbox 1719 949 1742 984; x_wconf 74' lang='lat'><strong>1¹</strong></span> 
     </span>
     <span class='ocr_line' id='line_1_12' title="bbox 222 1002 1708 1068; baseline 0 -15"><span class='ocrx_word' id='word_1_109' title='bbox 222 1026 362 1053; x_wconf 77' lang='grc' dir='ltr'><em>σαντο.</em></span> <span class='ocrx_word' id='word_1_110' title='bbox 433 1002 555 1059; x_wconf 76' lang='grc' dir='ltr'><em>οὗτος</em></span> <span class='ocrx_word' id='word_1_111' title='bbox 573 1011 692 1063; x_wconf 77' lang='grc' dir='ltr'><strong>κτίζει</strong></span> <span class='ocrx_word' id='word_1_112' title='bbox 711 1014 874 1065; x_wconf 81' lang='grc' dir='ltr'><em>πρῶτον</em></span> <span class='ocrx_word' id='word_1_113' title='bbox 894 1010 1055 1053; x_wconf 81' lang='grc' dir='ltr'><em>ἱππικὸν</em></span> <span class='ocrx_word' id='word_1_114' title='bbox 1075 1011 1117 1052; x_wconf 73' lang='grc' dir='ltr'><strong>ἐν</strong></span> <span class='ocrx_word' id='word_1_115' title='bbox 1136 1009 1251 1053; x_wconf 80' lang='grc' dir='ltr'><em>πόλει</em></span> <span class='ocrx_word' id='word_1_116' title='bbox 1264 1008 1402 1067; x_wconf 74' lang='grc' dir='ltr'><em>Ῥώμῃ</em></span> <span class='ocrx_word' id='word_1_117' title='bbox 1411 1042 1424 1062; x_wconf 90' lang='grc'>,</span> <span class='ocrx_word' id='word_1_118' title='bbox 1460 1008 1484 1053; x_wconf 76' lang='grc' dir='ltr'>ὃ</span> <span class='ocrx_word' id='word_1_119' title='bbox 1503 1011 1708 1068; x_wconf 83' lang='grc' dir='ltr'><em>κερκέσιον</em></span> 
     </span>
     <span class='ocr_line' id='line_1_13' title="bbox 216 1076 1710 1137; baseline 0.001 -15"><span class='ocrx_word' id='word_1_120' title='bbox 216 1076 411 1133; x_wconf 81' lang='grc' dir='ltr'><em>Ῥωμαῖοι</em></span> <span class='ocrx_word' id='word_1_121' title='bbox 434 1081 650 1130; x_wconf 79' lang='grc' dir='ltr'><em>καλοῦσιν,</em></span> <span class='ocrx_word' id='word_1_122' title='bbox 686 1081 743 1130; x_wconf 78' lang='grc' dir='ltr'><strong>εἷς</strong></span> <span class='ocrx_word' id='word_1_123' title='bbox 763 1079 837 1135; x_wconf 74' lang='grc' dir='ltr'><strong>τὴν</strong></span> <span class='ocrx_word' id='word_1_124' title='bbox 859 1078 1003 1137; x_wconf 67' lang='grc' dir='ltr'><em>ἑορτὴν</em></span> <span class='ocrx_word' id='word_1_125' title='bbox 1025 1084 1099 1123; x_wconf 82' lang='grc' dir='ltr'><strong>τοῦ</strong></span> <span class='ocrx_word' id='word_1_126' title='bbox 1122 1077 1261 1134; x_wconf 77' lang='grc' dir='ltr'><strong><em>ἥλιόυ,</em></strong></span> <span class='ocrx_word' id='word_1_127' title='bbox 1295 1079 1440 1121; x_wconf 78' lang='grc' dir='ltr'><em>διελὼν</em></span> <span class='ocrx_word' id='word_1_128' title='bbox 1461 1079 1535 1135; x_wconf 82' lang='grc' dir='ltr'><strong>τὴν</strong></span> <span class='ocrx_word' id='word_1_129' title='bbox 1549 1078 1710 1136; x_wconf 82' lang='grc' dir='ltr'><em>Ῥώμην</em></span> 
     </span>
     <span class='ocr_line' id='line_1_14' title="bbox 225 1147 1711 1207; baseline 0.001 -17"><span class='ocrx_word' id='word_1_130' title='bbox 225 1150 282 1199; x_wconf 77' lang='grc' dir='ltr'><strong>εἷς</strong></span> <span class='ocrx_word' id='word_1_131' title='bbox 318 1147 422 1204; x_wconf 72' lang='grc' dir='ltr'><em>μέρη</em></span> <span class='ocrx_word' id='word_1_132' title='bbox 452 1147 655 1205; x_wconf 82' lang='grc' dir='ltr'><em>τέσσαρα,</em></span> <span class='ocrx_word' id='word_1_133' title='bbox 691 1150 747 1199; x_wconf 77' lang='grc' dir='ltr'><strong>εἷς</strong></span> <span class='ocrx_word' id='word_1_134' title='bbox 771 1149 894 1205; x_wconf 77' lang='grc' dir='ltr'><em>τιμὴν</em></span> <span class='ocrx_word' id='word_1_135' title='bbox 923 1153 1005 1192; x_wconf 82' lang='grc' dir='ltr'><strong>τῶν</strong></span> <span class='ocrx_word' id='word_1_136' title='bbox 1033 1147 1243 1207; x_wconf 80' lang='grc' dir='ltr'><strong>τεσσάρων</strong></span> <span class='ocrx_word' id='word_1_137' title='bbox 1267 1149 1498 1203; x_wconf 77' lang='grc' dir='ltr'><em>στοιχείων,</em></span> <span class='ocrx_word' id='word_1_138' title='bbox 1529 1154 1605 1206; x_wconf 83' lang='grc' dir='ltr'><strong>γῆς</strong></span> <span class='ocrx_word' id='word_1_139' title='bbox 1625 1154 1711 1192; x_wconf 74' lang='grc' dir='ltr'><strong>θα-</strong></span> 
     </span>
     <span class='ocr_line' id='line_1_15' title="bbox 223 1215 1714 1276; baseline 0.002 -18"><span class='ocrx_word' id='word_1_140' title='bbox 223 1215 382 1272; x_wconf 78' lang='grc' dir='ltr'><em>λάσσης</em></span> <span class='ocrx_word' id='word_1_141' title='bbox 411 1216 532 1274; x_wconf 79' lang='grc' dir='ltr'><em>ἀέρος</em></span> <span class='ocrx_word' id='word_1_142' title='bbox 558 1219 626 1259; x_wconf 83' lang='grc' dir='ltr'><strong>καὶ</strong></span> <span class='ocrx_word' id='word_1_143' title='bbox 656 1216 798 1276; x_wconf 83' lang='grc' dir='ltr'><em>πυρός.</em></span> <span class='ocrx_word' id='word_1_144' title='bbox 867 1225 994 1261; x_wconf 78' lang='grc' dir='ltr'><em>τυποῖ</em></span> <span class='ocrx_word' id='word_1_145' title='bbox 1015 1219 1061 1261; x_wconf 75' lang='grc' dir='ltr'><strong>δὲ</strong></span> <span class='ocrx_word' id='word_1_146' title='bbox 1086 1218 1162 1269; x_wconf 78' lang='grc' dir='ltr'><strong>τὰς</strong></span> <span class='ocrx_word' id='word_1_147' title='bbox 1182 1219 1257 1273; x_wconf 70' lang='grc' dir='ltr'><strong>μὲν</strong></span> <span class='ocrx_word' id='word_1_148' title='bbox 1278 1216 1438 1261; x_wconf 79' lang='grc' dir='ltr'><em>δώδεκα</em></span> <span class='ocrx_word' id='word_1_149' title='bbox 1458 1215 1597 1276; x_wconf 74' lang='grc' dir='ltr'><em>θύρας</em></span> <span class='ocrx_word' id='word_1_150' title='bbox 1617 1218 1714 1269; x_wconf 71' lang='grc' dir='ltr'><em>τοὺς</em></span> 
     </span>
     <span class='ocr_line' id='line_1_16' title="bbox 225 1285 1736 1344; baseline 0.003 -16"><span class='ocrx_word' id='word_1_151' title='bbox 225 1285 386 1329; x_wconf 72' lang='grc' dir='ltr'><em>δώδεκα</em></span> <span class='ocrx_word' id='word_1_152' title='bbox 413 1285 549 1337; x_wconf 73' lang='grc' dir='ltr'><strong><em>οἴκους</em></strong></span> <span class='ocrx_word' id='word_1_153' title='bbox 572 1291 647 1329; x_wconf 80' lang='grc' dir='ltr'><strong>τοῦ</strong></span> <span class='ocrx_word' id='word_1_154' title='bbox 668 1288 867 1340; x_wconf 72' lang='grc' dir='ltr'><em>ζωδιακοῦ</em></span> <span class='ocrx_word' id='word_1_155' title='bbox 886 1285 1035 1330; x_wconf 77' lang='grc' dir='ltr'><strong><em>κύκλου</em></strong></span> <span class='ocrx_word' id='word_1_156' title='bbox 1046 1320 1059 1340; x_wconf 84' lang='grc'>,</span> <span class='ocrx_word' id='word_1_157' title='bbox 1095 1287 1142 1331; x_wconf 83' lang='grc' dir='ltr'><strong>τὸ</strong></span> <span class='ocrx_word' id='word_1_158' title='bbox 1161 1288 1206 1331; x_wconf 75' lang='grc' dir='ltr'><strong>δὲ</strong></span> <span class='ocrx_word' id='word_1_159' title='bbox 1222 1287 1357 1342; x_wconf 81' lang='grc' dir='ltr'><em>πέλμα</em></span> <span class='ocrx_word' id='word_1_160' title='bbox 1380 1288 1455 1343; x_wconf 80' lang='grc' dir='ltr'><strong>τὴν</strong></span> <span class='ocrx_word' id='word_1_161' title='bbox 1474 1292 1549 1344; x_wconf 80' lang='grc' dir='ltr'><strong>γῆν</strong></span> <span class='ocrx_word' id='word_1_162' title='bbox 1569 1293 1736 1332; x_wconf 81' lang='grc' dir='ltr'><em>πᾶσαν1</em></span> 
     </span>
     <span class='ocr_line' id='line_1_17' title="bbox 175 1353 1714 1414; baseline 0.001 -15"><span class='ocrx_word' id='word_1_163' title='bbox 175 1363 208 1399; x_wconf 86' lang='lat' dir='ltr'>C</span> <span class='ocrx_word' id='word_1_164' title='bbox 233 1353 354 1406; x_wconf 70' lang='grc' dir='ltr'><em>εἶναι,</em></span> <span class='ocrx_word' id='word_1_165' title='bbox 387 1354 458 1398; x_wconf 82' lang='grc' dir='ltr'><strong>τὸν</strong></span> <span class='ocrx_word' id='word_1_166' title='bbox 483 1354 647 1413; x_wconf 69' lang='grc' dir='ltr'><em>εὔριπον</em></span> <span class='ocrx_word' id='word_1_167' title='bbox 670 1356 743 1412; x_wconf 79' lang='grc' dir='ltr'><strong>τὴν</strong></span> <span class='ocrx_word' id='word_1_168' title='bbox 769 1355 989 1399; x_wconf 71' lang='grc' dir='ltr'><em>θάλασσαν’</em></span> <span class='ocrx_word' id='word_1_169' title='bbox 1013 1355 1093 1399; x_wconf 66' lang='grc' dir='ltr'><strong>’ὑπὸ</strong></span> <span class='ocrx_word' id='word_1_170' title='bbox 1117 1361 1192 1413; x_wconf 84' lang='grc' dir='ltr'><strong>τῆς</strong></span> <span class='ocrx_word' id='word_1_171' title='bbox 1213 1361 1288 1413; x_wconf 78' lang='grc' dir='ltr'><strong>γῆς</strong></span> <span class='ocrx_word' id='word_1_172' title='bbox 1311 1358 1607 1414; x_wconf 80' lang='grc' dir='ltr'><em>μεσαζομένην,</em></span> <span class='ocrx_word' id='word_1_173' title='bbox 1643 1358 1714 1401; x_wconf 76' lang='grc' dir='ltr'><strong>τὸν</strong></span> 
     </span>
     <span class='ocr_line' id='line_1_18' title="bbox 228 1422 1715 1486; baseline 0.002 -19"><span class='ocrx_word' id='word_1_174' title='bbox 228 1425 274 1467; x_wconf 74' lang='grc' dir='ltr'><strong>δὲ</strong></span> <span class='ocrx_word' id='word_1_175' title='bbox 293 1424 357 1466; x_wconf 77' lang='grc' dir='ltr'><strong>ἐπὶ</strong></span> <span class='ocrx_word' id='word_1_176' title='bbox 376 1424 452 1475; x_wconf 84' lang='grc' dir='ltr'><strong>τὰς</strong></span> <span class='ocrx_word' id='word_1_177' title='bbox 469 1422 610 1481; x_wconf 73' lang='grc' dir='ltr'><em>θύρας</em></span> <span class='ocrx_word' id='word_1_178' title='bbox 626 1426 813 1480; x_wconf 85' lang='grc' dir='ltr'><em>καμπτόν</em></span> <span class='ocrx_word' id='word_1_179' title='bbox 828 1425 1122 1482; x_wconf 77' lang='grc' dir='ltr'><em>τὴνάνατολήν</em></span> <span class='ocrx_word' id='word_1_180' title='bbox 1131 1459 1145 1479; x_wconf 87' lang='grc'>,</span> <span class='ocrx_word' id='word_1_181' title='bbox 1180 1428 1247 1469; x_wconf 84' lang='grc' dir='ltr'><strong>καὶ</strong></span> <span class='ocrx_word' id='word_1_182' title='bbox 1267 1427 1338 1478; x_wconf 82' lang='grc' dir='ltr'><strong>τὸν</strong></span> <span class='ocrx_word' id='word_1_183' title='bbox 1358 1428 1422 1469; x_wconf 78' lang='grc' dir='ltr'><strong>ε’πὶ</strong></span> <span class='ocrx_word' id='word_1_184' title='bbox 1443 1431 1496 1485; x_wconf 84' lang='grc' dir='ltr'><strong>τῇ</strong></span> <span class='ocrx_word' id='word_1_185' title='bbox 1511 1427 1715 1486; x_wconf 74' lang='grc' dir='ltr'><em>σφενδόνῃ</em></span> 
     </span>
     <span class='ocr_line' id='line_1_19' title="bbox 226 1491 1716 1554; baseline 0.002 -17"><span class='ocrx_word' id='word_1_186' title='bbox 226 1493 303 1549; x_wconf 85' lang='grc' dir='ltr'><strong>τὴν</strong></span> <span class='ocrx_word' id='word_1_187' title='bbox 338 1491 475 1546; x_wconf 74' lang='grc' dir='ltr'><em>δύσιν,</em></span> <span class='ocrx_word' id='word_1_188' title='bbox 506 1493 560 1536; x_wconf 84' lang='grc' dir='ltr'><strong>τὰ</strong></span> <span class='ocrx_word' id='word_1_189' title='bbox 593 1494 638 1537; x_wconf 77' lang='grc' dir='ltr'><strong>δὲ</strong></span> <span class='ocrx_word' id='word_1_190' title='bbox 669 1494 772 1538; x_wconf 72' lang='grc' dir='ltr'><em>ἔπτὰ</em></span> <span class='ocrx_word' id='word_1_191' title='bbox 802 1493 956 1539; x_wconf 90' lang='grc' dir='ltr'><em>σπάτια</em></span> <span class='ocrx_word' id='word_1_192' title='bbox 982 1497 1053 1539; x_wconf 84' lang='grc' dir='ltr'><strong>τὸν</strong></span> <span class='ocrx_word' id='word_1_193' title='bbox 1080 1494 1236 1554; x_wconf 81' lang='grc' dir='ltr'><em>δρόμον</em></span> <span class='ocrx_word' id='word_1_194' title='bbox 1258 1500 1339 1539; x_wconf 78' lang='grc' dir='ltr'><strong>τῶν</strong></span> <span class='ocrx_word' id='word_1_195' title='bbox 1362 1494 1464 1539; x_wconf 72' lang='grc' dir='ltr'><em>ἔπτὰ</em></span> <span class='ocrx_word' id='word_1_196' title='bbox 1487 1495 1716 1553; x_wconf 71' lang='grc' dir='ltr'><em>πλανήτων,</em></span> 
     </span>
     <span class='ocr_line' id='line_1_20' title="bbox 228 1561 1718 1623; baseline 0.002 -17"><span class='ocrx_word' id='word_1_197' title='bbox 228 1562 301 1606; x_wconf 81' lang='grc' dir='ltr'><strong>τὸν</strong></span> <span class='ocrx_word' id='word_1_198' title='bbox 321 1563 366 1606; x_wconf 78' lang='grc' dir='ltr'><strong>δὲ</strong></span> <span class='ocrx_word' id='word_1_199' title='bbox 388 1562 490 1620; x_wconf 85' lang='grc' dir='ltr'><em>ἀέρα</em></span> <span class='ocrx_word' id='word_1_200' title='bbox 512 1561 701 1618; x_wconf 71' lang='grc' dir='ltr'><em>οὐρανόν.</em></span> <span class='ocrx_word' id='word_1_201' title='bbox 745 1566 813 1607; x_wconf 85' lang='grc' dir='ltr'><strong>καὶ</strong></span> <span class='ocrx_word' id='word_1_202' title='bbox 834 1566 1010 1621; x_wconf 74' lang='grc' dir='ltr'><em>ἐπέθηκε</em></span> <span class='ocrx_word' id='word_1_203' title='bbox 1032 1572 1117 1616; x_wconf 78' lang='grc' dir='ltr'><em>τοῖς</em></span> <span class='ocrx_word' id='word_1_204' title='bbox 1134 1567 1275 1623; x_wconf 76' lang='grc' dir='ltr'><em>μέρεσι</em></span> <span class='ocrx_word' id='word_1_205' title='bbox 1295 1565 1348 1608; x_wconf 80' lang='grc' dir='ltr'><strong>τὰ</strong></span> <span class='ocrx_word' id='word_1_206' title='bbox 1367 1564 1552 1621; x_wconf 77' lang='grc' dir='ltr'><em>ὀνόματα</em></span> <span class='ocrx_word' id='word_1_207' title='bbox 1570 1571 1718 1620; x_wconf 74' lang='grc' dir='ltr'><em>ταῦτα,</em></span> 
     </span>
     <span class='ocr_line' id='line_1_21' title="bbox 229 1631 1742 1693; baseline 0.002 -17"><span class='ocrx_word' id='word_1_208' title='bbox 229 1636 283 1690; x_wconf 87' lang='grc' dir='ltr'><strong>τῇ</strong></span> <span class='ocrx_word' id='word_1_209' title='bbox 311 1636 362 1688; x_wconf 80' lang='grc' dir='ltr'><strong>γῇ</strong></span> <span class='ocrx_word' id='word_1_210' title='bbox 395 1631 442 1674; x_wconf 84' lang='grc' dir='ltr'><strong>τὸ</strong></span> <span class='ocrx_word' id='word_1_211' title='bbox 473 1631 693 1689; x_wconf 82' lang='grc' dir='ltr'><em>πράσινον,</em></span> <span class='ocrx_word' id='word_1_212' title='bbox 739 1633 763 1676; x_wconf 78' lang='grc' dir='ltr'>ὅ</span> <span class='ocrx_word' id='word_1_213' title='bbox 797 1634 881 1677; x_wconf 73' lang='grc' dir='ltr'><em>ἐστι</em></span> <span class='ocrx_word' id='word_1_214' title='bbox 910 1638 1113 1688; x_wconf 76' lang='grc' dir='ltr'><em>χλοῶὸες,</em></span> <span class='ocrx_word' id='word_1_215' title='bbox 1153 1640 1204 1692; x_wconf 81' lang='grc' dir='ltr'><strong>τῇ</strong></span> <span class='ocrx_word' id='word_1_216' title='bbox 1232 1633 1429 1693; x_wconf 70' lang='grc' dir='ltr'><em>θαλάσσῃ</em></span> <span class='ocrx_word' id='word_1_217' title='bbox 1459 1635 1506 1678; x_wconf 83' lang='grc' dir='ltr'><strong>τὸ</strong></span> <span class='ocrx_word' id='word_1_218' title='bbox 1541 1637 1742 1692; x_wconf 65' lang='grc' dir='ltr'><em>βένετον,ἓ</em></span> 
     </span>
     <span class='ocr_line' id='line_1_22' title="bbox 231 1699 1720 1765; baseline 0.003 -21"><span class='ocrx_word' id='word_1_219' title='bbox 231 1699 343 1744; x_wconf 70' lang='grc' dir='ltr'><strong>καθά</strong></span> <span class='ocrx_word' id='word_1_220' title='bbox 377 1702 454 1743; x_wconf 82' lang='grc' dir='ltr'><em>εἶσι</em></span> <span class='ocrx_word' id='word_1_221' title='bbox 482 1701 537 1743; x_wconf 81' lang='grc' dir='ltr'><strong>τὰ</strong></span> <span class='ocrx_word' id='word_1_222' title='bbox 566 1700 702 1744; x_wconf 66' lang='lat' dir='ltr'><strong>{idam</strong></span> <span class='ocrx_word' id='word_1_223' title='bbox 733 1707 886 1754; x_wconf 82' lang='grc' dir='ltr'><strong><em>κυανᾶ,</em></strong></span> <span class='ocrx_word' id='word_1_224' title='bbox 920 1707 978 1762; x_wconf 72' lang='grc' dir='ltr'><strong>τῷ</strong></span> <span class='ocrx_word' id='word_1_225' title='bbox 1010 1706 1107 1760; x_wconf 79' lang='grc' dir='ltr'><strong>πυρὶ</strong></span> <span class='ocrx_word' id='word_1_226' title='bbox 1134 1703 1181 1746; x_wconf 80' lang='grc' dir='ltr'><strong>τὸ</strong></span> <span class='ocrx_word' id='word_1_227' title='bbox 1212 1702 1376 1762; x_wconf 79' lang='grc' dir='ltr'><em>ῥούσιον</em></span> <span class='ocrx_word' id='word_1_228' title='bbox 1394 1706 1541 1765; x_wconf 77' lang='grc' dir='ltr'><em>καὶτῷ</em></span> <span class='ocrx_word' id='word_1_229' title='bbox 1561 1707 1651 1764; x_wconf 86' lang='grc' dir='ltr'><em>ἀέρι</em></span> <span class='ocrx_word' id='word_1_230' title='bbox 1674 1706 1720 1750; x_wconf 81' lang='grc' dir='ltr'><strong>τὸ</strong></span> 
     </span>
     <span class='ocr_line' id='line_1_23' title="bbox 232 1767 1722 1833; baseline 0.005 -22"><span class='ocrx_word' id='word_1_231' title='bbox 232 1767 391 1812; x_wconf 81' lang='grc' dir='ltr'><em>λευκόν.</em></span> <span class='ocrx_word' id='word_1_232' title='bbox 459 1768 506 1812; x_wconf 81' lang='grc' dir='ltr'><strong>τὸ</strong></span> <span class='ocrx_word' id='word_1_233' title='bbox 541 1770 587 1812; x_wconf 77' lang='grc' dir='ltr'><strong>δὲ</strong></span> <span class='ocrx_word' id='word_1_234' title='bbox 619 1769 817 1828; x_wconf 82' lang='grc' dir='ltr'><em>πράσινον</em></span> <span class='ocrx_word' id='word_1_235' title='bbox 850 1770 1016 1816; x_wconf 75' lang='grc' dir='ltr'><em>ἐκάλεσε</em></span> <span class='ocrx_word' id='word_1_236' title='bbox 1038 1772 1119 1816; x_wconf 79' lang='grc' dir='ltr'><strong>ἀπὸ</strong></span> <span class='ocrx_word' id='word_1_237' title='bbox 1144 1778 1384 1832; x_wconf 78' lang='grc' dir='ltr'><em>μεταφορᾶς</em></span> <span class='ocrx_word' id='word_1_238' title='bbox 1409 1779 1483 1817; x_wconf 83' lang='grc' dir='ltr'><strong>τοῦ</strong></span> <span class='ocrx_word' id='word_1_239' title='bbox 1502 1777 1722 1833; x_wconf 76' lang='grc' dir='ltr'><em>πρεσέντου</em></span> 
     </span>
     <span class='ocr_line' id='line_1_24' title="bbox 234 1835 1724 1900; baseline 0.005 -20"><span class='ocrx_word' id='word_1_240' title='bbox 234 1838 306 1881; x_wconf 77' lang='grc' dir='ltr'><strong>διὰ</strong></span> <span class='ocrx_word' id='word_1_241' title='bbox 334 1838 380 1881; x_wconf 79' lang='grc' dir='ltr'><strong>τὸ</strong></span> <span class='ocrx_word' id='word_1_242' title='bbox 415 1835 515 1881; x_wconf 79' lang='grc' dir='ltr'><em>εἶναι</em></span> <span class='ocrx_word' id='word_1_243' title='bbox 544 1839 808 1897; x_wconf 84' lang='grc' dir='ltr'><em>παράμονον·</em></span> <span class='ocrx_word' id='word_1_244' title='bbox 844 1840 948 1884; x_wconf 69' lang='grc' dir='ltr'><em>ἴδιον</em></span> <span class='ocrx_word' id='word_1_245' title='bbox 969 1842 1048 1899; x_wconf 78' lang='grc' dir='ltr'><strong>γὰρ</strong></span> <span class='ocrx_word' id='word_1_246' title='bbox 1069 1846 1142 1899; x_wconf 82' lang='grc' dir='ltr'><strong>τῆς</strong></span> <span class='ocrx_word' id='word_1_247' title='bbox 1161 1848 1237 1900; x_wconf 81' lang='grc' dir='ltr'><strong>γῆς</strong></span> <span class='ocrx_word' id='word_1_248' title='bbox 1255 1844 1302 1886; x_wconf 83' lang='grc' dir='ltr'><strong>τὸ</strong></span> <span class='ocrx_word' id='word_1_249' title='bbox 1323 1846 1505 1898; x_wconf 80' lang='grc' dir='ltr'><em>χλοιῦὸες</em></span> <span class='ocrx_word' id='word_1_250' title='bbox 1525 1845 1595 1887; x_wconf 79' lang='grc' dir='ltr'><strong>διὰ</strong></span> <span class='ocrx_word' id='word_1_251' title='bbox 1618 1863 1724 1888; x_wconf 74' lang='grc' dir='ltr'><em>παν-</em></span> 
     </span>
     <span class='ocr_line' id='line_1_25' title="bbox 234 1905 1727 1973; baseline 0.005 -23"><span class='ocrx_word' id='word_1_252' title='bbox 234 1905 319 1959; x_wconf 82' lang='grc' dir='ltr'><em>τός.</em></span> <span class='ocrx_word' id='word_1_253' title='bbox 389 1907 436 1950; x_wconf 82' lang='grc' dir='ltr'><strong>τὸ</strong></span> <span class='ocrx_word' id='word_1_254' title='bbox 461 1908 506 1950; x_wconf 78' lang='grc' dir='ltr'><strong>δὲ</strong></span> <span class='ocrx_word' id='word_1_255' title='bbox 526 1908 690 1963; x_wconf 78' lang='grc' dir='ltr'><em>βένετον</em></span> <span class='ocrx_word' id='word_1_256' title='bbox 711 1909 792 1953; x_wconf 81' lang='grc' dir='ltr'><strong>ἀπὸ</strong></span> <span class='ocrx_word' id='word_1_257' title='bbox 814 1915 891 1966; x_wconf 75' lang='grc' dir='ltr'><strong>τῆς</strong></span> <span class='ocrx_word' id='word_1_258' title='bbox 905 1912 1110 1963; x_wconf 80' lang='grc' dir='ltr'><em>Βενετιάς.</em></span> <span class='ocrx_word' id='word_1_259' title='bbox 1180 1914 1250 1955; x_wconf 83' lang='grc' dir='ltr'><strong>καὶ</strong></span> <span class='ocrx_word' id='word_1_260' title='bbox 1277 1912 1577 1972; x_wconf 80' lang='grc' dir='ltr'><em>προσεκόλλησε</em></span> <span class='ocrx_word' id='word_1_261' title='bbox 1601 1920 1653 1973; x_wconf 83' lang='grc' dir='ltr'><strong>τῇ</strong></span> <span class='ocrx_word' id='word_1_262' title='bbox 1673 1918 1727 1973; x_wconf 74' lang='grc' dir='ltr'><strong>γῇ</strong></span> 
     </span>
    </p>
   </div>
   <div class='ocr_carea' id='block_1_3' title="bbox 235 2059 1735 2953">
    <p class='ocr_par' dir='ltr' id='par_1_3' title="bbox 235 2059 1735 2953">
     <span class='ocr_line' id='line_1_26' title="bbox 238 2059 1729 2112; baseline 0.005 -14"><span class='ocrx_word' id='word_1_263' title='bbox 238 2060 354 2098; x_wconf 81' lang='lat' dir='ltr'><strong>Troia</strong></span> <span class='ocrx_word' id='word_1_264' title='bbox 376 2059 458 2096; x_wconf 83' lang='lat' dir='ltr'><strong>olim</strong></span> <span class='ocrx_word' id='word_1_265' title='bbox 482 2061 643 2108; x_wconf 83' lang='lat' dir='ltr'><strong>allatum,</strong></span> <span class='ocrx_word' id='word_1_266' title='bbox 680 2066 766 2099; x_wconf 86' lang='lat' dir='ltr'><strong>tunc</strong></span> <span class='ocrx_word' id='word_1_267' title='bbox 791 2064 987 2112; x_wconf 85' lang='lat' dir='ltr'><strong>repositum</strong></span> <span class='ocrx_word' id='word_1_268' title='bbox 1017 2065 1099 2102; x_wconf 85' lang='lat' dir='ltr'><strong>fuit.</strong></span> <span class='ocrx_word' id='word_1_269' title='bbox 1149 2068 1282 2103; x_wconf 87' lang='lat' dir='ltr'><strong>Remus</strong></span> <span class='ocrx_word' id='word_1_270' title='bbox 1309 2072 1434 2105; x_wconf 85' lang='lat' dir='ltr'><strong>contra</strong></span> <span class='ocrx_word' id='word_1_271' title='bbox 1463 2068 1648 2105; x_wconf 85' lang='lat' dir='ltr'>Romulum</span> <span class='ocrx_word' id='word_1_272' title='bbox 1671 2068 1729 2105; x_wconf 89' lang='lat' dir='ltr'><strong>in-</strong></span> 
     </span>
     <span class='ocr_line' id='line_1_27' title="bbox 236 2108 1730 2154; baseline 0.006 -11"><span class='ocrx_word' id='word_1_273' title='bbox 236 2119 387 2154; x_wconf 76' lang='lat' dir='ltr'>surgens</span> <span class='ocrx_word' id='word_1_274' title='bbox 412 2108 550 2144; x_wconf 86' lang='lat' dir='ltr'><strong>occisus</strong></span> <span class='ocrx_word' id='word_1_275' title='bbox 575 2110 707 2146; x_wconf 81' lang='lat' dir='ltr'><strong>fuerat.</strong></span> <span class='ocrx_word' id='word_1_276' title='bbox 757 2123 802 2146; x_wconf 85' lang='lat' dir='ltr'><strong>ex</strong></span> <span class='ocrx_word' id='word_1_277' title='bbox 827 2123 869 2146; x_wconf 90' lang='lat' dir='ltr'><strong>eo</strong></span> <span class='ocrx_word' id='word_1_278' title='bbox 893 2113 1028 2147; x_wconf 83' lang='lat' dir='ltr'><strong>Romae</strong></span> <span class='ocrx_word' id='word_1_279' title='bbox 1051 2118 1205 2150; x_wconf 87' lang='lat' dir='ltr'><strong>motuum</strong></span> <span class='ocrx_word' id='word_1_280' title='bbox 1227 2115 1435 2150; x_wconf 80' lang='lat' dir='ltr'><strong>tumultuum</strong></span> <span class='ocrx_word' id='word_1_281' title='bbox 1459 2121 1496 2151; x_wconf 85' lang='lat' dir='ltr'><strong>et</strong></span> <span class='ocrx_word' id='word_1_282' title='bbox 1517 2116 1730 2152; x_wconf 82' lang='lat' dir='ltr'><strong>seditionum</strong></span> 
     </span>
     <span class='ocr_line' id='line_1_28' title="bbox 235 2154 1730 2207; baseline 0.006 -18"><span class='ocrx_word' id='word_1_283' title='bbox 235 2154 320 2190; x_wconf 83' lang='lat' dir='ltr'><strong>finis</strong></span> <span class='ocrx_word' id='word_1_284' title='bbox 347 2154 462 2189; x_wconf 89' lang='lat' dir='ltr'><strong>nullus</strong></span> <span class='ocrx_word' id='word_1_285' title='bbox 487 2155 577 2200; x_wconf 83' lang='lat' dir='ltr'><strong>fuit,</strong></span> <span class='ocrx_word' id='word_1_286' title='bbox 613 2157 727 2192; x_wconf 89' lang='lat' dir='ltr'><strong>donec</strong></span> <span class='ocrx_word' id='word_1_287' title='bbox 755 2157 909 2203; x_wconf 82' lang='lat' dir='ltr'><strong>Pythiae</strong></span> <span class='ocrx_word' id='word_1_288' title='bbox 946 2160 1122 2196; x_wconf 85' lang='lat' dir='ltr'><strong>oraculum</strong></span> <span class='ocrx_word' id='word_1_289' title='bbox 1154 2161 1305 2196; x_wconf 87' lang='lat' dir='ltr'><strong>Romulo</strong></span> <span class='ocrx_word' id='word_1_290' title='bbox 1337 2161 1555 2207; x_wconf 81' lang='lat' dir='ltr'><strong>significavit</strong></span> <span class='ocrx_word' id='word_1_291' title='bbox 1573 2164 1661 2198; x_wconf 85' lang='lat' dir='ltr'><strong>haec</strong></span> <span class='ocrx_word' id='word_1_292' title='bbox 1684 2164 1730 2198; x_wconf 90' lang='lat' dir='ltr'><strong>ob</strong></span> 
     </span>
     <span class='ocr_line' id='line_1_29' title="bbox 237 2200 1732 2255; baseline 0.007 -20"><span class='ocrx_word' id='word_1_293' title='bbox 237 2200 342 2236; x_wconf 87' lang='lat' dir='ltr'><strong>Remi</strong></span> <span class='ocrx_word' id='word_1_294' title='bbox 374 2201 518 2237; x_wconf 86' lang='lat' dir='ltr'><strong>caedem</strong></span> <span class='ocrx_word' id='word_1_295' title='bbox 546 2203 712 2248; x_wconf 85' lang='lat' dir='ltr'><strong>evenire,</strong></span> <span class='ocrx_word' id='word_1_296' title='bbox 745 2215 860 2250; x_wconf 89' lang='lat' dir='ltr'><strong>neque</strong></span> <span class='ocrx_word' id='word_1_297' title='bbox 882 2205 988 2240; x_wconf 85' lang='lat' dir='ltr'><strong>finem</strong></span> <span class='ocrx_word' id='word_1_298' title='bbox 1012 2207 1112 2251; x_wconf 79' lang='lat' dir='ltr'><strong>fore,</strong></span> <span class='ocrx_word' id='word_1_299' title='bbox 1143 2207 1214 2242; x_wconf 87' lang='lat' dir='ltr'><strong>nisi</strong></span> <span class='ocrx_word' id='word_1_300' title='bbox 1238 2209 1352 2243; x_wconf 82' lang='lat' dir='ltr'><strong>frater</strong></span> <span class='ocrx_word' id='word_1_301' title='bbox 1373 2209 1445 2254; x_wconf 88' lang='lat' dir='ltr'><strong>ipsi</strong></span> <span class='ocrx_word' id='word_1_302' title='bbox 1467 2210 1634 2255; x_wconf 81' lang='lat' dir='ltr'><strong>regnanti</strong></span> <span class='ocrx_word' id='word_1_303' title='bbox 1656 2209 1732 2245; x_wconf 86' lang='lat' dir='ltr'><strong>col-</strong></span> 
     </span>
     <span class='ocr_line' id='line_1_30' title="bbox 236 2247 1733 2300; baseline 0.007 -19"><span class='ocrx_word' id='word_1_304' title='bbox 236 2247 319 2293; x_wconf 87' lang='lat' dir='ltr'><strong>lega</strong></span> <span class='ocrx_word' id='word_1_305' title='bbox 349 2247 539 2283; x_wconf 80' lang='lat' dir='ltr'><strong>assideret.</strong></span> <span class='ocrx_word' id='word_1_306' title='bbox 587 2254 778 2297; x_wconf 82' lang='lat' dir='ltr'><strong>eapropter</strong></span> <span class='ocrx_word' id='word_1_307' title='bbox 809 2251 978 2286; x_wconf 85' lang='lat' dir='ltr'><strong>Romulus</strong></span> <span class='ocrx_word' id='word_1_308' title='bbox 1010 2263 1150 2288; x_wconf 79' lang='lat' dir='ltr'><strong>auream</strong></span> <span class='ocrx_word' id='word_1_309' title='bbox 1182 2259 1334 2289; x_wconf 83' lang='lat' dir='ltr'><strong>statuam</strong></span> <span class='ocrx_word' id='word_1_310' title='bbox 1357 2255 1464 2300; x_wconf 84' lang='lat' dir='ltr'><strong>fecit,</strong></span> <span class='ocrx_word' id='word_1_311' title='bbox 1502 2256 1626 2291; x_wconf 80' lang='lat' dir='ltr'><strong>fratris</strong></span> <span class='ocrx_word' id='word_1_312' title='bbox 1651 2257 1733 2291; x_wconf 78' lang='lat' dir='ltr'><strong>effi-</strong></span> 
     </span>
     <span class='ocr_line' id='line_1_31' title="bbox 238 2294 1735 2348; baseline 0.006 -20"><span class='ocrx_word' id='word_1_313' title='bbox 238 2294 333 2340; x_wconf 84' lang='lat' dir='ltr'><strong>giem</strong></span> <span class='ocrx_word' id='word_1_314' title='bbox 366 2299 716 2342; x_wconf 79' lang='lat' dir='ltr'><strong>repraesentantem,</strong></span> <span class='ocrx_word' id='word_1_315' title='bbox 753 2309 898 2343; x_wconf 81' lang='lat' dir='ltr'><strong>eamque</strong></span> <span class='ocrx_word' id='word_1_316' title='bbox 931 2298 1031 2334; x_wconf 80' lang='lat' dir='ltr'><strong>iuxta</strong></span> <span class='ocrx_word' id='word_1_317' title='bbox 1066 2312 1164 2335; x_wconf 85' lang='lat' dir='ltr'><strong>suam</strong></span> <span class='ocrx_word' id='word_1_318' title='bbox 1196 2300 1362 2337; x_wconf 80' lang='lat' dir='ltr'><strong>collocari</strong></span> <span class='ocrx_word' id='word_1_319' title='bbox 1393 2301 1510 2338; x_wconf 86' lang='lat' dir='ltr'><strong>iussit.</strong></span> <span class='ocrx_word' id='word_1_320' title='bbox 1568 2302 1735 2348; x_wconf 87' lang='lat' dir='ltr'><strong>idemque</strong></span> 
     </span>
     <span class='ocr_line' id='line_1_32' title="bbox 239 2340 1732 2407; baseline 0.007 -33"><span class='ocrx_word' id='word_1_321' title='bbox 239 2340 450 2387; x_wconf 82' lang='lat' dir='ltr'><strong>proceribus</strong></span> <span class='ocrx_word' id='word_1_322' title='bbox 479 2343 680 2388; x_wconf 82' lang='lat' dir='ltr'><strong>mandavit,</strong></span> <span class='ocrx_word' id='word_1_323' title='bbox 718 2346 755 2378; x_wconf 87' lang='lat' dir='ltr'><strong>et</strong></span> <span class='ocrx_word' id='word_1_324' title='bbox 777 2344 815 2378; x_wconf 88' lang='lat' dir='ltr'><strong>in</strong></span> <span class='ocrx_word' id='word_1_325' title='bbox 837 2345 1018 2390; x_wconf 86' lang='lat' dir='ltr'><strong>responsis</strong></span> <span class='ocrx_word' id='word_1_326' title='bbox 1043 2346 1116 2382; x_wconf 87' lang='lat' dir='ltr'><strong>suis</strong></span> <span class='ocrx_word' id='word_1_327' title='bbox 1141 2359 1181 2382; x_wconf 86' lang='lat' dir='ltr'><strong>se</strong></span> <span class='ocrx_word' id='word_1_328' title='bbox 1205 2347 1424 2407; x_wconf 82' lang='lat' dir='ltr'><strong>alterumque</strong></span> <span class='ocrx_word' id='word_1_329' title='bbox 1451 2352 1630 2384; x_wconf 78' lang='lat' dir='ltr'><strong>auctorem</strong></span> <span class='ocrx_word' id='word_1_330' title='bbox 1655 2349 1732 2384; x_wconf 92' lang='lat' dir='ltr'><strong>edi-</strong></span> 
     </span>
     <span class='ocr_line' id='line_1_33' title="bbox 240 2385 1735 2439; baseline 0.007 -18"><span class='ocrx_word' id='word_1_331' title='bbox 240 2386 314 2432; x_wconf 85' lang='lat' dir='ltr'><strong>xit,</strong></span> <span class='ocrx_word' id='word_1_332' title='bbox 351 2386 404 2422; x_wconf 87' lang='lat' dir='ltr'><strong>ita</strong></span> <span class='ocrx_word' id='word_1_333' title='bbox 434 2387 583 2433; x_wconf 88' lang='lat' dir='ltr'><strong>loquens</strong></span> <span class='ocrx_word' id='word_1_334' title='bbox 618 2385 825 2435; x_wconf 83' lang='lat' dir='ltr'><strong>“iussimus‚</strong></span> <span class='ocrx_word' id='word_1_335' title='bbox 849 2391 1089 2437; x_wconf 84' lang='lat' dir='ltr'><strong>decrevimus,</strong></span> <span class='ocrx_word' id='word_1_336' title='bbox 1114 2392 1362 2439; x_wconf 89' lang='lat' dir='ltr'><strong>permisimus.’</strong></span> <span class='ocrx_word' id='word_1_337' title='bbox 1420 2394 1489 2430; x_wconf 86' lang='lat' dir='ltr'><strong>hoc</strong></span> <span class='ocrx_word' id='word_1_338' title='bbox 1511 2396 1614 2431; x_wconf 87' lang='lat' dir='ltr'><strong>modo</strong></span> <span class='ocrx_word' id='word_1_339' title='bbox 1636 2396 1735 2431; x_wconf 87' lang='lat' dir='ltr'><strong>urbis</strong></span> 
     </span>
     <span class='ocr_line' id='line_1_34' title="bbox 241 2434 1734 2486; baseline 0.007 -18"><span class='ocrx_word' id='word_1_340' title='bbox 241 2438 357 2468; x_wconf 82' lang='lat' dir='ltr'><strong>motus</strong></span> <span class='ocrx_word' id='word_1_341' title='bbox 390 2445 434 2469; x_wconf 82' lang='lat' dir='ltr'><strong>ac</strong></span> <span class='ocrx_word' id='word_1_342' title='bbox 462 2434 631 2471; x_wconf 84' lang='lat' dir='ltr'><strong>tumultus</strong></span> <span class='ocrx_word' id='word_1_343' title='bbox 663 2436 757 2471; x_wconf 85' lang='lat' dir='ltr'><strong>finiti</strong></span> <span class='ocrx_word' id='word_1_344' title='bbox 791 2442 886 2472; x_wconf 85' lang='lat' dir='ltr'><strong>sunt.</strong></span> <span class='ocrx_word' id='word_1_345' title='bbox 934 2437 1027 2473; x_wconf 81' lang='lat' dir='ltr'><strong>idem</strong></span> <span class='ocrx_word' id='word_1_346' title='bbox 1062 2439 1195 2486; x_wconf 91' lang='lat' dir='ltr'><strong>primus</strong></span> <span class='ocrx_word' id='word_1_347' title='bbox 1233 2447 1434 2486; x_wconf 80' lang='lat' dir='ltr'><strong>equestrem</strong></span> <span class='ocrx_word' id='word_1_348' title='bbox 1457 2453 1574 2477; x_wconf 84' lang='lat' dir='ltr'><strong>aream</strong></span> <span class='ocrx_word' id='word_1_349' title='bbox 1596 2443 1734 2477; x_wconf 80' lang='lat' dir='ltr'><strong>Romae</strong></span> 
     </span>
     <span class='ocr_line' id='line_1_35' title="bbox 242 2479 1733 2529; baseline 0.007 -16"><span class='ocrx_word' id='word_1_350' title='bbox 242 2479 421 2525; x_wconf 79' lang='lat' dir='ltr'><strong>condidit,</strong></span> <span class='ocrx_word' id='word_1_351' title='bbox 447 2492 469 2515; x_wconf 88' lang='lat' dir='ltr'><strong>a</strong></span> <span class='ocrx_word' id='word_1_352' title='bbox 486 2482 656 2518; x_wconf 83' lang='lat' dir='ltr'><strong>Romanis</strong></span> <span class='ocrx_word' id='word_1_353' title='bbox 678 2483 818 2518; x_wconf 90' lang='lat' dir='ltr'><strong>Circum</strong></span> <span class='ocrx_word' id='word_1_354' title='bbox 838 2484 984 2529; x_wconf 86' lang='lat' dir='ltr'><strong>dictam,</strong></span> <span class='ocrx_word' id='word_1_355' title='bbox 1009 2487 1055 2520; x_wconf 88' lang='lat' dir='ltr'><strong>ad</strong></span> <span class='ocrx_word' id='word_1_356' title='bbox 1074 2486 1169 2521; x_wconf 87' lang='lat' dir='ltr'><strong>Solis</strong></span> <span class='ocrx_word' id='word_1_357' title='bbox 1187 2487 1298 2522; x_wconf 82' lang='lat' dir='ltr'><strong>ferias</strong></span> <span class='ocrx_word' id='word_1_358' title='bbox 1320 2488 1564 2524; x_wconf 83' lang='lat' dir='ltr'><strong>celebrandas.</strong></span> <span class='ocrx_word' id='word_1_359' title='bbox 1609 2490 1733 2524; x_wconf 87' lang='lat' dir='ltr'><strong>urbem</strong></span> 
     </span>
     <span class='ocr_line' id='line_1_36' title="bbox 239 2525 1734 2579; baseline 0.007 -19"><span class='ocrx_word' id='word_1_360' title='bbox 239 2525 279 2560; x_wconf 84' lang='lat' dir='ltr'><strong>in</strong></span> <span class='ocrx_word' id='word_1_361' title='bbox 312 2531 481 2572; x_wconf 85' lang='lat' dir='ltr'><strong>quattuor</strong></span> <span class='ocrx_word' id='word_1_362' title='bbox 512 2534 633 2575; x_wconf 83' lang='lat' dir='ltr'><strong>partes</strong></span> <span class='ocrx_word' id='word_1_363' title='bbox 663 2529 808 2575; x_wconf 86' lang='lat' dir='ltr'><strong>divisit,</strong></span> <span class='ocrx_word' id='word_1_364' title='bbox 838 2531 876 2565; x_wconf 89' lang='lat' dir='ltr'><strong>in</strong></span> <span class='ocrx_word' id='word_1_365' title='bbox 904 2531 1071 2567; x_wconf 88' lang='lat' dir='ltr'><strong>honorem</strong></span> <span class='ocrx_word' id='word_1_366' title='bbox 1106 2538 1274 2578; x_wconf 82' lang='lat' dir='ltr'><strong>quattuor</strong></span> <span class='ocrx_word' id='word_1_367' title='bbox 1306 2533 1577 2579; x_wconf 82' lang='lat' dir='ltr'><strong>elementorum,</strong></span> <span class='ocrx_word' id='word_1_368' title='bbox 1613 2540 1734 2570; x_wconf 83' lang='lat' dir='ltr'><strong>terrae</strong></span> 
     </span>
     <span class='ocr_line' id='line_1_37' title="bbox 243 2572 1731 2621; baseline 0.007 -15"><span class='ocrx_word' id='word_1_369' title='bbox 243 2572 350 2606; x_wconf 87' lang='lat' dir='ltr'><strong>maris</strong></span> <span class='ocrx_word' id='word_1_370' title='bbox 385 2573 477 2608; x_wconf 67' lang='lat' dir='ltr'><strong>aeris</strong></span> <span class='ocrx_word' id='word_1_371' title='bbox 514 2580 551 2609; x_wconf 87' lang='lat' dir='ltr'><strong>et</strong></span> <span class='ocrx_word' id='word_1_372' title='bbox 580 2575 688 2621; x_wconf 84' lang='lat' dir='ltr'><strong>ignis.</strong></span> <span class='ocrx_word' id='word_1_373' title='bbox 738 2576 879 2611; x_wconf 87' lang='lat' dir='ltr'><strong>Circum</strong></span> <span class='ocrx_word' id='word_1_374' title='bbox 913 2577 966 2611; x_wconf 92' lang='lat' dir='ltr'><strong>sic</strong></span> <span class='ocrx_word' id='word_1_375' title='bbox 1001 2578 1156 2614; x_wconf 87' lang='lat' dir='ltr'><strong>instituit</strong></span> <span class='ocrx_word' id='word_1_376' title='bbox 1177 2586 1217 2615; x_wconf 91' lang='lat' dir='ltr'><strong>ut</strong></span> <span class='ocrx_word' id='word_1_377' title='bbox 1239 2580 1423 2615; x_wconf 89' lang='lat' dir='ltr'><strong>duodecim</strong></span> <span class='ocrx_word' id='word_1_378' title='bbox 1445 2580 1573 2616; x_wconf 82' lang='lat' dir='ltr'><strong>ianuae</strong></span> <span class='ocrx_word' id='word_1_379' title='bbox 1595 2581 1731 2616; x_wconf 90' lang='lat' dir='ltr'><strong>duode-</strong></span> 
     </span>
     <span class='ocr_line' id='line_1_38' title="bbox 242 2617 1732 2673; baseline 0.008 -22"><span class='ocrx_word' id='word_1_380' title='bbox 242 2617 311 2651; x_wconf 84' lang='lat' dir='ltr'><strong>cim</strong></span> <span class='ocrx_word' id='word_1_381' title='bbox 334 2618 454 2654; x_wconf 92' lang='lat' dir='ltr'><strong>domos</strong></span> <span class='ocrx_word' id='word_1_382' title='bbox 478 2620 642 2666; x_wconf 84' lang='lat' dir='ltr'><strong>signiferi</strong></span> <span class='ocrx_word' id='word_1_383' title='bbox 666 2623 831 2658; x_wconf 83' lang='lat' dir='ltr'><strong>caelestis</strong></span> <span class='ocrx_word' id='word_1_384' title='bbox 857 2623 981 2659; x_wconf 81' lang='lat' dir='ltr'><strong>circuli</strong></span> <span class='ocrx_word' id='word_1_385' title='bbox 1004 2626 1234 2671; x_wconf 84' lang='lat' dir='ltr'><strong>denotarent,</strong></span> <span class='ocrx_word' id='word_1_386' title='bbox 1267 2626 1378 2661; x_wconf 88' lang='lat' dir='ltr'><strong>solum</strong></span> <span class='ocrx_word' id='word_1_387' title='bbox 1400 2632 1552 2672; x_wconf 82' lang='lat' dir='ltr'><strong>terram,</strong></span> <span class='ocrx_word' id='word_1_388' title='bbox 1586 2628 1732 2673; x_wconf 83' lang='lat' dir='ltr'><strong>euripus</strong></span> 
     </span>
     <span class='ocr_line' id='line_1_39' title="bbox 242 2668 1732 2719; baseline 0.008 -22"><span class='ocrx_word' id='word_1_389' title='bbox 242 2674 341 2698; x_wconf 79' lang='lat' dir='ltr'><strong>mare</strong></span> <span class='ocrx_word' id='word_1_390' title='bbox 365 2676 387 2699; x_wconf 84' lang='lat' dir='ltr'><strong>a</strong></span> <span class='ocrx_word' id='word_1_391' title='bbox 409 2670 507 2702; x_wconf 84' lang='lat' dir='ltr'><strong>terra</strong></span> <span class='ocrx_word' id='word_1_392' title='bbox 530 2668 647 2704; x_wconf 87' lang='lat' dir='ltr'><strong>media</strong></span> <span class='ocrx_word' id='word_1_393' title='bbox 668 2669 924 2716; x_wconf 82' lang='lat' dir='ltr'><strong>interceptum,</strong></span> <span class='ocrx_word' id='word_1_394' title='bbox 956 2671 1070 2706; x_wconf 81' lang='lat' dir='ltr'><strong>flexus</strong></span> <span class='ocrx_word' id='word_1_395' title='bbox 1102 2673 1163 2718; x_wconf 89' lang='lat' dir='ltr'><strong>qui</strong></span> <span class='ocrx_word' id='word_1_396' title='bbox 1190 2673 1235 2707; x_wconf 86' lang='lat' dir='ltr'><strong>ad</strong></span> <span class='ocrx_word' id='word_1_397' title='bbox 1266 2673 1365 2708; x_wconf 85' lang='lat' dir='ltr'><strong>fores</strong></span> <span class='ocrx_word' id='word_1_398' title='bbox 1389 2677 1463 2717; x_wconf 85' lang='lat' dir='ltr'><strong>est,</strong></span> <span class='ocrx_word' id='word_1_399' title='bbox 1497 2679 1611 2709; x_wconf 80' lang='lat' dir='ltr'><strong>ortum</strong></span> <span class='ocrx_word' id='word_1_400' title='bbox 1634 2674 1732 2719; x_wconf 89' lang='lat' dir='ltr'><strong>solis,</strong></span> 
     </span>
     <span class='ocr_line' id='line_1_40' title="bbox 243 2708 1733 2766; baseline 0.009 -23"><span class='ocrx_word' id='word_1_401' title='bbox 243 2708 306 2754; x_wconf 88' lang='lat' dir='ltr'><strong>qui</strong></span> <span class='ocrx_word' id='word_1_402' title='bbox 342 2710 386 2744; x_wconf 81' lang='lat' dir='ltr'><strong>ad</strong></span> <span class='ocrx_word' id='word_1_403' title='bbox 421 2712 584 2760; x_wconf 85' lang='lat' dir='ltr'><strong>fundam,</strong></span> <span class='ocrx_word' id='word_1_404' title='bbox 620 2727 802 2760; x_wconf 80' lang='lat' dir='ltr'><strong>occasum3</strong></span> <span class='ocrx_word' id='word_1_405' title='bbox 838 2723 974 2763; x_wconf 84' lang='lat' dir='ltr'><strong>septem</strong></span> <span class='ocrx_word' id='word_1_406' title='bbox 1007 2718 1125 2764; x_wconf 83' lang='lat' dir='ltr'><strong>spatia</strong></span> <span class='ocrx_word' id='word_1_407' title='bbox 1160 2730 1298 2755; x_wconf 86' lang='lat' dir='ltr'><strong>cursum</strong></span> <span class='ocrx_word' id='word_1_408' title='bbox 1331 2726 1469 2766; x_wconf 85' lang='lat' dir='ltr'><strong>septem</strong></span> <span class='ocrx_word' id='word_1_409' title='bbox 1501 2720 1733 2766; x_wconf 81' lang='lat' dir='ltr'><strong>planetarum,</strong></span> 
     </span>
     <span class='ocr_line' id='line_1_41' title="bbox 243 2755 1734 2813; baseline 0.009 -25"><span class='ocrx_word' id='word_1_410' title='bbox 243 2755 307 2788; x_wconf 65' lang='lat' dir='ltr'><strong>aer</strong></span> <span class='ocrx_word' id='word_1_411' title='bbox 328 2756 473 2793; x_wconf 84' lang='lat' dir='ltr'><strong>caelum.</strong></span> <span class='ocrx_word' id='word_1_412' title='bbox 519 2760 759 2808; x_wconf 86' lang='lat' dir='ltr'><strong>imposuitque</strong></span> <span class='ocrx_word' id='word_1_413' title='bbox 783 2763 944 2809; x_wconf 82' lang='lat' dir='ltr'><strong>partibus</strong></span> <span class='ocrx_word' id='word_1_414' title='bbox 969 2763 1057 2799; x_wconf 78' lang='lat' dir='ltr'><strong>haec</strong></span> <span class='ocrx_word' id='word_1_415' title='bbox 1079 2765 1240 2810; x_wconf 81' lang='lat' dir='ltr'><strong>nomina,</strong></span> <span class='ocrx_word' id='word_1_416' title='bbox 1272 2769 1391 2801; x_wconf 81' lang='lat' dir='ltr'><strong>terrae</strong></span> <span class='ocrx_word' id='word_1_417' title='bbox 1423 2766 1557 2810; x_wconf 82' lang='lat' dir='ltr'><strong>viride,</strong></span> <span class='ocrx_word' id='word_1_418' title='bbox 1592 2767 1654 2813; x_wconf 83' lang='lat' dir='ltr'><strong>qui</strong></span> <span class='ocrx_word' id='word_1_419' title='bbox 1678 2772 1734 2802; x_wconf 87' lang='lat' dir='ltr'><strong>est</strong></span> 
     </span>
     <span class='ocr_line' id='line_1_42' title="bbox 243 2799 1732 2859; baseline 0.01 -25"><span class='ocrx_word' id='word_1_420' title='bbox 243 2799 376 2855; x_wconf 39' lang='lat' dir='ltr'><strong>her-bae</strong></span> <span class='ocrx_word' id='word_1_421' title='bbox 399 2804 515 2851; x_wconf 86' lang='lat' dir='ltr'><strong>color,</strong></span> <span class='ocrx_word' id='word_1_422' title='bbox 547 2807 636 2842; x_wconf 85' lang='lat' dir='ltr'><strong>mari</strong></span> <span class='ocrx_word' id='word_1_423' title='bbox 659 2809 874 2855; x_wconf 84' lang='lat' dir='ltr'><strong>caeruleum,</strong></span> <span class='ocrx_word' id='word_1_424' title='bbox 908 2810 992 2855; x_wconf 83' lang='lat' dir='ltr'><strong>quia</strong></span> <span class='ocrx_word' id='word_1_425' title='bbox 1014 2810 1045 2845; x_wconf 83' lang='lat' dir='ltr'><strong>is</strong></span> <span class='ocrx_word' id='word_1_426' title='bbox 1071 2817 1128 2847; x_wconf 86' lang='lat' dir='ltr'><strong>est</strong></span> <span class='ocrx_word' id='word_1_427' title='bbox 1148 2823 1316 2858; x_wconf 83' lang='lat' dir='ltr'><strong>aquarum</strong></span> <span class='ocrx_word' id='word_1_428' title='bbox 1339 2812 1456 2858; x_wconf 89' lang='lat' dir='ltr'><strong>color,</strong></span> <span class='ocrx_word' id='word_1_429' title='bbox 1480 2813 1555 2859; x_wconf 82' lang='lat' dir='ltr'><strong>igni</strong></span> <span class='ocrx_word' id='word_1_430' title='bbox 1579 2825 1732 2858; x_wconf 88' lang='lat' dir='ltr'><strong>roseum,</strong></span> 
     </span>
     <span class='ocr_line' id='line_1_43' title="bbox 243 2848 1732 2906; baseline 0.011 -27"><span class='ocrx_word' id='word_1_431' title='bbox 243 2857 320 2881; x_wconf 76' lang='lat' dir='ltr'><strong>aeri</strong></span> <span class='ocrx_word' id='word_1_432' title='bbox 347 2848 475 2883; x_wconf 86' lang='lat' dir='ltr'><strong>album.</strong></span> <span class='ocrx_word' id='word_1_433' title='bbox 523 2853 659 2897; x_wconf 84' lang='lat' dir='ltr'><strong>prasini</strong></span> <span class='ocrx_word' id='word_1_434' title='bbox 683 2867 810 2891; x_wconf 90' lang='lat' dir='ltr'><strong>nomen</strong></span> <span class='ocrx_word' id='word_1_435' title='bbox 832 2868 855 2891; x_wconf 83' lang='lat' dir='ltr'><strong>a</strong></span> <span class='ocrx_word' id='word_1_436' title='bbox 877 2857 1080 2903; x_wconf 81' lang='lat' dir='ltr'><strong>praesentia</strong></span> <span class='ocrx_word' id='word_1_437' title='bbox 1112 2864 1168 2894; x_wconf 87' lang='lat' dir='ltr'><strong>est</strong></span> <span class='ocrx_word' id='word_1_438' title='bbox 1201 2858 1411 2904; x_wconf 79' lang='lat' dir='ltr'><strong>deductum,</strong></span> <span class='ocrx_word' id='word_1_439' title='bbox 1448 2860 1542 2906; x_wconf 86' lang='lat' dir='ltr'><strong>quod</strong></span> <span class='ocrx_word' id='word_1_440' title='bbox 1569 2859 1732 2895; x_wconf 86' lang='lat' dir='ltr'><strong>nimirum</strong></span> 
     </span>
     <span class='ocr_line' id='line_1_44' title="bbox 241 2896 1732 2953; baseline 0.01 -26"><span class='ocrx_word' id='word_1_441' title='bbox 241 2896 340 2930; x_wconf 82' lang='lat' dir='ltr'><strong>terra</strong></span> <span class='ocrx_word' id='word_1_442' title='bbox 362 2901 536 2942; x_wconf 84' lang='lat' dir='ltr'><strong>perpetuo</strong></span> <span class='ocrx_word' id='word_1_443' title='bbox 559 2899 695 2948; x_wconf 81' lang='lat' dir='ltr'><strong>vireat,</strong></span> <span class='ocrx_word' id='word_1_444' title='bbox 719 2908 884 2939; x_wconf 78' lang='lat' dir='ltr'><strong>venetum</strong></span> <span class='ocrx_word' id='word_1_445' title='bbox 906 2915 929 2940; x_wconf 88' lang='lat' dir='ltr'><strong>a</strong></span> <span class='ocrx_word' id='word_1_446' title='bbox 949 2903 1117 2941; x_wconf 80' lang='lat' dir='ltr'><strong>Venetia.</strong></span> <span class='ocrx_word' id='word_1_447' title='bbox 1163 2910 1284 2942; x_wconf 76' lang='lat' dir='ltr'><strong>terrae</strong></span> <span class='ocrx_word' id='word_1_448' title='bbox 1300 2904 1438 2953; x_wconf 73' lang='lat' dir='ltr'><strong>album,</strong></span> <span class='ocrx_word' id='word_1_449' title='bbox 1460 2907 1500 2944; x_wconf 87' lang='lat' dir='ltr'><strong>id</strong></span> <span class='ocrx_word' id='word_1_450' title='bbox 1521 2911 1577 2943; x_wconf 84' lang='lat' dir='ltr'><strong>est</strong></span> <span class='ocrx_word' id='word_1_451' title='bbox 1601 2906 1732 2952; x_wconf 65' lang='lat' dir='ltr'><strong>aerem,</strong></span> 
     </span>
    </p>
   </div>
  </div>
 </body>
</html>
