1742 3184
173 142 274 191 772
659 144 903 192 GEORGII
937 145 1186 223 CEDRENI

172 255 438 319 Βουλγάρων.
504 261 573 304 καὶ
593 260 691 314 τοὺς
707 262 783 318 μὲν
804 257 1073 319 Βουλγάρους
1091 259 1486 321 προσηπαντηκότας
1507 263 1663 321 ιῖἰθησε,

122 339 153 376 Β
175 331 297 389 μέχρι
327 331 372 373 δὲ
403 330 704 387 Θεσσαλονίκης
733 331 954 389 ἐκδραμὼν
979 331 1114 374 πολλὰ
1140 330 1281 389 πλήθη
1309 328 1391 379 τῶν
1414 336 1663 389 Σθλαβίνων

173 401 226 444 τὰ
243 401 318 456 μὲν
333 399 590 458 προσρυέντα
605 401 658 444 τὰ
678 401 722 443 δὲ
737 400 906 459 πολέμῳ
921 401 1128 459 παρέλαβε
1147 403 1214 444 καὶ
1233 404 1290 453 εἷς
1307 402 1359 446 τὰ
1377 408 1452 447 τοῦ
1469 404 1662 459 Ὀψικίου

175 467 375 529 κατῴκισε
389 469 509 528 μέρη.
562 471 606 515 ἓν
625 470 670 513 δὲ
689 474 748 528 τῷ
764 465 1026 528 ὑποστρέψαι
1045 470 1170 514 αὐτὸν
1190 469 1464 529 ὥδοστατήθη
1482 470 1563 515 ὕπὸ
1583 477 1664 516 τῶν

173 537 428 597 Βουλγάρων
461 540 506 582 ἓν
536 543 595 598 τῷ
626 543 754 599 στενῷ
787 544 862 596 τῆς
894 538 1157 598 κλεισούρας,
1205 543 1274 585 καὶ
1309 539 1431 598 μόλις
1466 541 1661 599 ,ἠδυνήθη
1675 550 1696 585 5

173 613 420 669 παρελθεῖν,
450 608 626 660 πολλοὺς
643 613 725 652 τῶν
745 610 903 653 οἶκείων
921 608 1158 665 ἀποβαλών.
1429 608 1437 617 ’“

316 682 390 737 Τῷ
411 677 441 721 ε’
462 677 539 721 ἴτει
562 676 776 735 ἀπηλλάγη
807 678 959 730 παντὸς
988 680 1169 736 πολέμου
1189 677 1216 735 ἦ
1237 682 1319 724 τῶν
1332 676 1521 739 Ἀράβων
1542 679 1664 739 ἀρχή,

174 747 331 799 πάντας
350 746 628 799 ὖποτάξαντος
646 752 721 792 τοῦ
735 749 963 804 Ἀβιμέλεχ.
1108 754 1115 757 θ

317 821 390 876 Τῷ
409 814 443 867 ς’
463 815 540 860 ἔτει
557 818 632 872 τὴν
649 818 752 874 πρὸς
761 818 974 874 Ἀβιμέλεχ
993 814 1451 876 εῗρήνηνἿουστινιανὸς
1466 818 1508 870 ἐξ
1526 819 1666 870 ἀνοίας

173 886 312 931 ἔλυσε·
348 888 416 929 καὶ
443 886 525 946 γὰρ
552 887 627 943 τὴν
655 889 878 945 Κυπρίνων
908 893 1034 944 νῆσον
1064 886 1224 944 ἀλόγως
1254 889 1481 943 μετοικίσαι
1516 886 1723 932 {ononi-10

174 959 275 1000 δασε
285 988 298 1008 ,
335 957 403 999 καὶ
433 955 480 999 τὸ
511 957 660 1002 σταλέν
689 955 890 1017 χάραγμα
922 957 1038 1018 παρὰ
1067 957 1283 1014 Ἀβιμέλεχ
1314 958 1511 1018 νεοφανές
1539 956 1585 1001 ὃν
1617 958 1665 1001 οὗ

172 1025 460 1084 προσεδέξατο,

315 1099 391 1154 Τῷ
422 1093 454 1148 ζ’
488 1092 564 1138 ἴτει
589 1094 877 1148 Ἰουστινιανὸς
907 1096 1120 1149 ἐπελέξατο
1153 1095 1197 1140 ἔκ
1222 1099 1304 1140 τῶν
1327 1095 1668 1153 μετοικισθέντων

122 1170 154 1205 C
176 1163 251 1208 ὕπ’
276 1165 405 1208 αὐτου
426 1166 675 1220 Σθλαβίνων
694 1169 764 1210 καὶ
784 1164 1025 1225 ἐστράτευσε
1042 1165 1237 1224 χιλιάδας
1254 1164 1305 1219 λ’,
1339 1165 1414 1218 οὓς
1429 1165 1667 1222 ἐπωνόμασε

174 1234 276 1278 λαὸν
312 1233 558 1293 περιούσιον.
628 1235 789 1287 τούτοις
820 1236 1044 1296 θαρρήσας
1069 1235 1156 1280 λύει
1183 1237 1260 1293 τὴν
1276 1234 1466 1294 Ἀράβων
1490 1253 1667 1295 συμφω-
1681 1245 1723 1281 15

173 1306 286 1349 νίαν·
320 1304 575 1362 παραλαβὼν
607 1306 687 1364 γὰρ
719 1306 791 1350 τὸν
819 1306 1052 1365 περιούσιον
1083 1305 1183 1350 λαὸν
1216 1307 1284 1349 καὶ
1305 1306 1358 1349 τὰ
1381 1306 1669 1364 καβαλλαρικὰ

167 1375 343 1430 ’θέματα
370 1373 576 1432 ἐπορεύθη
604 1376 646 1418 ἓν
675 1375 979 1432 Σεβαστοπόλει
999 1381 1049 1434 τῇ
1070 1376 1185 1435 παρὰ
1207 1374 1444 1420 θάλασσαν.
1514 1380 1597 1419 τῶν
1624 1376 1671 1418 δὲ

171 1442 359 1502 Ἀράβων
391 1445 451 1500 μὴ
483 1444 747 1500 βουλομένων
778 1444 888 1490 λύειν
917 1446 993 1503 τὴν
1027 1444 1212 1504 εῗρήνην,
1256 1445 1363 1488 ἀλλὰ
1393 1449 1447 1505 τῇ
1474 1449 1669 1503 βασιλικῇ

177 1514 290 1574 αῗτίᾳ
320 1515 389 1557 καὶ
420 1516 639 1575 προπετείᾳ
669 1520 791 1559 τοῦτο
824 1518 980 1574 πρᾶξαι
1011 1515 1370 1572 ἀναγκαζομένων,
1406 1513 1671 1566 ὁπλισθέντες

175 1584 247 1627 καὶ
276 1583 393 1627 αὐτοὶ
425 1584 691 1641 παρεγένοντο
721 1583 846 1628 πάλιν
873 1589 934 1645 τῷ
958 1589 1143 1640 βασιλεῖ’,
1173 1582 1479 1644 μαρτυρόμενοι
1505 1586 1574 1628 καὶ
1598 1584 1669 1627 τὸν
1680 1594 1727 1629 20

176 1653 279 1696 θεὸν
311 1652 527 1708 ἐκδικητὴν
559 1651 716 1698 τούτων
748 1653 1090 1712 προκαλούμενοι.
1156 1659 1232 1698 τοῦ
1262 1656 1307 1698 δὲ
1334 1655 1538 1710 βασιλέως
1564 1655 1671 1709 μηδὲ

177 1722 283 1780 ἀκοῇ
323 1722 526 1773 δέξασθαι
563 1728 695 1766 ταῦτα
723 1723 1029 1780 ἀνασχομένου,
1073 1723 1180 1767 ἀλλὰ
1213 1725 1316 1782 πρὸς
1343 1723 1482 1780 μάχην
1511 1728 1670 1779 μᾶλλον

178 1793 503 1848 κατεπείγοντος,
548 1792 619 1835 τὸν
657 1797 730 1849 τῆς
765 1793 926 1851 εῗρήνης
961 1792 1167 1852 ἴγγραφον
1193 1792 1354 1851 χάρτην
1382 1795 1448 1837 ἐπὶ
1476 1798 1670 1852 φλαμου-

179 1862 268 1903 λιόυ
301 1858 581 1919 κρεμάσαντες
610 1863 680 1905 καὶ
710 1861 957 1921 προάγοντες
983 1863 1090 1908 κατὰ
1110 1867 1192 1908 τῶν
1216 1862 1438 1919 “.Ρωμαι’ων
1457 1861 1670 1922 ὥρμησαν,

178 2020 287 2063 atque
319 2016 384 2052 hos
419 2018 560 2064 quidem
587 2018 726 2055 obviam
758 2019 830 2057 sibi
861 2021 977 2057 factos
1010 2032 1087 2056 cnm
1118 2019 1337 2068 pepulisset,
1382 2019 1594 2056 excursione
1625 2019 1670 2054 ad

179 2063 469 2100 Thessalonicam
505 2076 617 2111 usque
649 2067 765 2112 facta,
801 2068 927 2103 multas
956 2067 1182 2103 Slavinorum
1206 2066 1448 2103 multitudines
1473 2066 1600 2113 partim
1626 2067 1672 2102 ad

178 2122 220 2147 se
241 2111 448 2146 deficientes
470 2113 603 2167 partim
626 2114 717 2149 bello
741 2121 927 2162 superatas
958 2115 1123 2160 subegit,
1160 2115 1269 2160 inque
1294 2113 1521 2161 Opsicianam
1549 2113 1671 2158 regio-

178 2169 258 2192 nem
294 2156 512 2203 deportavit.
560 2159 598 2195 iu
631 2160 899 2196 reditwautem
923 2172 944 2196 a
966 2161 1130 2207 Bulgaris
1162 2161 1258 2197 intra
1281 2161 1404 2196 fauces
1427 2161 1671 2206 angustiarum

178 2204 420 2249 interceptus,
446 2205 565 2240 multis
588 2217 728 2242 suorum
753 2208 892 2243 amissis
916 2220 1024 2253 aegre
1049 2208 1177 2243 evasit.

219 2296 257 2333 b.
272 2250 374 2306 Anu-0
409 2251 431 2287 5
465 2252 597 2288 Arabia
632 2255 725 2290 omni
757 2254 849 2290 bello
880 2255 1032 2290 liberata
1065 2260 1142 2302 est,
1179 2253 1339 2290 omnibus
1369 2254 1415 2289 ab
1441 2252 1669 2289 Abimelecho

177 2308 221 2333 su
246 2304 393 2342 iugatis.

272 2344 374 2380 Anno
398 2345 421 2380 6
443 2344 657 2381 Iustinianus
681 2347 808 2383 stolide
833 2348 962 2383 foedus
985 2358 1063 2382 cum
1087 2346 1310 2383 Abimelecho
1333 2351 1473 2394 pactum
1496 2346 1671 2383 confudit.

181 2401 262 2426 nam
286 2395 324 2426 et
344 2390 383 2425 in
405 2392 599 2439 Cyprinam
622 2394 767 2429 insulam
797 2395 892 2430 nulla
923 2396 1049 2430 ductus
1079 2395 1218 2430 ratione
1241 2394 1386 2430 volebat
1410 2394 1581 2429 coloniam
1606 2394 1671 2428 de-

181 2438 331 2481 ducere3
366 2442 403 2474 et
433 2439 604 2475 nomisma
631 2442 676 2476 ab
700 2441 925 2478 Abimelecho
949 2441 1114 2488 missum,
1147 2442 1232 2488 quia
1254 2441 1425 2476 inusitate
1449 2445 1526 2476 erat
1548 2440 1670 2487 signa-

182 2488 256 2519 tum
298 2485 448 2530 respuit.

266 2511 378 2567 'Anno
402 2534 425 2568 7
449 2544 494 2567 ex
517 2533 695 2579 Shvinis,
728 2546 817 2580 quos
842 2536 887 2570 ab
910 2546 952 2570 eo
978 2534 1184 2580 deportatos
1206 2531 1319 2570 fuisse
1341 2533 1514 2579 diximus,
1541 2546 1669 2570 novum

183 2578 375 2613 exercitum
397 2579 444 2614 30
466 2579 597 2615 milium
623 2581 854 2628 conscripsit,
893 2593 995 2627 quem
1018 2582 1158 2616 nomine
1181 2581 1303 2628 populi
1326 2581 1516 2627 peculiaris
1537 2581 1671 2616 affecit.

183 2622 238 2658 his
260 2625 374 2660 fretus
394 2625 582 2661 Arabicum
604 2627 730 2662 foedus
754 2629 872 2675 rupit,
896 2633 932 2663 et
956 2639 1032 2663 cum
1055 2628 1111 2663 his
1136 2633 1172 2663 et
1193 2629 1419 2674 equestribus
1440 2627 1554 2673 copiis
1571 2628 1670 2662 iuxta

182 2680 278 2704 mare
299 2671 550 2718 Sebastopolin
573 2675 755 2719 profectus
779 2679 845 2710 est.
893 2675 1030 2710 Arabes
1047 2674 1173 2720 inviti,
1198 2680 1314 2709 tamen
1333 2686 1455 2721 pacem
1473 2675 1671 2719 infringere

180 2715 369 2752 Iustiniani
398 2720 604 2755 temeritate‘
630 2728 667 2756 et
698 2720 831 2756 iniuria
863 2721 999 2766 coacti,
1043 2722 1149 2756 armis
1180 2721 1328 2767 sumptis
1364 2722 1478 2756 denuo
1513 2722 1556 2756 ad
1594 2732 1672 2755 eum

182 2769 424 2810 accesserunt,
466 2767 685 2802 obtestantes
721 2768 893 2813 deumque
924 2768 1072 2803 ultorem
1107 2768 1210 2803 huius
1242 2768 1412 2803 facinoris
1446 2768 1670 2802 invocantes.

181 2819 329 2854 cumque
352 2811 545 2856 imperator
568 2814 692 2849 audire
711 2814 779 2848 ista
798 2814 905 2850 nollet
923 2826 1145 2861 pugnamque
1166 2815 1400 2859 acceleraret,
1423 2814 1551 2850 tabulis
1572 2814 1671 2861 pacis

179 2855 227 2892 de
251 2860 355 2892 conto
377 2860 558 2905 suspensis
586 2860 752 2898 Romanis
776 2873 817 2897 se
841 2861 967 2898 obvios
991 2862 1186 2908 dederunt,
1219 2863 1310 2898 duce
1334 2861 1535 2902 Moamedo,
1582 2860 1669 2895 victi
