1742 3184
185 169 283 216 378
667 167 907 214 GEORGH
935 154 1181 213 GEDRENI

129 295 161 331 D
186 286 227 328 ἐν
246 285 349 328 τέλει
368 281 666 342 ἀναιρήσοντες.
719 283 741 326 ὃ
762 284 805 326 δὲ
822 280 1039 340 παρεκάλει
1058 282 1155 335 τοὺς
1169 279 1365 333 συνόντας
1382 279 1493 341 αὗτῷ
1510 281 1660 325 ἀνελεῖν

187 353 324 398 αὐτόν.
392 352 449 406 ὥς
474 356 518 397 δὲ
547 354 678 404 οὐδεὶς
704 353 891 407 ἠνέσχετο
923 357 1043 396 τοῦτο
1071 355 1247 410 πρᾶξαι,
1269 347 1379 408 ι(ἐγὼ
1402 350 1554 407 powg-²²
1582 350 1661 411 ἔφη

178 422 304 468 “οιί’τε
338 424 458 480 φίλον
491 423 569 478 ἔχω
598 423 670 467 τὸν
701 421 882 475 σώζοντα
917 421 1009 465 οὔτε
1046 423 1197 480 ἐχθρὸν
1227 421 1298 465 τὸν
1325 419 1568 479 ἀναιροῦντά
1596 439 1661 476 με.

185 494 410 537 ἀποθανεῖν
428 494 543 536 θέλει
562 491 588 547 ἦ
608 489 749 548 ψυχή,
784 493 851 534 καὶ
872 489 898 547 ἦ
916 494 1006 550 χεὶρ
1031 493 1107 547 οὐχ
1127 490 1357 549 ὖπηρετεῖ.”
1429 493 1498 533 καὶ
1525 494 1662 533 τελευ-

185 570 300 606 ταῖον
339 561 511 606 ἐπειπών
538 557 603 604 “effi
642 564 728 603 Ζεῦ
740 593 754 614 ,
790 558 875 611 οἷος
914 562 1094 617 τεχνίτης
1132 559 1368 620 κιθαρῳδὸς
1399 558 1658 603 ἅπόλλυται”
1673 567 1695 603 5

185 631 332 676 ἑαυτὸν
368 633 537 675 ἀνεῖλεν.
608 628 893 682 ἀποθανόντος
920 632 965 674 δὲ
996 631 1124 673 αὐτοῦ
1153 631 1256 681 τινὲς
1285 630 1399 672 πιλία
1423 627 1478 680 ὡς
1498 631 1664 673 ἐλευθε-

187 701 376 760 ρούμενοι
404 700 618 759 ἐφόρεσαν.
685 701 778 758 περὶ
806 694 855 742 οὗ
878 702 947 743 καὶ
971 699 1176 754 Βάλβιος,
1211 701 1302 756 περὶ
1325 703 1398 753 τῆς
1417 698 1512 741 κατ’
1538 699 1664 741 αὐτοῦ

185 772 429 822 ἐπιθέσεως,
465 768 521 822 ὡς
552 773 696 821 οἰκεῖος
724 770 853 813 αὐτοῦ
882 769 939 812 ὢν
973 771 1194 828 ἐρωτηθεὶς
1222 769 1336 827 παρὰ
1361 768 1574 825 Νέρωνος,
1609 765 1665 818 ὡς

186 844 254 885 καὶ
278 841 400 891 αὐτὸς
422 837 461 882 εἷ
475 841 570 883 κατ’
594 841 695 895 ἐμοῦ
706 859 719 895 ,-
755 839 833 897 ἔφη
853 837 1059 897 ((ἐφίλησά
1080 855 1125 882 σε
1143 839 1295 889 παντὸς
1312 841 1470 893 μᾶλλον
1488 839 1555 880 καὶ
1576 837 1664 891 ἐμί-

44 921 72 955 Ρ
95 921 164 956 216
189 927 309 966 σησα.
379 911 553 967 ἐφίλησα
584 910 749 960 ἐλπίσας
780 909 941 966 ἀγαθὸν
962 907 1245 966 αὐτοκράτορα
1267 907 1439 951 ἔσεσθαί
1457 923 1501 950 σε
1511 940 1525 959 ,
1554 910 1662 961 μισῶ
1676 911 1721 947 10

190 982 233 1023 δέ
263 979 325 1023 ὅτι
354 984 483 1023 ταῦτα
515 987 662 1031 ποιεῖς·
699 978 790 1022 οὔτε
806 978 886 1037 γὰρ
906 976 1173 1037 ἆρματηλοίτῃ
1195 976 1286 1021 οὔτε
1308 980 1468 1036 κυνηγῷ
1489 974 1579 1020 οὔτε
1601 994 1665 1019 κι-

188 1051 373 1109 θαρῳδῷ
401 1047 604 1092 δουλεύειν
625 1047 849 1104 δύναμαι.”

321 1120 412 1162 Ἐπὶ
438 1119 631 1176 Νέρωνος
652 1120 693 1162 ἐν
712 1117 849 1175 Ῥώμῃ
873 1115 1027 1168 ὕπατος
1048 1113 1230 1167 Λεύκιος
1253 1113 1451 1166 Κούϊντος
1471 1112 1666 1157 Κικιννᾶ-

188 1207 258 1241 τος
277 1187 442 1246 ἄριστος
464 1190 645 1244 ἐδείχθη.
713 1192 857 1231 τοῦτον
881 1185 906 1242 ἡ
928 1187 1058 1241 βουλὴ
1080 1186 1235 1241 ἔπεμψε
1255 1184 1351 1236 τοὺς
1365 1183 1667 1241 παραληψομέ-

188 1277 283 1310 νους
305 1260 368 1301 ἐπὶ
389 1258 462 1313 τὴν
484 1256 628 1314 ἀρχήν.
697 1256 809 1312 ἔτυχε
830 1257 874 1300 δὲ
894 1261 1112 1312 τηνικαῦτα
1130 1255 1311 1314 ἄρουραν
1329 1253 1591 1311 ἐργαζόμενος
1608 1255 1663 1303 εἷς
1678 1256 1720 1293 15

190 1327 373 1386 σποράν,
408 1329 475 1371 καὶ
499 1328 741 1370 ἀκολουθῶν
765 1334 850 1378 τοῖς
870 1328 1014 1381 βουσὶν
1039 1325 1211 1380 ἀχίτων,
1245 1323 1538 1382 περιζωμάτιον
1566 1322 1667 1378 ἔχων

192 1401 260 1441 καὶ
292 1399 356 1440 ἐπὶ
382 1402 434 1455 τῇ
460 1401 618 1455 κεφαλῇ
644 1401 774 1440 πῖλον.
843 1394 1151 1453 προδραμόντος
1173 1395 1219 1437 δέ
1237 1411 1346 1445 τινος
1365 1395 1432 1437 καὶ
1453 1391 1669 1436 κελεύσαν-

188 1486 260 1522 τος
288 1469 352 1510 ἐπὶ
379 1468 426 1509 τὸ
457 1465 730 1524 κοσμιώτερον
750 1465 894 1509 ἑαυτὸν
915 1470 1103 1521 ποιῆσαι,
1138 1463 1360 1522 παρελθὼν
1379 1465 1435 1515 εἷς
1451 1463 1524 1517 τὴν
1542 1460 1669 1505 καλύ-

188 1542 269 1592 βην
291 1538 359 1579 καὶ
381 1535 696 1595 ἀμφιασάμενος
715 1539 937 1594 προῆλθεν.
1006 1535 1045 1578 οἳ
1075 1535 1118 1577 δὲ
1148 1531 1384 1590 ἠσπάσαντό
1405 1550 1448 1575 τε
1469 1531 1592 1575 αὐτὸν
1615 1529 1670 1582 ὥς

188 1606 345 1650 ὕπατον
367 1609 435 1648 καὶ
457 1606 533 1661 τὴν
559 1604 867 1663 περιπόρφυρον
891 1606 1050 1659 ἐσθῆτα
1075 1604 1330 1662 περιέθεσαν.
1399 1600 1421 1645 ὃ
1452 1602 1497 1645 δὲ
1523 1601 1726 1659 μικρὸνὲο

193 1675 369 1730 ἐπισχών
393 1677 460 1717 καὶ
485 1673 694 1733 δακρύσας
715 1673 930 1732 αἄσπορον
957 1674 1040 1732 ἄρα
1065 1673 1166 1729 μοι”
1197 1672 1274 1730 ἔφη
1295 1670 1371 1716 “vti
1388 1672 1541 1730 χωρίον
1557 1670 1671 1714 ἕσται

136 1747 167 1782 Β
194 1750 338 1788 τοῦτον
367 1745 439 1787 τὸν
468 1742 675 1797 ἐνιαυτόν,
710 1746 778 1787 καὶ
800 1742 1108 1797 κινδυνεύσομεν
1130 1743 1205 1798 οὐχ
1227 1743 1327 1794 ἕξειν
1348 1740 1478 1784 πόθεν
1500 1743 1671 1799 διατρα-

194 1814 382 1874 φῆναι;”

324 1884 414 1926 Ὅτι
436 1880 461 1938 ἦ
484 1883 690 1937 ἐπωνυμία
706 1886 779 1925 τοῦ
799 1882 1043 1924 ἐνιαυσιαίου
1066 1878 1237 1933 κύκλου,
1271 1878 1297 1935 ἡ
1316 1879 1390 1934 μὲν
1410 1877 1672 1937 ῥωλιιαῖζουσα

196 1995 359 2030 hortatus
393 1997 449 2028 est
482 1995 523 2026 ut
557 1989 628 2036 ipsi
664 2001 785 2024 manus
814 1990 995 2024 afferrent.
1051 1990 1144 2034 quod
1182 2001 1259 2025 cum
1296 2000 1415 2024 omnes
1452 1992 1672 2033 recusarent,

196 2037 310 2087 “ego”
334 2040 451 2086 inquit
471 2034 590 2072 “solus
609 2049 724 2083 neque
742 2035 888 2071 amicum
907 2036 968 2082 qui
987 2047 1040 2070 me
1060 2041 1180 2071 servet
1201 2037 1314 2071 habeo
1328 2063 1338 2081 ,
1361 2046 1477 2080 neque
1497 2035 1674 2070 inimicum

197 2089 261 2133 qui
284 2099 339 2122 me
362 2086 518 2121 occidat:
542 2083 632 2118 mori
654 2082 750 2129 cupit
770 2083 925 2127 animus,
950 2088 985 2117 et
1008 2094 1126 2117 manus
1151 2083 1184 2117 ei
1208 2095 1277 2117 non
1301 2078 1488 2117 inservit.”
1533 2083 1674 2117 tandem

197 2136 294 2170 fatus
320 2131 366 2168 “o
387 2132 561 2179 Iuppiter,
587 2135 736 2176 quantus
760 2129 889 2164 artifex
914 2135 950 2163 et
973 2129 1197 2164 citharoedus
1223 2126 1349 2176 perit,”
1372 2141 1412 2163 se
1432 2129 1547 2175 ipsum
1570 2129 1673 2174 iugu-

196 2181 299 2216 lavit.
349 2192 390 2215 eo
414 2178 551 2215 sublato
575 2178 716 2223 quidam
734 2175 869 2222 pileos,
892 2181 931 2210 ut
953 2175 1148 2211 libertatem
1174 2176 1312 2222 adepti,
1338 2180 1580 2220 gestaverunt.
1629 2176 1675 2210 de

199 2239 242 2262 eo
266 2226 435 2271 Flavius,
463 2236 552 2260 unus
577 2235 698 2258 eorum
724 2223 786 2269 qui
810 2223 844 2257 ei
866 2222 1014 2258 insidias
1039 2224 1220 2267 fecerunt,
1244 2223 1297 2258 sic
1315 2222 1571 2268 pronuntiavit.
1617 2222 1675 2256 in·-

197 2278 399 2318 terrogatus
424 2285 445 2307 a
468 2272 633 2316 Nerone,
671 2270 728 2304 cui
751 2275 829 2304 erat
852 2270 1033 2304 admodum
1056 2269 1258 2314 familiaris,
1293 2281 1355 2303 cur
1379 2281 1420 2303 se
1443 2280 1583 2314 quoque
1603 2267 1676 2315 ipsi

197 2321 384 2355 adversum
415 2319 623 2365 praeberet,
656 2312 832 2351 “maiore'’
870 2316 922 2350 ait.
953 2311 1013 2351 “te
1037 2328 1139 2363 quam
1168 2315 1271 2351 ullum
1295 2315 1399 2350 alium
1429 2320 1466 2350 et
1497 2326 1615 2349 amore
1639 2319 1676 2350 et

199 2366 281 2402 odio
307 2378 383 2401 sum
409 2369 638 2412 prosecutus,
673 2374 811 2407 amore,
847 2363 941 2408 quod
964 2364 1149 2408 sperabam
1171 2369 1209 2398 te
1229 2364 1358 2398 bonurn
1381 2362 1460 2396 fore
1482 2362 1676 2408 imperato-

199 2425 295 2458 rem,
319 2424 411 2448 nunc
436 2417 552 2446 autem
583 2410 643 2445 odi
666 2416 703 2445 te
728 2410 773 2444 ob
797 2415 858 2444 tua
878 2410 994 2444 facta:
1019 2422 1090 2445 non
1107 2409 1199 2445 enim
1217 2421 1358 2456 possum
1376 2407 1541 2453 aurigae,
1565 2420 1676 2443 vena-

197 2459 270 2495 tori
294 2466 356 2494 aut
377 2457 515 2493 fidicini
536 2457 685 2493 servire.

292 2507 437 2541 Nerone
461 2505 658 2550 imperante
681 2504 813 2538 Romae
831 2501 952 2536 consul
970 2502 1040 2537 fuit
1061 2501 1106 2537 L.
1131 2501 1318 2544 Quinctius
1343 2500 1596 2546 Cincinnatus,
1619 2499 1677 2534 vir

200 2552 353 2598 optimus
382 2551 537 2587 habitus.
584 2551 638 2595 is,
674 2561 752 2584 eum
783 2554 926 2583 senatus
962 2549 1117 2584 mitteret
1146 2549 1207 2595 qui
1241 2561 1319 2584 eum
1355 2548 1399 2583 ad
1434 2548 1675 2593 occipiendum

200 2599 442 2643 magistratum
465 2603 653 2642 vocarent,
678 2596 842 2631 inventus
866 2600 921 2629 est
943 2596 1021 2631 sine
1042 2596 1161 2630 tunica
1183 2608 1287 2630 arans
1308 2596 1490 2640 bovesque
1512 2606 1676 2640 sequens,

202 2644 416 2689 subligaculo
440 2644 576 2679 cinctus
599 2656 641 2679 ac
663 2643 791 2689 pileum
813 2647 971 2687 gestans.
1020 2654 1096 2677 cum
1120 2642 1332 2677 accurrisset
1353 2641 1492 2687 quidam
1517 2641 1676 2675 iuberet-

204 2701 274 2736 que
298 2702 375 2724 eum
399 2702 438 2725 se
462 2702 607 2735 ornare,
643 2690 682 2724 in
706 2700 822 2724 casam
844 2687 1024 2733 ingressus
1049 2694 1182 2724 vestem
1205 2688 1372 2734 sumpsit,
1398 2698 1678 2733 progressusque

144 2764 152 2768 f
209 2735 381 2771 salutatus
415 2742 471 2771 est
505 2737 646 2782 consul,
678 2742 715 2772 et
745 2746 901 2782 purpura
930 2741 1115 2782 praetexta
1145 2741 1246 2770 veste
1280 2735 1440 2769 amictus.
1490 2733 1678 2775 Quinctius

208 2782 383 2828 paululum
417 2789 569 2818 moratus
591 2782 713 2827 flevit,
746 2783 866 2817 dicens
900 2778 1057 2827 “ergone
1079 2783 1147 2817 hoc
1170 2793 1260 2817 anno
1284 2793 1370 2827 ager
1392 2780 1478 2815 mihi
1499 2791 1570 2815 non
1593 2791 1681 2814 con-

211 2834 350 2864 seretur
363 2854 372 2871 ,
397 2834 434 2862 et
450 2830 643 2874 periculum
662 2830 732 2864 erit
749 2830 794 2864 de
815 2829 961 2874 penuria
973 2826 1023 2863 'V’

304 2875 441 2910 Nomen
471 2877 577 2911 annui
611 2876 734 2912 circuli
765 2874 912 2911 indictio
945 2879 1002 2911 est
1031 2875 1126 2922 apud
1155 2873 1328 2921 Latinos,
1364 2873 1448 2920 quia
1470 2871 1681 2920 principium
