1742 3184
187 179 288 227 292
669 181 912 228 GEORGII
939 182 1190 229 CEDRENI

186 279 276 348 υἱὸς
294 300 367 340 τοῦ
388 295 578 356 δευτέρου
599 296 828 356 εὐεργέτου,
858 296 926 354 ε’τη
947 296 1034 342 κθ’.
1087 297 1336 358 Κλεοπάτρα
1357 298 1430 358 ἔτη
1445 298 1500 357 η’.
1551 304 1669 346 Πτο-

187 371 354 422 λεμαῖος
385 364 407 409 ὃ
435 366 524 419 νέος
552 366 756 419 Διόνυσος
785 368 1043 423 ἐβασίλευσεν
1066 367 1134 420 ξ’τη
1156 367 1207 412 λ’.
1278 369 1526 429 Κλεοπάτρα
1547 369 1573 427 ἦ
1594 376 1669 415 τοῦ

186 437 278 480 νέου
314 434 521 480 Διονύσου
554 436 744 494 θυγάτηρ
784 435 1080 520 τελευτήσαντα
1114 439 1345 494 διαδέχεται
1376 441 1556 498 πατέρα,
1602 442 1672 483 καὶ

186 503 480 561 συμβασιλεύει
515 506 619 564 αὐτῇ
651 508 914 561 Πτολεμαῖος
939 509 965 550 ὀ
995 505 1195 565 ἀδελφός·
1238 513 1382 553 τοῦτον
1412 510 1672 564 διενεχθέντα

187 575 293 633 πρὸς
321 575 449 631 αὐτὴν
477 574 678 618 ἀνελοῦσα
708 565 821 632 μόνη
845 576 1013 632 κατέσχε
1043 577 1119 633 τὴν
1149 575 1306 634 ἀρχήν,
1354 580 1424 622 καὶ
1462 577 1706 633 βασιλεύει5

189 643 258 700 ἔτη
291 643 371 698 κβ.
439 642 502 688 ὅτι
535 646 577 688 ἓν
606 649 667 703 τῷ
700 644 872 707 ἀριθμῷ
899 650 981 690 τῶν
998 645 1161 705 χρόνων
1181 645 1218 690 δ’
1235 645 1344 703 μόνα
1365 647 1432 703 ἔτη
1456 653 1530 704 τῆς
1548 653 1674 703 βασι-

189 715 301 765 λείας
322 713 450 769 αὐτῆς
467 715 535 756 δεῖ
550 714 758 771 ἀριθμεῖν.

331 787 419 837 Τῆς
443 783 583 834 Ἀσίας
609 788 772 841 πρῶτος
798 784 994 838 βασιλεὺς
1016 784 1241 842 Ἀντίγονος
1266 784 1478 842 γενόμενος
1496 784 1677 843 Ἀντιγο-

135 861 168 897 D
191 853 280 896 νίαν
302 851 430 895 ἔκτισε
451 853 525 907 τὴν
545 853 650 911 πρὸς
667 858 725 912 τῷ
740 852 913 912 Ὀρόντῃ
935 860 1122 913 ποταμῷ.
1190 853 1344 911 ταύτην
1368 857 1565 907 Σέλευκος
1589 857 1678 897 ἐπι-

189 923 329 973 κτίσας
349 919 594 979 ὃἈντιόχου
609 924 746 980 πατὴρ
760 922 1004 979 Ἀντιόχειαν
1024 923 1256 979 ὠνόμασεν·
1290 922 1318 981 ἦ
1353 926 1401 968 δέ
1423 926 1532 968 ἐστιν
1554 923 1581 980 ἡ
1601 942 1676 980 με-
1690 938 1734 973 10

191 990 297 1048 γάλη
330 989 567 1046 Ἀντιόχεια.
638 986 758 1043 οὗτος
792 990 813 1034 ὅ
845 994 1044 1045 Σέλευκος
1068 995 1137 1036 καὶ
1163 995 1422 1037 Λαοδίκειαν
1451 993 1580 1038 ξ’κτισε
1610 996 1679 1037 καὶ

191 1058 453 1112 Σελεύκειαν,
482 1059 728 1115 Ἀπάμειαν,
755 1061 952 1115 ’Έδεσαν,
987 1064 1214 1121 Βέρροιαν,
1249 1065 1417 1106 Πέλλαν
1440 1066 1509 1107 καὶ
1531 1067 1680 1118 Βαβυ-

191 1134 303 1173 λῶνα
328 1128 629 1186 παρεστήσατο.
699 1133 767 1175 καὶ
791 1132 833 1175 έν
854 1139 944 1184 ταῖς
961 1132 1072 1184 νέαις
1090 1130 1232 1176 πόλεσι
1252 1133 1486 1185 Ἰουδαίους
1505 1132 1680 1193 συνῴκι-

191 1216 262 1243 σεν
282 1198 465 1254 ’Έλλησα

322 1267 415 1312 ’Ότι
436 1267 458 1311 ὁ
472 1266 688 1327 ’διαφανὴς
707 1267 920 1326 λεγόμενος
935 1269 1257 1329 Ἐρασίστρατος
1275 1271 1416 1330 ῗατρὸς
1432 1270 1574 1327 διέγνω
1588 1269 1681 1313 Ἀν-
1694 1285 1738 1322 15

191 1338 327 1393 τίοχον
354 1337 425 1380 τὸν
451 1336 651 1382 Σελεύκου
674 1341 803 1385 παῖδα
827 1341 967 1391 δεινῶς
988 1344 1189 1383 νοσοῦντα
1208 1341 1278 1384 διὰ
1299 1340 1370 1385 τὸν
1389 1340 1493 1397 πρὸς
1512 1340 1587 1396 τὴν
1608 1343 1684 1384 τοῦ

192 1406 350 1465 πατρὸς
370 1406 550 1463 γαμετὴν
571 1407 726 1465 ἔρωτα,
755 1410 969 1467 θυγατέρα
990 1409 1257 1468 Δημητρίου·
1288 1409 1386 1454 ὅθεν
1409 1411 1607 1460 Σέλευκος
1625 1413 1684 1468 τῷ

193 1474 323 1519 πάθει
359 1474 638 1533 περιαλγήσας
669 1485 912 1536 παραχωρεῖ
931 1483 998 1538 ’τῷ
1029 1481 1146 1522 παιδὶ
1174 1478 1366 1539 Ἀντιόχῳ
1393 1483 1466 1536 τῆς
1493 1483 1685 1536 γαμετῆς.

195 1540 316 1597 οὗτος
337 1545 542 1601 ,Ἀντίοχος
562 1545 585 1590 ὃ
608 1545 823 1603 λεγόμενος
842 1548 980 1606 σωτὴρ
1003 1547 1117 1603 ἴσχεν
1139 1550 1184 1591 ἐκ
1205 1553 1279 1605 τῆς
1297 1549 1510 1607 θυγατρὸς
1532 1549 1686 1604 Δημη-

46 1624 78 1660 Ρ
103 1621 171 1659 167
194 1615 310 1674 τρίου
321 1646 335 1667 ,
370 1619 550 1671 γαμετῆς
576 1617 624 1658 δὲ
653 1615 855 1660 Σελεύκου
883 1622 960 1661 τοῦ
986 1617 1142 1675 πατρὸς
1161 1617 1288 1662 αὐτοῦ
1310 1619 1585 1677 Στρατονίκης
1605 1617 1683 1675 ἅρ-
1693 1633 1742 1669 20

195 1701 294 1732 σενα
322 1683 413 1727 υἱὸν
442 1684 514 1727 τὸν
541 1685 815 1741 ἐπικληθέντα
843 1685 966 1740 θεόν,
996 1685 1042 1738 ὃς
1072 1688 1141 1730 καὶ
1169 1689 1428 1743 ἐβασίλευσεν
1442 1687 1538 1744 μετ’
1560 1687 1685 1731 αὐτὸν

196 1753 355 1811 Συρίας
381 1754 449 1796 καὶ
465 1752 605 1805 Ἀσίας
626 1752 694 1810 ἔτη
719 1753 780 1798 ιε’.-
1472 1758 1477 1763 ’

318 1822 398 1866 Ἕν
427 1826 488 1881 τῷ
519 1820 648 1881 ‘eona'
678 1823 756 1867 ἔτει
782 1828 855 1868 τοῦ
882 1821 1039 1880 κόσμου
1061 1823 1307 1882 Νικομήδης
1327 1825 1524 1881 βασιλεὺς
1545 1828 1686 1869 Βιθυ-

195 1894 279 1937 νῶν
308 1890 378 1935 ἔπ’
410 1890 583 1948 ὀνόματι
601 1892 731 1938 αὐτοῦ
748 1893 822 1951 τὴν
839 1893 1120 1951 Νικομήδειαν
1139 1894 1269 1940 ἔκτισε
1277 1927 1293 1949 ,
1321 1893 1463 1957 πρῴην
1482 1895 1687 1951 καλουμέ-

198 2046 294 2094 getis
327 2046 443 2092 filius,
475 2058 588 2084 annos
619 2049 685 2095 29,
716 2049 914 2097 Cleopatra
941 2050 984 2095 8,
1018 2049 1242 2087 Ptolemaeus
1264 2049 1384 2086 iunior
1411 2049 1607 2097 Dionysius
1629 2050 1691 2086 30.

198 2094 393 2140 Cleopatra
424 2093 528 2129 huius
554 2095 630 2131 filia
657 2096 753 2142 patri
783 2096 977 2142 successit,
1013 2097 1150 2143 collega
1187 2097 1290 2143 regni
1325 2099 1440 2134 fratre
1471 2097 1691 2142 Ptolemaeo,

197 2152 304 2187 quem
332 2140 395 2177 illa
424 2142 550 2176 oborto
577 2142 729 2179 dissidio
751 2143 915 2190 necavit,
949 2155 1132 2190 annosque
1154 2145 1201 2180 22
1221 2156 1368 2190 regnum
1390 2143 1519 2180 tenuit.
1566 2144 1630 2179 sed
1654 2143 1693 2178 iu

197 2192 409 2269 temporuniii
431 2189 685 2235 supputatione
723 2195 891 2237 quattuor
924 2194 1058 2226 tantum
1090 2190 1175 2227 anni
1205 2191 1308 2237 regni
1339 2191 1444 2227 huius
1477 2190 1695 2238 Cleopatrae

199 2245 370 2269 numeran
433 2240 530 2270 sunt.
1350 2258 1357 2264 -
1466 2249 1469 2251 ’

291 2280 402 2315 Asiae
432 2293 544 2327 regno
572 2281 708 2328 primus
729 2282 927 2329 Antigonus
950 2283 1084 2329 potitus
1107 2283 1333 2330 Antigoniam
1355 2285 1478 2320 urbem
1500 2285 1547 2319 ad
1570 2284 1692 2319 Oron-

198 2329 271 2362 tem
293 2327 440 2362 fluvium
463 2328 635 2365 condidit.
683 2330 775 2365 hanc
809 2329 980 2366 Seleucus
1012 2330 1180 2366 Antiochi
1209 2336 1313 2387 pater
1338 2331 1468 2367 refecit
1495 2343 1538 2366 ac
1562 2329 1692 2365 Antio-

198 2373 322 2408 cheam
349 2374 560 2410 nominavit.
606 2376 695 2411 haec
723 2381 779 2412 est
802 2376 998 2412 Antiochea
1024 2389 1164 2423 magna.
1212 2379 1307 2414 idem
1337 2378 1507 2417 Seleucus
1533 2375 1693 2412 condidit

199 2419 307 2455 etiam
349 2420 563 2457 Laodiceam
601 2422 800 2458 Seleuciam
830 2424 1020 2469 Apameam
1050 2425 1226 2461 Edessam
1260 2426 1454 2461 Berroeam
1483 2424 1617 2459 Pellam
1653 2427 1691 2458 et

198 2466 418 2548 {3⁸by!⁰¹¹⁸.{¹
447 2468 605 2516 recepit,
638 2469 747 2517 inque
781 2470 885 2506 novis
922 2470 1068 2506 urbibus
1104 2472 1257 2508 Iudaeos
1291 2483 1370 2507 cum
1402 2470 1555 2507 Graecis
1586 2469 1691 2506 habi-

218 2523 280 2547 are
299 2524 388 2548 iussi
406 2538 417 2549 .

295 2556 538 2596 Erasistratus
567 2561 743 2608 medicus,
787 2562 995 2609 cognomine
1023 2563 1250 2610 Diaphanes,
1294 2562 1531 2610 deprehendit
1560 2562 1691 2599 Antio-

202 2602 475 2659 chum-Seleuci
501 2608 610 2643 filium
630 2609 790 2656 graviter
810 2616 1017 2656 aegrotare,
1050 2612 1145 2657 quod
1168 2622 1358 2646 novercam
1384 2611 1586 2656 deperiret,
1615 2611 1692 2645 De-

203 2655 320 2684 metru
342 2651 465 2688 filiam.
514 2660 552 2689 et
574 2655 744 2691 Seleucus
764 2656 830 2691 filii
847 2658 1004 2692 morbum
1023 2658 1219 2703 aegerrime
1239 2659 1359 2692 ferens
1378 2657 1412 2691 ei
1430 2668 1575 2692 uxorem
1592 2668 1691 2691 suam

203 2697 392 2732 concessit.
440 2699 472 2734 is
503 2700 699 2738 Antiochus
730 2703 872 2738 Seleuci
894 2703 987 2739 filius
1013 2716 1058 2740 ex
1081 2704 1197 2751 patris
1218 2704 1275 2740 sui
1298 2704 1450 2750 coniuge
1472 2702 1691 2748 Stratonica,

202 2741 279 2777 filia
310 2742 501 2796 Pemetrii,
532 2747 641 2784 filium
671 2751 796 2796 genuit
827 2757 1057 2796 cognomento
1080 2752 1204 2797 deum,
1235 2749 1297 2798 qui
1319 2756 1402 2797 post
1423 2751 1539 2797 ipsum
1560 2750 1692 2796 Syriae

204 2792 241 2822 et
263 2787 370 2823 Asiae
394 2793 539 2836 regnum
561 2806 672 2831 annos
699 2797 741 2831 15
765 2792 895 2832 tenuit.

295 2834 397 2889 A¹¹¹¹.⁰
420 2839 539 2873 mundi
562 2841 651 2878 5281
675 2842 890 2880 Nicomedes
913 2843 1106 2889 Bithyniae
1128 2856 1194 2880 rex
1216 2843 1459 2879 Nicomediam
1488 2845 1610 2879 urbem
1643 2842 1688 2877 de

203 2890 267 2916 suo
290 2891 431 2918 nomme
452 2885 628 2934 condidit,
658 2901 751 2936 quae
775 2895 859 2926 ante
878 2890 1029 2928 Astacus
1052 2892 1123 2927 fuit
1145 2891 1255 2931 dicta·
1301 2890 1499 2927 Antiochus
1523 2889 1688 2937 EPiPha·
