1742 3184
215 196 336 229 xvm
605 180 922 224 XYLANDRI
962 180 1322 226 PRAEFATIO.

214 299 331 342 nitate
371 295 509 339 nomini
537 303 663 341 vestro
700 294 848 338 laudem
883 294 1069 353 decusque
1102 295 1318 340 conciliare.
1377 296 1569 341 enimvero
1602 299 1701 357 quod

216 375 342 412 vestro
373 374 517 422 sumptu
547 364 585 407 in
618 364 738 407 lucem
775 379 798 407 e
822 364 988 407 tenebris
1021 365 1196 408 eruendis
1228 381 1274 407 ac
1304 366 1534 422 publicandis
1555 367 1701 425 hocque

213 445 327 496 pacto
363 435 412 478 ab
433 435 581 477 interitu
613 433 844 476 vindicandis
875 433 985 475 bonis
1017 431 1122 476 libris
1156 441 1194 476 et
1212 434 1526 490 magnificentiam
1543 445 1703 479 vestram

215 505 365 564 patriae
399 502 658 547 demonstratis
696 512 734 545 et
751 517 831 545 rem
849 501 1036 560 publicam
1067 501 1215 559 augetis
1248 510 1360 559 atque
1382 505 1599 560 texor-natis,
1629 522 1703 548 non

218 575 261 618 id
301 572 471 632 gloriae,
513 587 586 629 qua
618 571 835 623 abundatis,
884 570 1125 629 quaerendae
1165 569 1308 621 studio,
1357 573 1426 615 sed
1465 573 1703 618 laudatissimi

216 644 309 701 piae
338 641 570 700 inclytaeque
605 641 811 683 memoriae
842 639 974 683 herois
1006 635 1158 682 Antonii
1188 639 1361 697 Fuggeri
1376 675 1386 692 ,
1426 644 1544 699 patris
1574 645 1702 695 vestri,

218 712 392 770 legitima
425 710 582 767 quadam
627 717 665 753 et
701 708 935 751 hereditaria
967 709 1206 751 successione
1237 716 1348 765 atque
1380 710 1583 754 imitatione
1615 712 1703 754 faci-

220 782 292 830 tis;
335 795 459 837 neque
491 777 785 821 committendum
814 778 923 820 vobis
956 778 1092 834 putatis
1122 784 1161 819 ut
1194 791 1276 819 eum
1308 776 1393 820 aliis
1425 779 1464 821 in
1482 780 1595 822 rebus
1622 795 1706 824 eum

220 848 368 905 patriae
401 848 716 905 repraesentetis,
757 846 832 889 hoc
864 845 974 888 unico
1007 846 1045 888 in
1078 853 1153 888 tam
1184 845 1360 888 laudabili
1393 846 1554 891 instituto
1587 849 1636 891 ab
1659 865 1706 891 eo

221 933 291 960 vos
325 918 582 975 degenerasse
614 916 763 972 opinari
797 916 986 972 quisquam
1017 914 1146 972 possit.
1211 914 1369 966 Valete,
1410 916 1494 960 Viri
1523 918 1706 974 amplissi-

222 986 275 1028 mi
307 1000 353 1027 ac
388 985 472 1028 veri
504 985 766 1035 Maecenates;
820 998 962 1042 nosque
1000 984 1039 1026 in
1071 991 1278 1026 vestrorum
1308 984 1478 1027 clientum
1517 1000 1708 1029 numerum

225 1054 344 1097 semel
380 1059 554 1110 receptos
595 1052 742 1104 fovete,
794 1052 924 1097 sedulo
966 1061 1158 1095 curaturos
1195 1067 1244 1094 ne
1286 1053 1374 1108 quid
1418 1054 1526 1097 vobis
1569 1055 1607 1096 in
1639 1071 1708 1097 nos

226 1122 443 1165 collatorum
457 1121 721 1164 beneficiorum
734 1129 880 1179 pereat.
953 1121 1237 1180 Heidelbergae
1256 1121 1376 1165 Nonis
1393 1121 1573 1174 Ianuarii,
1611 1140 1709 1167 anno

229 1206 253 1233 a
276 1191 390 1234 natali
412 1191 553 1235 Christi
585 1192 708 1236 1566.
