1742 3184
218 225 316 275 116
696 223 942 270 GEORGII
969 221 1216 268 CEDRENI

215 337 444 403 ἵτεροιλζ,
480 335 537 386 ὧν
559 335 684 400 ἦρχεν
697 339 892 396 Ἀσσαήλ.
962 337 1150 398 ῥομφαία
1183 337 1229 380 δὲ
1254 334 1281 392 ἦ
1313 332 1457 391 σπάθη
1488 333 1595 387 ἓστί,
1632 334 1701 377 καὶ

215 412 265 458 οὔ
287 412 333 457 τὸ
352 411 481 471 δόρυ,
523 411 579 463 ὥς
602 429 707 463 τινες
728 411 902 462 οἴονται,
937 407 1084 459 καθώς,
1099 408 1242 462 Ααβὶδ
1261 405 1363 464 πρὸς
1379 405 1450 449 τὸν
1467 402 1702 462 ἀλλόφυλον

217 484 322 540 λέγει
350 480 433 526 ι(σὺ
457 481 554 539 ἕρχῃ
581 479 684 539 πρός
714 497 765 536 με
794 481 835 522 ἓν
861 478 1047 538 ῥομφαία
1076 479 1144 520 καὶ
1165 478 1207 520 ἒν
1226 473 1371 533 δόρατι
1391 476 1459 518 καὶ
1481 475 1523 518 ἓν
1544 473 1699 525 ἀσπίδι,

216 551 330 610 κάγὼ
352 551 605 609 πορεύσομαι
630 550 732 607 πρὸς
752 550 796 592 σὲ
816 550 858 592 ἓν
879 546 1047 603 ὀνόματι
1075 548 1216 605 κυρίου
1238 550 1343 589 θεοῦ
1364 542 1604 600 Σαβαώθ.”
1678 541 1699 586 ὃ

218 623 264 665 δὲ
288 623 388 665 ἐτῶν
416 619 450 663 o'
478 625 645 680 τελευτᾷ
668 619 832 673 Λαβίδ,
874 616 976 661 ἑπτὰ
1005 616 1074 672 ἴτη
1097 613 1348 671 βασιλεύσας
1377 619 1449 658 τοῦ
1467 612 1613 656 Ἰούδα
1634 614 1734 656 καὶὸ

216 695 352 747 μῆνας
370 691 413 741 ἓξ
425 722 437 742 ,
472 688 690 747 τριάκοντα
719 687 794 731 δύο
823 688 869 730 δὲ
888 689 954 730 καὶ
973 691 1109 743 μῆνας
1124 683 1170 739 ’ἐξ
1190 686 1254 729 ἐπὶ
1273 689 1411 728 πᾶσαν
1433 681 1583 743 φυλήν.
1651 676 1702 739 ἦν

217 762 284 814 δέ,
320 760 384 804 ὅτε
405 759 676 814 ἐβασίλευσεν,
712 758 812 801 ἐτῶν
831 755 1064 815 τριάκοντα.

348 828 440 872 ’Ότι
463 831 662 882 Σολομῶν
690 829 757 870 καὶ
789 827 868 885 πρὸ
898 831 971 870 τοῦ
1002 827 1271 880 οἷκοδομῆσαι
1302 821 1429 866 αὖτὸν
1447 821 1519 868 τὸν
1540 821 1638 865 ναὸν
1661 820 1704 864 ἓν

166 894 204 941 θ’
224 904 309 950 τοῖς
323 896 502 954 ὖψηλοῖς
523 898 691 953 ἐθυμιά,
725 898 793 940 καὶ
817 894 935 947 πᾶςὸ
957 894 1068 947 λαός.
1137 894 1190 939 τὰ
1210 894 1255 937 δὲ
1274 893 1446 950 μέγιστα
1467 895 1548 936 τῶν
1567 909 1706 950 παρα-

218 967 448 1024 πτωμάτων
469 966 598 1011 αὗτοῦ
615 967 720 1023 μετὰ
743 967 818 1023 τὴν
842 966 1064 1022 οἰκοδομὴν
1083 968 1159 1007 τοῦ
1176 968 1277 1007 ναοῦ
1297 964 1468 1020 γέγονεν.
1719 968 1742 1002 1⁴

349 1037 442 1081 ’Ότι
475 1038 637 1093 ἐποίησε
667 1037 739 1080 τὸν
767 1031 976 1091 βασίλειον
1006 1033 1162 1093 θρόνον
1191 1034 1318 1077 αὐτοῦ
1341 1030 1626 1090 ἐλεφάντινον,
1663 1032 1707 1073 ἐκ

154 1135 179 1145 2
218 1107 294 1163 μὲν
323 1111 404 1150 τῶν
436 1105 608 1150 ὄπισθεν
637 1105 780 1162 ἔχοντα
806 1103 1019 1162 προτομὰς
1043 1103 1117 1148 δύο
1137 1102 1318 1159 μόσχων,
1349 1105 1416 1152 καὶ
1437 1101 1512 1145 δύο
1535 1099 1708 1144 λεόντων

221 1178 279 1228 εἷς
287 1177 340 1221 τὰ
354 1176 447 1234 παρ’
466 1174 637 1235 ἑκάτερα
649 1177 818 1232 πλησίον
830 1180 904 1219 τοῦ
914 1174 1085 1234 θρόνου.
1122 1175 1282 1229 ἐποίησε
1303 1173 1348 1215 δὲ
1360 1173 1428 1215 καὶ
1438 1170 1636 1226 βαθμοὺς
1650 1171 1708 1222 ἕξ,

221 1249 278 1298 εἷς
297 1246 408 1303 ὕψος
426 1247 661 1304 ἔξαίροντας
683 1245 753 1289 τὸν
771 1244 948 1304 θρόνον,
995 1247 1063 1288 καὶ
1083 1245 1124 1287 ἓν
1146 1241 1305 1301 ἑκάστῳ
1328 1245 1490 1300 stas-pap
1513 1238 1710 1291 ὡσαύτως

220 1317 385 1367 λέοντας
406 1317 730 1371 ἕστηλωμὲνους,
776 1314 880 1359 ὥστε
912 1314 1012 1358 εἶναι
1041 1314 1139 1364 τοὺς
1167 1311 1324 1363 πάντας
1345 1313 1511 1362 λέοντας
1531 1315 1612 1354 τῶν
1633 1310 1707 1365 μὲν
1722 1315 1740 1350 1

221 1384 483 1442 ἄναβάθμων
506 1385 688 1438 δώδεκα,
728 1384 825 1436 τοὺς
847 1386 892 1428 δὲ
914 1386 1083 1441 πλησίον
1106 1387 1178 1426 τοῦ
1202 1380 1358 1441 θρόνου
1381 1380 1471 1424 δύο.
1539 1381 1641 1437 λέγει
1665 1380 1710 1422 δὲ

213 1453 410 1512 Ἰώσηπος
443 1457 510 1498 καὶ
540 1457 582 1498 ἓν
610 1453 742 1513 τούτῳ
774 1455 977 1511 ἀνομῆσαι
1012 1453 1137 1498 αὐτὸν
1163 1454 1232 1495 καὶ
1258 1455 1495 1510 παραβῆναι
1515 1450 1611 1500 τοὺς
1629 1447 1709 1493 ὖπό

100 1534 131 1569 Ρ
153 1534 201 1569 66
222 1528 327 1568 θεοῦ
349 1525 548 1576 δοθέντας
567 1529 624 1584 τῷ
645 1527 815 1582 Μωῦσῇ
835 1526 903 1567 καὶ
925 1528 984 1583 τῷ
1010 1528 1099 1582 λαῷ
1126 1519 1302 1576 νόμους·
1339 1520 1433 1564 οὐδὲ
1464 1519 1542 1577 γὰρ
1574 1518 1711 1575 ὅψεως

221 1596 349 1638 ἕνεκεν
373 1594 656 1652 ἐπετράπησαν
680 1596 951 1652 ζῳοπλαστεῖν
982 1592 1011 1648 ἢ
1032 1592 1324 1650 σκιαγραφίαις
1346 1591 1570 1648 προσέχειν.
1640 1589 1709 1632 διὰ

219 1665 268 1708 τὸ
293 1664 495 1720 ἀσεβῆσαι
519 1665 564 1708 δὲ
584 1667 836 1719 Σολομῶντα
859 1661 1059 1717 λαμβάνει
1083 1660 1310 1718 Ἶεροβοὰμ
1334 1660 1410 1711 τὰς
1438 1660 1538 1703 δέκα
1559 1658 1707 1718 φυλάς.
1722 1663 1742 1698 Ξ

95 1780 103 1797 ⁵
217 1731 401 1789 Ῥοβοάμ
433 1733 479 1777 δὲ
503 1738 562 1794 τῷ
591 1733 671 1795 υἱῷ
693 1736 964 1789 Σολομῶντος
992 1729 1368 1787 καταλιμπάνονται
1401 1731 1530 1788 φυλαὶ
1556 1727 1647 1782 δύο,
1681 1727 1708 1785 ἡ

301 1898 341 1935 ,4
367 1895 413 1944 ὁ]
440 1891 524 1933 o'o'v?

225 2057 268 2082 ac
288 2048 472 2092 potentes,
505 2056 653 2093 quorum
684 2044 852 2093 princeps
879 2045 951 2082 fuit
976 2044 1138 2083 Asaelus.
1186 2050 1341 2082 ceterum
1362 2043 1576 2092 rhomphaea
1600 2044 1712 2090 (quod

225 2105 352 2129 nomen
378 2093 436 2128 hic
458 2099 663 2140 usurpatum
685 2093 872 2139 aliquoties
892 2095 963 2138 est)
983 2106 1053 2128 non
1071 2093 1240 2138 lanceam,
1265 2100 1304 2128 ut
1322 2093 1463 2140 quidam
1487 2097 1625 2149 putant3
1648 2092 1714 2127 sed

225 2139 379 2185 gladium
403 2140 594 2185 significat.
621 2140 795 2199 quomodo
820 2140 924 2175 etiam
943 2140 1101 2175 Davidus
1126 2141 1169 2175 ad
1198 2140 1338 2176 Goliam
1361 2137 1445 2176 “tu’'
1468 2139 1585 2186 inquit
1601 2135 1610 2149 ‘
1627 2151 1713 2173 con-

224 2192 284 2221 tra
307 2198 362 2222 me
385 2186 487 2222 venis
511 2186 629 2232 gladio
687 2187 769 2232 (est
802 2186 840 2221 in
865 2188 1005 2222 Graeco
1030 2187 1270 2243 rhomphaea)
1304 2183 1502 2233 “hastaque
1526 2191 1563 2221 et
1585 2185 1713 2231 clypeo

225 2232 361 2268 fretus=
386 2245 452 2279 ego
475 2239 592 2269 autem
616 2238 654 2269 te
676 2233 868 2279 aggredior
890 2233 996 2270 ductu
1014 2233 1145 2268 domim
1170 2234 1228 2269 dei
1250 2230 1505 2269 exercituum?
1552 2233 1714 2268 Davidus

225 2279 332 2315 finem
364 2279 462 2315 vitae
490 2280 578 2315 fecit
602 2292 712 2315 annos
748 2285 849 2315 natus
874 2281 938 2325 70,
979 2292 1055 2315 cum
1079 2280 1116 2315 in
1140 2281 1259 2315 Iudam
1284 2292 1431 2326 regnum
1456 2279 1669 2315 obtinuisset
1692 2279 1715 2315 7

227 2337 338 2361 annos
362 2338 405 2362 ac
423 2326 541 2371 semis,
565 2327 611 2363 32
632 2339 675 2362 ac
694 2327 875 2362 semissem
896 2326 935 2362 in
959 2332 1072 2363 totum
1094 2327 1274 2375 populum.
1321 2338 1468 2375 regnum
1490 2327 1639 2373 adeptus
1660 2331 1716 2361 est

226 2383 319 2430 angio
344 2373 473 2408 aetatis
493 2373 688 2419 trigesimo.

319 2419 487 2455 Solonion
508 2422 634 2465 etiam,
671 2423 859 2465 antequam
893 2418 1060 2466 templum
1093 2420 1350 2467 exstruxisset,
1382 2419 1422 2455 in
1454 2419 1712 2455 summitatibus

227 2465 386 2501 adolevit
409 2466 546 2511 altaria,
572 2478 718 2513 cumque
743 2479 786 2501 eo
813 2465 1000 2502 universus
1025 2467 1188 2513 populus.

321 2513 475 2548 Maxima
503 2519 618 2549 autem
640 2513 770 2549 delicta
793 2525 858 2548 sua
881 2525 902 2548 a
926 2514 1067 2548 condito
1093 2513 1221 2561 templo
1248 2512 1438 2557 commisit,
1472 2513 1567 2559 quod
1590 2511 1715 2547 solium

227 2558 362 2604 regium
386 2560 457 2594 sibi
488 2561 576 2596 fecit
602 2562 811 2604 eburneum,
848 2559 885 2593 in
919 2560 1017 2595 cuius
1049 2561 1185 2606 postica
1216 2566 1319 2608 parte
1350 2559 1463 2595 excisi
1494 2561 1538 2594 ab
1567 2564 1717 2604 utraque

229 2604 311 2640 solii
344 2612 446 2651 parte
479 2608 664 2642 exstabant
695 2607 763 2641 duo
795 2606 899 2641 vituli
933 2608 1170 2642 anterioribus
1199 2608 1255 2642 sui
1286 2607 1447 2654 partibus
1472 2612 1509 2642 et
1531 2607 1601 2641 duo
1626 2605 1715 2641 tales

229 2651 364 2687 leones.
412 2653 500 2687 fecit
521 2658 558 2687 et
579 2654 708 2698 gradus
732 2665 807 2697 sex,
833 2652 960 2703 quibus
985 2653 1132 2690 altitudo
1156 2654 1237 2689 solii
1261 2659 1464 2699 augeretur,
1498 2653 1607 2700 inque
1626 2664 1716 2699 quo-

228 2697 287 2733 vis
307 2698 418 2743 gradu
436 2699 557 2734 itidem
576 2699 696 2735 leones
712 2700 926 2746 exsculptos.
950 2701 1002 2735 ita
1020 2701 1203 2736 duodecim
1223 2701 1343 2736 leones
1361 2699 1399 2734 in
1418 2699 1598 2746 gradibus,
1622 2710 1716 2744 pone

229 2744 355 2779 solium
379 2746 448 2780 duo
466 2747 621 2791 fuerunt,
650 2746 686 2781 in
705 2758 851 2783 summa.
877 2752 983 2793 atque
1007 2747 1074 2782 hac
1097 2748 1176 2793 ipsa
1200 2748 1307 2783 etiam
1325 2746 1362 2781 in
1381 2758 1422 2782 re
1446 2758 1523 2782 eum
1547 2757 1716 2792 peccasse

227 2790 414 2838 legemque
437 2804 459 2827 a
481 2793 548 2828 deo
573 2792 667 2828 Mosi
691 2805 733 2828 ac
756 2793 886 2840 populo
913 2794 1029 2829 datam
1053 2795 1208 2830 violasse
1226 2793 1400 2839 Iosephus
1423 2793 1564 2828 asserit.
1600 2804 1716 2838 neque

230 2838 324 2873 enim
355 2838 561 2885 permissum
591 2840 701 2875 fuisse
736 2847 775 2876 ut
797 2841 1050 2887 pascendorum
1075 2842 1254 2877 oculorum
1278 2851 1388 2877 causa
1409 2839 1574 2876 animalia
1599 2839 1714 2884 finge·

228 2890 311 2920 rent
333 2891 396 2920 aut
418 2885 565 2932 picturis
590 2887 787 2923 studerent.
835 2899 921 2924 sane
948 2893 1096 2935 propter
1122 2888 1321 2923 Solomonis
1352 2887 1461 2933 impie
1490 2888 1587 2924 facta
1611 2886 1714 2921 Iero-

229 2932 374 2968 boamus
398 2931 437 2968 in
458 2933 580 2969 decem
604 2933 719 2970 tribus
743 2938 866 2971 nactus
890 2940 945 2972 est
968 2946 1135 2982 regnum,
1170 2936 1308 2975 duabus
1330 2934 1503 2972 duntaxat
1531 2933 1715 2971 Roboamo
