1742 3184
226 221 322 269 108
548 255 550 257 .
707 219 948 265 GEORGII
984 217 1230 264 CEDRENI

220 344 295 395 τῆς
327 336 586 398 ἀλλοφύλου,
646 337 690 390 ἐξ
722 331 780 381 ὧν
810 337 948 396 Φαρὲς
973 337 1041 379 καὶ
1073 340 1276 393 καθεξῆς,
1331 334 1388 389 ὥς
1419 333 1455 393 ἦ
1477 336 1709 394 γενεαλογία

220 411 349 468 φέρει.

349 477 440 522 ’Ότι
459 479 501 521 ἓν
519 482 577 536 τῷ
591 477 667 521 ε’τει
678 473 902 532 Σαμψών*
924 476 1100 531 ἕβδομος
1114 474 1325 535 ἀρχιερεὺς
1341 475 1515 532 κατέστη
1538 474 1560 519 ὅ
1575 476 1707 529 Ἠλεί,

219 549 266 600 ὃς
286 551 354 592 καὶ
375 548 503 606 ἔκρινε
527 548 598 591 τὸν
613 547 778 605 Ἰσραὴλ
800 544 1047 601 πεντήκοντα
1066 547 1166 590 ἒτῶν
1191 545 1404 603 γενόμενος
1425 546 1542 604 ἕτερα
1563 545 1630 602 ἔτη
1648 545 1708 602 μ’.

221 620 263 661 ἓν
285 620 331 662 δὲ
353 624 409 677 τῷ
431 616 610 676 τετάρτῳ
638 617 716 660 ε’τει
746 620 819 671 τῆς
842 616 1040 674 ἶερατείας
1066 617 1183 659 Ἠλεὶ
1204 615 1413 675 ,ἐγεννήθη
1442 614 1464 659 ὅ
1491 614 1742 674 προφήτηςό

221 687 442 745 Σαμουήλ,
491 690 558 730 καὶ
580 691 638 745 τῷ
657 685 789 744 ὀγδόῳ
813 686 890 729 ἔτει
911 685 1041 743 ἐδόθη
1069 689 1112 730 ἐν
1139 691 1197 745 τῷ
1223 691 1312 745 ναῷ
1322 719 1335 739 ,
1372 688 1441 729 καὶ
1465 691 1522 745 τῷ
1544 684 1607 742 λη’
1633 686 1711 729 ἔτει

219 758 374 815 ἤρξατο
404 761 548 818 κρίνειν
578 757 649 802 τὸν
679 754 865 815 Ἰσραήλ,
908 757 977 799 καὶ
1003 762 1063 817 τῷ
1096 755 1129 800 0'
1160 754 1428 813 ἐτελεύτησεν,
1475 755 1712 816 ἱερατεύσας

216 827 272 871 λε’
291 829 373 885 ἔτη.

359 900 444 941 ,Καὶ
465 901 596 941 ταῦτα
617 896 692 951 μὲν
713 895 794 939 ἀπὸ
812 899 889 951 τῆς
907 900 989 939 τῶν
1009 900 1158 953 κριτῶν
1177 897 1350 951 βίβλου,
1399 893 1456 948 ὥς
1479 897 1521 939 ἓν
1537 893 1710 955 παρόδῳ

100 972 128 1005 Ρ
151 973 195 1008 61
221 968 318 1012 κατ’
341 967 536 1023 ἐπιτομὴν
559 965 920 1022 ἒσημειωσάμεθα.
990 965 1102 1018 ἔδοξε
1131 966 1178 1009 δέ
1203 985 1276 1022 μοι
1297 968 1365 1010 καὶ
1395 967 1470 1017 τὰς
1488 966 1742 1022 ἀναγκαιο-Ὲ

220 1039 341 1095 τέρας
370 1037 591 1088 ὑποθέσεις
620 1041 702 1080 τῶν
733 1055 775 1080 τε
808 1040 1029 1090 βασιλειῶν
1061 1038 1129 1079 καὶ
1158 1041 1240 1079 τῶν
1278 1036 1639 1094 παραλειπομένων
1669 1037 1711 1079 ἐν

221 1107 401 1168 ἐπιτόμῳ
441 1107 642 1159 ἀνατάξαι
680 1110 737 1158 εἰς
775 1105 1003 1163 ἀνάμνησιν
1035 1111 1118 1150 τῶν
1148 1105 1471 1164 ἐντυγχανόντων
1502 1105 1630 1165 ταύτῃ
1661 1110 1713 1164 τῇ

219 1180 367 1237 βίβλῳ.

355 1247 404 1290 ‘O
421 1246 627 1298 Ἔλκανᾶς
643 1248 709 1289 καὶ
725 1246 847 1290 Ἄννα
867 1248 935 1289 καὶ
960 1243 1148 1290 Φενάννα
1167 1246 1211 1289 αἱ
1233 1253 1418 1304 γυναῖκες
1437 1246 1566 1290 αὐτοῦ
1583 1244 1713 1304 ἀνήρ-

215 1335 340 1373 χοντο
365 1319 408 1360 ἓν
431 1317 586 1372 Σηλιὺμ
607 1315 728 1360 θύειν
749 1318 890 1375 κυρίῳ.
963 1319 1031 1359 καὶ
1050 1322 1100 1373 τῇ
1114 1316 1234 1374 Ἄννῃ
1258 1317 1332 1360 οὔκ
1351 1312 1402 1372 ἦν
1419 1318 1572 1360 τέκνον.
1642 1318 1710 1359 καὶ
1724 1326 1742 1363 1

216 1387 398 1446 ᾐτήσατο
423 1386 544 1430 Ἄννα
566 1385 813 1437 κατωδύνως
832 1388 958 1445 κυρίῳ
981 1391 1057 1429 τοῦ
1079 1386 1290 1443 ἀνοιγῆναι
1308 1388 1434 1444 αὐτῆς
1457 1387 1532 1443 τὴν
1549 1385 1712 1444 μήτραν

221 1460 287 1500 καὶ
308 1459 354 1502 τὸ
375 1458 520 1512 τεχθὲν
541 1457 662 1500 ὃοτὸν
679 1458 871 1514 γενέσθαι
895 1457 1021 1515 αὐτῷ.
1093 1459 1160 1499 καὶ
1185 1457 1291 1500 ἔτεκε
1313 1457 1384 1500 τὸν
1402 1455 1616 1513 Σαμουήλ,
1645 1459 1712 1500 καὶ

218 1526 490 1586 προσήνεγκεν
514 1527 639 1570 αὐτὸν
657 1531 708 1585 τῇ
727 1532 855 1584 σκηνῇ
881 1531 954 1570 τοῦ
975 1530 1092 1569 θεοῦ.
1163 1529 1231 1569 καὶ
1263 1526 1386 1569 πάλιν
1414 1527 1567 1583 ηὔξατο
1595 1527 1713 1570 Ἠλεὶ

217 1596 320 1654 ὑπὲρ
344 1599 472 1652 αὐτῆς
494 1600 672 1652 δοθῆναι
695 1596 801 1654 αὐτῇ
822 1596 910 1639 ἀντὶ
935 1597 1137 1653 Σαμουὴλ
1156 1598 1297 1649 τέκνα,
1345 1599 1412 1640 καὶ
1447 1597 1577 1641 ἔτεκεν
1598 1597 1715 1649 υἱοὺς

164 1674 194 1708 Β
220 1675 327 1725 τρεῖς
349 1670 417 1710 καὶ
439 1668 676 1724 θυγατέρας
699 1664 788 1709 δύο.
853 1667 995 1724 Ὀφνεὶ
1018 1667 1063 1709 δὲ
1087 1668 1154 1709 καὶ
1178 1668 1320 1718 Φινεὲς
1342 1668 1381 1710 οἳ
1402 1668 1483 1710 υἱοὶ
1501 1669 1615 1711 Ἠλεὶ
1637 1668 1742 1715 minz

219 1740 262 1780 ἐν
293 1744 383 1788 ταῖς
411 1738 580 1788 θυσίαις
607 1735 735 1792 μόνον
763 1735 1058 1793 ἐξημάρτανον,
1106 1737 1213 1780 ἀλλὰ
1244 1740 1311 1780 καὶ
1342 1740 1386 1780 ἐν
1415 1745 1506 1790 ταῖς
1533 1740 1713 1795 γυναιξὶν

217 1806 478 1865 ἐξεπόρνευον
500 1813 590 1858 ταῖς
619 1808 936 1864 παρεστηκυιάις
966 1808 1008 1849 ἐν
1037 1815 1127 1858 ταῖς
1156 1805 1305 1859 πύλαις
1330 1812 1404 1851 τοῦ
1432 1813 1535 1851 ναοῦ
1555 1809 1713 1866 κυρίου.

217 1879 377 1936 ἱστορεῖ
391 1879 525 1921 τοίνυν
548 1875 574 1931 ἡ
599 1875 741 1936 πρώτη
764 1881 845 1920 τῶν
865 1880 1087 1931 βασιλειῶν
1110 1875 1288 1934 πόλεμον
1309 1883 1508 1935 συστῆναι
1528 1885 1614 1929 τοῖς
1637 1879 1713 1921 ἀλ·-

219 2054 311 2089 liere
330 2066 440 2100 genus
463 2053 617 2100 repetit;
650 2053 778 2100 quibus
797 2057 900 2088 natus
920 2053 989 2088 fuit
1007 2054 1206 2098 Pherezus,
1241 2065 1283 2088 ac
1304 2053 1474 2102 deinceps
1496 2055 1552 2090 uti
1571 2054 1714 2102 generis

217 2102 385 2138 recensio
410 2102 643 2136 demonstrat.

314 2150 416 2185 Anno
430 2148 613 2184 Samsonis
625 2146 643 2165 *
666 2147 837 2194 septimus
855 2147 1015 2194 pontifex
1030 2147 1229 2182 declaratus
1253 2147 1323 2182 fuit
1340 2147 1432 2183 Elis.
1457 2148 1517 2183 hic
1538 2148 1714 2194 quinqua-

221 2197 388 2243 genarius
412 2196 646 2243 principatum
670 2194 793 2241 populi
814 2195 999 2241 occoepit,
1026 2195 1209 2240 gessitque
1232 2206 1344 2230 annos
1367 2196 1426 2230 40.
1475 2200 1603 2241 quarto
1622 2207 1715 2232 anno

221 2245 326 2280 huius
348 2244 575 2292 pontificatus
592 2241 777 2277 Samuelus
795 2247 896 2276 vates
921 2247 977 2276 est
995 2249 1111 2287 natus,
1139 2247 1337 2288 octavoque
1359 2242 1397 2277 in
1419 2242 1587 2290 templum
1611 2242 1714 2277 dedi-

221 2299 322 2328 catus
354 2291 539 2336 trigesimo
571 2294 698 2324 octavo
734 2288 854 2335 coepit
876 2288 933 2324 ius
956 2288 1086 2335 populo
1111 2288 1252 2334 dicere,
1288 2295 1518 2336 mortuusque
1544 2294 1600 2326 est
1622 2301 1714 2330 anno

220 2338 494 2387 septuagesimo,
519 2335 719 2372 sacerdotio
744 2336 788 2370 35
813 2347 923 2370 annos
949 2336 1105 2370 functus.

314 2387 432 2431 Atque
463 2386 549 2420 haec
579 2383 722 2430 quidem
751 2383 796 2416 de
818 2382 907 2416 libro
933 2382 1087 2417 iudicum
1110 2382 1269 2418 breviter
1291 2388 1399 2429 atque
1424 2383 1541 2419 obiter
1565 2386 1716 2418 annota-

220 2434 349 2471 vimus.
376 2432 570 2467 consultum
589 2435 704 2465 autem
725 2429 806 2463 fore
830 2429 952 2464 censui
975 2435 1015 2464 ut
1035 2430 1139 2464 etiam
1162 2431 1355 2476 praecipua
1373 2431 1577 2475 Regnorum
1602 2429 1714 2465 libro-

220 2493 317 2525 rum,
352 2487 461 2525 atque
486 2489 605 2513 eorum
625 2476 686 2522 qui
711 2475 865 2511 Annales
890 2475 1132 2523 appellantur,
1158 2483 1366 2522 argumenta
1387 2477 1596 2524 compendio
1617 2477 1714 2514 refe-

218 2539 308 2573 ram,
335 2531 375 2561 ut
399 2538 442 2560 ea
464 2531 586 2560 nostro
610 2523 736 2558 lectori
759 2523 797 2557 in
821 2523 1022 2558 memoriam
1045 2523 1114 2559 ista
1134 2525 1275 2559 ratione
1293 2524 1515 2569 redigantur.

311 2573 467 2608 Elcanas
501 2582 579 2607 cum
608 2570 778 2606 uxoribus
808 2569 883 2605 suis
907 2570 1010 2605 Anna
1043 2576 1080 2605 et
1102 2571 1294 2607 Phenanna
1327 2571 1485 2606 Silonem
1517 2570 1715 2616 adscendit,

219 2621 288 2654 deo
313 2619 592 2655 sacrificaturus.
642 2618 744 2652 Anna
767 2622 884 2652 autem
909 2629 985 2652 cum
1012 2617 1144 2663 prolem
1170 2631 1239 2654 non
1265 2619 1425 2663 haberet,
1455 2630 1477 2652 a
1496 2618 1563 2652 deo
1582 2617 1717 2653 intimis

219 2667 387 2713 precibus
411 2665 594 2701 contendit
614 2665 667 2699 uti
686 2677 725 2699 se
739 2664 929 2699 sterilitate
947 2664 1128 2710 liberaret,
1149 2665 1320 2712 pollicens
1329 2665 1401 2713 ipsi
1415 2677 1455 2700 se
1468 2665 1600 2711 prolem
1614 2676 1717 2711 quam

220 2713 380 2749 dedisset
404 2717 702 2748 consecraturam.
751 2711 802 2746 ita
826 2711 983 2746 Samueli
1008 2718 1120 2747 mater
1143 2714 1240 2749 facta
1265 2718 1338 2756 est,
1376 2724 1526 2758 eumque
1547 2713 1716 2747 taberna-

224 2760 302 2795 culo
327 2760 386 2794 dei
411 2759 550 2794 obtulit.
599 2770 748 2810 cumque
770 2758 849 2794 Elis
874 2758 946 2804 ipsi
971 2765 1214 2805 comprecatus
1247 2764 1344 2795 esset
1375 2771 1396 2794 a
1420 2760 1488 2794 deo
1513 2759 1602 2794 alios
1624 2759 1716 2794 libe-

224 2819 285 2842 ros
307 2806 384 2841 dari
403 2807 480 2841 loco
503 2805 671 2850 Samueli,
698 2818 741 2841 ea
762 2805 948 2853 postmodo
972 2805 1065 2840 filios
1091 2812 1165 2842 tres
1189 2820 1231 2842 ac
1254 2806 1346 2842 filias
1365 2807 1452 2841 duas
1474 2805 1630 2853 peperit.
1655 2817 1717 2842 ce-

225 2859 339 2890 terum
359 2852 499 2900 Ophnis
523 2865 565 2888 ae
586 2853 753 2898 Phineas,
780 2852 860 2888 Elis
882 2852 1078 2888 sacerdotis
1102 2854 1179 2898 filii,
1204 2866 1275 2889 non
1297 2853 1476 2888 sacrificia
1499 2854 1602 2888 modo
1626 2851 1715 2888 deli-

226 2901 294 2936 ctis
318 2900 393 2936 suis
416 2899 632 2946 polluebant,
659 2901 723 2936 sed
742 2904 780 2935 et
798 2911 876 2935 cum
900 2899 1103 2935 mulieribus
1126 2901 1248 2947 templi
1272 2901 1332 2935 dei
1354 2900 1579 2936 ianitricibus
1603 2898 1716 2946 stupri

226 2947 516 2986 consuetudinem
535 2946 729 2983 habebant.
777 2952 901 2983 narrat
922 2958 1031 2995 porro
1055 2947 1189 2995 primus
1206 2948 1409 2993 Regnorum
1433 2947 1525 2983 liber
1546 2948 1717 2983 barbaros
