1742 3184
216 168 318 219 442
534 165 536 167 '
701 170 941 218 GEORGII
967 168 1215 217 CEDRENI

350 284 568 338 Ἰουλιανὸς
584 286 731 338 Δίδιος
758 287 1016 341 ἐβασίλευσεν
1044 285 1202 346 ἡμέρας
1228 282 1303 339 ’ξςῗ
1371 288 1518 340 Δίδιος
1539 290 1587 333 δὲ
1607 290 1698 334 ἔπε-

213 352 352 412 κλήθη
382 356 454 399 διὰ
484 356 530 400 τὸ
557 355 636 401 ὕπὸ
661 355 806 415 δώρων
827 360 966 411 λαβεῖν
986 356 1061 412 τὴν
1081 358 1306 413 βασιλείαν.
1375 357 1633 416 φαυλότατος
1655 360 1699 402 δὲ

212 419 263 481 ἦν
290 432 376 477 τοῖς
401 423 568 483 τρόποις
582 458 592 477 ,
637 428 706 470 καὶ
728 431 816 477 τοῖς
837 424 972 483 ἔργοις
990 426 1255 485 ἀνοσιουργὸς
1273 428 1341 470 καὶ
1355 426 1581 485 χρημάτων
1602 430 1700 485 ε’ρα-

211 493 329 550 στής·
367 494 412 546 ὃς
440 495 508 537 διὰ
538 496 584 539 τὸ
608 496 789 553 αἰσχρῶς
810 499 930 550 βιοῦν
948 497 1017 539 καὶ
1036 495 1330 555 ἀπανθρώπως
1349 495 1429 541 ὖπό
1449 489 1523 554 τῆς
1543 502 1699 554 βουλῆς

211 562 383 623 θανάτῳ
406 566 745 623 καταψηφισθεὶς
765 563 939 624 ἐσφάγη.
1125 586 1128 589 >
1710 573 1732 609 5

66 639 95 673 P
120 638 192 675 252
351 636 538 692 Σεβῆρος
557 635 818 689 ἐβασίλευσεν
838 633 906 691 ἴτη
932 631 980 688 ιζ’
1000 638 1134 691 μῆνας
1152 631 1207 690 η’.
1275 637 1462 693 Σεβῆρος
1483 636 1527 679 δὲ
1544 633 1566 678 ὃ
1588 635 1700 692 αἶρε-

44 714 47 717 ’
212 703 327 754 τικὸς
345 704 514 760 λέγεται.
582 698 702 755 οὗτος
720 703 791 748 τὸν
814 704 857 747 ἓν
873 705 1103 765 Βρεττανίᾳ
1122 701 1292 760 νικήσας
1311 703 1488 759 πόλεμον
1511 704 1591 748 ἀπὸ
1613 709 1700 747 θα-

213 771 370 828 λάσσης
388 774 445 823 εἷς
463 770 687 818 θάλασσαν
707 775 965 832 περιετείχισε
986 773 1060 830 τὴν
1076 778 1201 831 νῆσον
1217 774 1400 824 σταδίοις
1414 775 1574 830 χιλίοις.
1628 768 1700 818 οὗ·

211 859 283 893 τος
304 841 350 885 τὸ
371 840 597 895 Βυζάντιον
625 843 881 902 παραλαβὼν
911 843 964 887 τὰ
992 845 1102 899 τείχη
1130 844 1258 887 αὐτοῦ
1284 847 1486 887 καθειλεν.
1554 842 1633 899 εἶχε
1655 844 1701 886 δὲ

211 912 258 955 τὸ
278 910 505 964 Βυζάντιον
524 911 703 970 πύργους
719 911 822 956 ἑπτά
831 945 845 966 ,
882 914 927 956 ἔκ
949 917 1030 956 τῶν
1052 913 1269 973 Θρᾳκικῶν
1291 917 1430 956 πυλῶν
1450 913 1701 971 ἀρχομένους
1712 921 1742 957 κ

212 982 280 1024 καὶ
313 981 377 1023 ἐπὶ
407 981 482 1037 τὴν
508 981 699 1041 ἀρκτῴαν
727 981 950 1026 θάλασσαν
971 981 1247 1039 καθήκοντας.
1316 984 1385 1025 καὶ
1407 981 1563 1026 τούτων
1581 982 1624 1026 εἶ’
1639 1001 1701 1034 τις

212 1052 254 1093 ἓν
276 1048 398 1109 ἑτέρῳ
417 1049 559 1110 πύργῳ
579 1057 830 1110 προσῆλθεν,
861 1052 1032 1107 οὐδεμία
1052 1052 1249 1108 αἴσθησις
1267 1058 1353 1104 τοῖς
1370 1050 1510 1103 ἄλλοις
1531 1052 1701 1109 ἐγίνετο·

213 1122 249 1163 εἲ
270 1121 315 1163 δὲ
336 1121 377 1162 ἐν
401 1125 460 1180 τῷ
486 1119 635 1182 πρώτῳ
658 1120 801 1181 πύργῳ
818 1121 1043 1180 ,ἀνεβόησεν
1061 1121 1088 1177 ἢ
1108 1124 1228 1164 λίθον
1250 1119 1478 1174 ἐσάλευσεν,
1514 1121 1637 1172 αὗτός
1657 1139 1703 1164 τε

213 1189 302 1245 ἤχει
323 1191 391 1233 καὶ
411 1189 624 1246 σιωπήσας
644 1196 703 1251 τῷ
725 1192 901 1249 δευτέρῳ
924 1193 1136 1247 μετεδίδου
1156 1195 1232 1246 τῆς
1251 1191 1355 1246 ἠχῆς
1366 1222 1380 1244 ,
1415 1192 1483 1233 καὶ
1506 1185 1624 1242 οὗτος
1641 1195 1700 1249 τῷ

159 1267 190 1301 Β
214 1260 338 1318 τρίτῳ
369 1261 438 1302 καὶ
468 1258 561 1316 ἑξῆς
590 1259 752 1315 ὁμοίως.
824 1255 943 1312 οὗτος
963 1263 1031 1304 καὶ
1051 1260 1097 1303 τὸ
1118 1258 1349 1312 Ζεύξιππον
1373 1259 1546 1318 λουτρὸν
1569 1259 1698 1304 ἔκτισε
1713 1266 1742 1302 1!

212 1331 474 1389 Βυζαντίοις,
508 1332 577 1372 καὶ
602 1330 648 1374 τὸ
671 1334 834 1388 πρῶτον
852 1331 1002 1386 κτίσμα
1022 1334 1081 1388 τῷ
1102 1328 1344 1388 ἱπποδρόμῳ
1362 1331 1595 1387 παρέδωκε,
1632 1331 1700 1373 καὶ

212 1397 399 1455 κυνήγιον
421 1401 488 1442 καὶ
507 1399 689 1458 θέατρον
711 1400 849 1450 αὐτοῖς
865 1397 1171 1444 κατεσκεύασεν.
1239 1401 1304 1444 ἐπὶ
1323 1398 1471 1443 τούτου
1486 1401 1660 1450 Παῦλος
1678 1398 1700 1442 ὃ

211 1468 480 1524 Σαμοσατεύς
501 1468 575 1525 τὴν
591 1470 843 1527 Ἀρτέμωνος
866 1470 1019 1527 α’ίρεσιν
1050 1467 1314 1512 ἀνενεώσατο.
1384 1463 1542 1520 οὗτοςὸ
1564 1473 1701 1525 §⁶165-

211 1555 284 1595 ρος
324 1539 367 1582 ἐν
407 1539 599 1594 πολέμοις
636 1537 848 1594 σχολάζων
889 1538 998 1600 νόσῳ
1034 1543 1200 1599 τελευτᾷ
1211 1570 1224 1591 ,
1279 1538 1516 1582 καταλιπὼν
1550 1541 1703 1590 παῖδας

210 1614 332 1665 τρεῖς.
1709 1615 1742 1652 21

345 1677 437 1718 Ἐπὶ
467 1673 614 1720 τούτου
642 1676 819 1732 ἤκμαζεν
847 1675 1079 1736 Ὠριγὲνης,
1102 1674 1225 1727 ,ὅστις
1247 1677 1306 1726 εἷς
1321 1672 1629 1734 Ἀλεξάνδρειαν
1646 1674 1703 1720 ὢν

209 1746 404 1802 μεγίστην
423 1748 481 1796 εἷς
502 1746 574 1788 τὸν
590 1749 706 1788 θεῖον
728 1744 849 1802 λόγον
871 1747 1055 1802 σπουδὴν
1071 1744 1340 1799 κατεβάλλετο
1353 1758 1365 1770 ·
1409 1746 1458 1788 οὗ
1473 1745 1600 1799 μόνον
1621 1746 1702 1804 γὰρ

211 1822 297 1866 τοῖς
329 1822 487 1866 πιστοῖς
512 1813 706 1872 πρόξενος
737 1814 935 1872 ὠφελείας
965 1813 1145 1871 μεγάλης
1173 1814 1350 1870 ἐγένετο,
1397 1814 1503 1857 ἀλλὰ
1528 1817 1597 1858 καὶ
1621 1820 1703 1859 τῶν

215 1885 428 1944 αἶρετικῶν
448 1884 521 1928 οὐκ
540 1884 708 1941 ὀλίγοις·
737 1882 812 1926 ὑπ’
835 1885 963 1929 αὐτοῦ
988 1884 1066 1943 γὰρ
1092 1883 1145 1928 τὰ
1162 1882 1257 1941 ὑγιῆ
1276 1888 1350 1939 τῆς
1374 1884 1549 1936 πίστεως
1565 1903 1702 1943 παρα-

307 2039 463 2074 Iulianus
486 2036 613 2072 Didius
645 2037 838 2084 imperator
865 2036 937 2073 fuit
958 2035 1035 2072 dies
1064 2037 1122 2072 66.
1168 2037 1269 2072 Didii
1290 2039 1558 2084 cognomentum
1582 2037 1705 2074 habuit

215 2087 311 2133 quod
334 2086 460 2121 dandis
484 2084 687 2120 muneribus
710 2084 895 2130 imperium
929 2089 1182 2129 comparasset.
1230 2085 1388 2119 moribus
1423 2088 1500 2119 erat
1530 2085 1704 2131 pravissi-

215 2133 305 2178 mis,
330 2131 630 2179 flagitiosissimus
654 2135 692 2166 et
713 2142 857 2166 avarus.
903 2129 1026 2176 itaque
1050 2131 1097 2166 ob
1123 2136 1264 2178 turpem
1287 2137 1325 2167 et
1345 2131 1571 2167 inhumanam
1593 2131 1705 2167 vitam

216 2193 239 2216 a
265 2186 392 2215 senatu
411 2178 536 2214 mortis
560 2179 743 2213 damnatus
768 2182 824 2213 est
844 2181 882 2213 et
903 2178 1099 2224 iugulatus·

309 2227 466 2261 Severus
498 2224 688 2271 imperavit
721 2235 832 2259 annos
869 2226 936 2268 17,
970 2235 1109 2259 menses
1131 2225 1167 2259 8.
1214 2224 1372 2259 Severus
1395 2223 1536 2259 Latinis
1560 2228 1616 2259 est
1642 2225 1705 2270 qui

216 2273 368 2309 Graecis
391 2272 605 2307 haereticus.
652 2271 684 2306 is
709 2271 747 2306 in
768 2271 957 2306 Britannia.
987 2270 1080 2306 bello
1113 2270 1230 2306 victor
1260 2281 1394 2306 murum
1416 2271 1454 2306 in
1479 2282 1522 2306 ea
1545 2270 1660 2307 insula
1683 2284 1706 2307 a

214 2320 303 2355 mari
328 2331 397 2354 uno
422 2317 468 2354 ad
492 2319 641 2354 alterum
664 2330 760 2353 mare
782 2318 951 2364 perduxit
972 2330 1038 2364 per
1062 2317 1156 2352 mille
1177 2318 1307 2353 stadia.
1354 2318 1567 2363 Byzantium
1595 2318 1705 2363 cepit,

213 2366 363 2413 eiusque
386 2377 504 2400 muros
527 2364 673 2401 deiecit.
719 2364 931 2410 Byzantium
966 2369 1103 2410 septem
1138 2364 1264 2400 habuit
1286 2368 1424 2409 turres,
1461 2376 1608 2410 quorum
1631 2364 1703 2399 ini-

213 2413 302 2448 tium
324 2424 344 2447 a
361 2412 539 2447 Thracica
563 2417 678 2458 parte,
703 2411 785 2446 finis
808 2412 854 2446 ad
873 2422 969 2446 mare
993 2411 1213 2458 aquilonare.
1242 2411 1275 2447 si
1299 2411 1378 2457 quis
1401 2412 1448 2447 ad
1470 2411 1622 2457 aliquam
1643 2423 1704 2446 re-

211 2461 390 2505 liquarum
411 2458 560 2494 turrium
583 2459 784 2501 accederet,
807 2458 845 2492 in
866 2458 1013 2504 reliquis
1036 2458 1075 2493 id
1098 2470 1169 2494 non
1189 2458 1424 2496 sentiebatur.
1473 2458 1505 2493 si
1528 2463 1644 2494 autem
1665 2459 1704 2493 in

214 2506 329 2562 prima
351 2505 444 2541 turri
467 2505 652 2541 clamorem
676 2504 876 2541 sustulisset
899 2510 960 2540 ant
982 2505 1135 2552 lapidem
1158 2506 1349 2551 movisset,
1384 2504 1416 2539 is
1446 2515 1560 2548 sonus⁴
1582 2516 1624 2539 eo
1649 2509 1704 2540 et-

216 2565 287 2588 lam
309 2557 451 2588 tacente
475 2553 521 2587 ad
545 2552 690 2588 alteram
713 2551 838 2587 turrim
860 2552 1134 2597 perferebatur,
1171 2551 1325 2597 indeque
1349 2551 1394 2586 ad
1417 2551 1562 2586 tertiam
1585 2555 1621 2586 et
1644 2563 1704 2587 re-

219 2599 349 2644 liquas.
396 2599 429 2634 is
453 2603 491 2633 et
514 2598 736 2645 Zeuxippum
755 2598 916 2634 balneum
934 2598 1122 2643 Byzantiis
1145 2598 1317 2643 condidit,
1339 2609 1381 2633 ac
1405 2597 1536 2632 circum
1558 2598 1706 2633 inchoa-

222 2645 296 2679 vit:
333 2645 397 2680 sed
429 2649 467 2680 et
497 2646 723 2681 venationem
755 2645 808 2681 eie
839 2656 881 2679 ac
909 2645 1085 2680 theatrum
1115 2644 1333 2680 aedificavit.
1380 2645 1447 2679 sub
1477 2645 1545 2679 hoc
1574 2644 1706 2680 Paulus

221 2692 473 2727 Samosatenus
499 2692 699 2728 Artemonis
734 2702 891 2727 errorem
921 2691 1127 2728 renovavit.
1175 2692 1334 2727 Severus
1367 2691 1471 2727 bellis
1501 2698 1632 2726 vacans
1660 2703 1705 2727 ex

222 2739 345 2772 morbo
366 2738 539 2783 decessit,
564 2739 698 2774 relictis
721 2739 835 2774 tribus
858 2737 955 2774 filiis.

318 2784 393 2818 Sub
417 2785 484 2820 hoc
505 2785 630 2821 floruit
653 2786 845 2831 Origenes,
867 2784 930 2832 qui
948 2796 1029 2820 cum¹
1044 2784 1292 2820 Alexandreae
1313 2787 1420 2829 esset,
1445 2794 1605 2830 magnum
1629 2787 1707 2819 stu-

226 2829 322 2864 dium
344 2831 449 2864 rebus
479 2833 592 2868 sacris
613 2833 799 2878 impendit.
846 2842 962 2877 neque
982 2836 1116 2868 tantum
1140 2830 1354 2867 Christianis
1376 2840 1523 2876 magnae
1546 2830 1615 2865 fuit
1636 2830 1707 2866 uti-

226 2876 339 2922 litati,
370 2875 435 2911 sed
458 2880 494 2912 et
517 2891 588 2915 non
610 2891 743 2927 paucos
765 2878 859 2916 iuvit
879 2878 1099 2915 haereticos:
1133 2890 1212 2915 nam
1234 2879 1280 2915 ab
1300 2878 1380 2925 ipso
1404 2877 1492 2914 fidei
1511 2876 1706 2913 doctrinam
