1742 3184
201 165 301 213 512
677 166 922 213 GEORGII
956 165 1203 212 GEDRENI

196 282 325 341 γμὲνα
345 287 418 339 τῆς
436 281 687 340 ταυτότητος
705 288 778 339 τῆς
800 279 974 340 φύσεως.
1042 282 1097 326 τὰ
1115 282 1190 338 μέν
1206 281 1286 340 γὰρ
1304 280 1474 340 εἶ’ρηται,
1499 283 1570 326 ἵνα
1592 286 1682 326 Σα-

195 354 356 408 βέλλιος
377 355 446 396 καὶ
464 353 664 396 Ἰουδαῖοι
687 355 1011 406 ἕπιστομισθῶσι
1022 385 1036 405 ,
1069 353 1122 395 τὰ
1145 353 1212 405 δέ,
1245 355 1315 395 ἵνα
1329 352 1486 410 Ἄρειος
1506 354 1574 395 καὶ
1595 353 1684 395 Εὐ·-

143 435 174 470 c
197 422 339 478 νόμιος
365 425 433 465 καὶ
453 422 645 478 ’Έλληνες
673 425 1008 477 στηλιτευθῶσιν.
1079 423 1119 465 οἳ
1138 422 1217 480 γὰρ
1238 421 1509 472 πλατύνοντες
1529 423 1604 477 μὲν
1625 424 1683 472 εἷς

191 493 265 548 τὴν
289 491 407 549 ἁγίαν
426 491 576 549 τριάδα
596 492 667 534 τὸν
690 497 772 534 τῶν
796 490 1010 547 ἶδιοτήτων
1030 490 1224 548 ἀριθμόν,
1253 494 1540 542 συστέλλοντες
1560 493 1604 534 δὲ
1626 494 1683 542 εἷς

190 564 290 618 μιάν
310 561 452 604 οὐσίαν
462 595 476 614 ,
512 560 725 618 ὀρθότατα
747 561 1034 617 δογματίζουσι
1055 563 1123 603 καὶ
1144 568 1234 612 ταῖς
1253 566 1336 604 τῶν
1356 562 1557 618 οὐρανίων
1573 571 1714 619 χρη-5

191 636 306 686 σμῶν
328 632 488 674 ἕπονται
511 632 814 683 διδασκαλίαις,
858 629 962 686 μήτε
994 633 1050 682 εἷς
1070 633 1298 674 πολυθεΐαν
1318 631 1388 674 διὰ
1408 630 1483 686 τὴν
1502 627 1682 687 τῆςῆρύ-

190 719 293 751 σεως
312 700 517 757 διαφορὰν
537 701 811 752 ἐκπίπτοντες,
847 699 950 755 μήτε
971 702 1027 751 εἲς
1049 701 1290 755 ἰουδαϊσμὸν
1313 700 1383 743 διὰ
1406 700 1480 755 τὴν
1499 705 1573 742 τοῦ
1592 699 1682 750 ἑνὸς

189 769 411 828 προσώπου
433 768 630 813 σύστασιν
651 771 968 821 ὀλισθαίνοντες.
1039 774 1126 821 πῶς
1156 771 1201 813 δὲ
1234 770 1308 813 οὐκ
1340 771 1566 827 ἐρυθριῶσι
1592 771 1679 813 κτί-

190 857 314 895 σματι
334 844 654 896 προσκυνοῦντες
674 842 741 882 καὶ
764 846 854 890 ταῖς
874 838 1028 883 ἑαυτῶν
1048 841 1274 894 μαχόμενοι
1291 838 1479 896 ψήφοιςς
1517 839 1678 895 ἀπαγο-

191 908 374 966 ρεύοντες
405 909 485 966 γὰρ
514 909 560 952 τὸ
592 910 651 964 μὴ
683 915 734 966 τῇ
766 911 892 952 κτίσει
922 917 1163 966 προσκυνεῖν
1199 907 1256 960 ὡς
1276 907 1524 964 Ἑλληνικόν,
1560 910 1677 951 αὐτοὶ
1691 913 1736 949 10

187 983 308 1021 τοῦτο
341 981 516 1035 δρῶντες
547 977 719 1030 ἑαυτοὺς
749 977 1018 1022 λανθάνουσι.
1083 978 1167 1037 χρὴ
1197 979 1243 1021 δὲ
1270 980 1338 1020 καὶ
1369 982 1491 1021 τοῦτο
1516 979 1678 1030 εἰδέναι,

188 1045 245 1098 ὥς
270 1048 318 1090 οὗ
348 1048 402 1090 τὰ
433 1048 539 1091 αὐτὰ
571 1046 754 1104 ὀνόματα
788 1046 952 1099 πάντως
971 1050 1040 1092 καὶ
1065 1048 1116 1091 τὰ
1142 1047 1249 1091 αὐτὰ
1269 1045 1413 1103 μηνύει
1438 1045 1677 1104 πράγματα,

190 1116 283 1160 οὔτε
312 1115 338 1172 ἦ
365 1115 580 1173 ὁμωνυμία
612 1120 870 1172 συνωνυμίαν
901 1119 945 1160 ἐκ
971 1118 1124 1168 παντὸς
1156 1116 1311 1175 τρόπου
1344 1118 1544 1175 ἐμφαίνει.
1613 1118 1679 1159 ἐπὶ

135 1189 168 1225 D
193 1188 268 1242 μὲν
292 1186 372 1245 γὰρ
404 1191 477 1229 τοῦ
499 1188 592 1230 υἱοῦ
614 1189 762 1245 κυρίως
783 1188 938 1243 λέγεται
960 1185 986 1242 ἦ
1010 1188 1214 1243 γέννησις,
1250 1188 1314 1228 ἐπὶ
1336 1187 1380 1228 δὲ
1402 1191 1483 1229 τῶν
1502 1185 1679 1241 κτισμά-

189 1274 272 1299 των
291 1262 647 1313 καταχρηστικῶς,
683 1257 748 1299 ἐπ’
779 1257 929 1299 ἐκείνου
951 1257 1025 1311 μὲν
1046 1260 1120 1311 τῆς
1143 1256 1341 1312 ἀληθείας
1364 1256 1493 1299 ἕνεκεν
1514 1258 1583 1299 καὶ
1604 1261 1677 1312 τῆς
1690 1262 1734 1299 15

190 1324 527 1386 ὅμοουσιότητος,
563 1328 626 1368 ἐπὶ
655 1327 700 1369 δὲ
728 1324 883 1370 τούτων
904 1331 1026 1381 τιμῆς
1039 1324 1165 1382 χάριν
1192 1328 1261 1368 καὶ
1279 1326 1505 1376 υἱοθεσίας.
1574 1330 1679 1380 βου-

189 1398 334 1451 ληθεὶς
355 1395 434 1453 γὰρ
455 1395 680 1451 ἀπεκύησεν
696 1394 809 1451 ἡμᾶς
828 1394 934 1454 λόγῳ
953 1396 1167 1451 ἀληθείας.
1235 1395 1296 1451 μὴ
1315 1397 1450 1439 τοίνυν
1469 1394 1496 1450 ἡ
1518 1393 1679 1450 ὁμωνυ-

186 1467 262 1520 μιά
293 1466 367 1520 τὴν
397 1463 614 1521 ὃμοτιμίαν
648 1468 832 1508 ἐνταῦθα
861 1466 1050 1518 τικτέτω,
1106 1465 1213 1520 μηδὲ
1254 1464 1305 1508 τὰ
1344 1469 1678 1522 καταχρηστικῶς

188 1536 380 1592 εἰρημένα
399 1537 550 1593 κυρίως
569 1540 768 1591 λεχθῆναι
789 1531 1032 1590 νομιζέσθω,
1063 1535 1147 1577 ἐπεὶ
1170 1536 1238 1577 καὶ
1261 1528 1333 1577 τὸν
1355 1535 1497 1590 θυμὸν
1517 1537 1585 1577 καὶ
1603 1535 1677 1590 τὴν

183 1605 309 1663 ὀργὴν
337 1607 405 1648 καὶ
436 1601 566 1648 τᾶλλα
597 1604 732 1647 πάντα
767 1606 819 1648 τὰ
850 1610 900 1662 τῇ
930 1607 1028 1665 θείᾳ
1046 1605 1106 1660 μὴ
1131 1605 1338 1661 πρέποντα
1365 1604 1511 1662 φύσει,
1547 1615 1734 1650 κατα-20

179 1679 413 1732 χρηστικῶς
444 1676 682 1731 λελεγμένα,
729 1675 802 1717 οὒκ
836 1674 887 1717 ἄν
915 1693 978 1726 τις
1010 1675 1221 1733 εὖφρονῶν
1249 1676 1399 1733 κυρίως
1430 1673 1676 1733 πεφράσθαι

37 1747 69 1782 P
93 1746 163 1782 293
188 1735 305 1803 φαίη,
378 1746 502 1799 δῆλον
535 1744 616 1802 γάρ
647 1746 756 1788 ἔστιν
787 1743 850 1787 ὅτι
879 1742 1037 1804 ἑκάστῳ
1064 1745 1205 1804 χωρίῳ
1236 1746 1304 1787 καὶ
1333 1741 1484 1802 ἕκάστιῃ
1515 1745 1618 1796 λέξει
1647 1742 1675 1800 ἦ

279 1899 323 1936 15
346 1894 422 1934 ’ὑπ’
445 1898 478 1933 P
619 1898 666 1934 22
689 1898 817 1944 φαίνει
834 1898 865 1934 Ρ

186 2039 353 2084 quidem,
390 2041 431 2073 ut
453 2035 612 2072 Sabellio
638 2040 675 2072 et
691 2035 835 2072 Iudaeis
860 2048 923 2072 ora
946 2036 1107 2072 obturari
1130 2041 1296 2084 possent,
1323 2036 1420 2072 dicta
1443 2039 1546 2082 sunt,
1575 2036 1678 2082 haec,

189 2091 231 2121 ut
254 2086 359 2120 Arius
385 2084 581 2119 Eunomius
611 2090 650 2118 et
682 2084 814 2118 Graeci
837 2091 1058 2119 notarentur.
1107 2084 1169 2129 qui
1192 2096 1279 2119 vero
1302 2091 1459 2119 sanctam
1484 2084 1680 2121 trinitatem

188 2132 227 2167 in
252 2143 481 2178 personarum
503 2131 696 2166 ternarium
720 2132 927 2174 extendunt,
951 2132 1003 2165 ita
1025 2138 1066 2166 ut
1088 2131 1151 2166 has
1176 2131 1214 2165 in
1236 2142 1340 2166 unam
1361 2130 1589 2176 compingant
1613 2144 1679 2166 ua-

185 2184 312 2223 turam,
336 2178 364 2213 ii
387 2178 585 2213 rectissime
611 2178 781 2222 sentiunt,
805 2178 1078 2223 caelestiumque
1107 2178 1354 2213 auctoritatem
1378 2177 1600 2212 oraculorum
1618 2191 1678 2213 se·-

186 2232 354 2271 quuntur,
380 2237 422 2260 ac
446 2236 562 2271 neque
584 2226 628 2259 ad
647 2225 902 2260 multitudinem
926 2225 1073 2259 deorum
1096 2225 1316 2260 statuendam
1340 2224 1550 2260 diversitate
1573 2231 1679 2260 natu-

185 2284 303 2307 rarum
328 2273 479 2307 conficta
503 2272 705 2317 adiguntur,
730 2283 845 2317 neque
869 2271 971 2306 unius
994 2283 1168 2317 personae
1193 2277 1387 2307 commento
1408 2271 1445 2306 in
1466 2271 1679 2307 Iudaismum

185 2318 431 2364 prolabuntur.
480 2319 654 2364 quomodo
678 2324 794 2353 autem
820 2330 891 2353 non
915 2320 1129 2353 erubescunt
1152 2318 1344 2362 haeretici,
1369 2324 1566 2353 creaturam
1590 2319 1678 2353 ado-

185 2371 306 2400 rantes
332 2366 475 2411 sibique
503 2365 594 2411 ipsis
623 2366 877 2411 refragantes?
926 2377 1002 2400 cum
1027 2365 1120 2400 enim
1143 2371 1267 2400 vetent
1291 2370 1488 2399 creaturam
1514 2366 1678 2411 adorare,

186 2413 445 2447 Graecanicum
480 2412 636 2458 quippe,
670 2412 742 2458 ipsi
774 2412 1016 2458 imprudentes
1051 2412 1144 2447 idem
1177 2412 1413 2447 committunt.
1461 2411 1500 2446 id
1535 2423 1679 2458 quoque

185 2459 365 2494 sciendum
388 2464 455 2503 est,
481 2471 551 2493 non
573 2470 714 2505 semper
736 2459 863 2493 iisdem
886 2459 1067 2494 vocabulis
1088 2459 1230 2494 easdem
1254 2470 1311 2492 res
1331 2457 1538 2503 significari,
1563 2470 1680 2504 neque

186 2506 307 2540 statim
339 2506 463 2540 eodem
494 2506 595 2540 modo
621 2505 738 2541 notari
763 2518 805 2540 ea
830 2517 921 2551 quae
945 2507 1117 2540 communi
1136 2505 1312 2540 *vocabulo
1336 2504 1548 2540 indicantur.
1599 2515 1679 2540 nam

184 2553 332 2597 proprie
356 2553 487 2588 dicitur
509 2553 619 2587 filium
645 2565 723 2588 esse
747 2552 925 2598 genitum:
950 2553 995 2587 de
1017 2558 1180 2587 creatura
1197 2552 1290 2587 idem
1310 2551 1505 2598 improprie
1527 2552 1679 2587 dixeris.

184 2597 259 2631 filio
286 2599 376 2633 enim
399 2599 571 2634 tribuitur
595 2601 662 2634 hoc
686 2599 850 2634 veritatis
876 2611 1006 2644 causa,
1045 2605 1083 2634 et
1106 2600 1192 2644 quia
1215 2599 1370 2633 eiusdem
1395 2604 1451 2633 est
1474 2610 1551 2633 cum
1574 2604 1679 2644 patre

186 2649 346 2689 naturae,
375 2646 547 2682 creaturis
573 2654 689 2681 autem
713 2646 857 2681 honoris
877 2652 920 2680 Aet
944 2646 1145 2693 adoptionis
1169 2645 1298 2691 gratia.
1330 2656 1414 2680 -sua
1435 2645 1526 2679 enim
1551 2646 1679 2680 volun-‘-

185 2693 261 2724 tate
285 2697 397 2726 motus
425 2693 548 2738 genuit
571 2705 656 2738 uos,
683 2694 795 2728 verbo
819 2693 996 2728 veritatis.
1045 2705 1116 2728 non
1138 2691 1418 2737 igitur·nominis
1445 2692 1677 2727 communitas

186 2736 245 2770 hic
278 2739 424 2772 eandem
453 2739 659 2785 dignitatem
693 2740 869 2785 utrimque
902 2740 1067 2784 adferre,
1104 2745 1165 2774 aut
1196 2739 1290 2784 quod
1311 2738 1509 2785 improprie
1532 2739 1676 2784 dicitur,

187 2783 335 2829 proprie
359 2794 562 2831 usurpatum
587 2792 750 2832 putetur,
790 2786 929 2832 quando
964 2785 1291 2820 excandescentiam
1326 2786 1432 2820 etiam
1459 2791 1494 2820 et
1525 2785 1613 2820 iram
1640 2791 1678 2820 et

188 2828 262 2863 alia
293 2830 435 2883 divinae
466 2839 614 2868 naturae
645 2845 864 2879 nequaquam
894 2833 1146 2868 convenientia
1175 2843 1276 2866 nemo
1308 2843 1416 2867 sanus
1440 2833 1507 2867 deo
1532 2831 1679 2877 proprie

188 2875 346 2912 adscribi
368 2879 538 2926 censebit,
564 2891 641 2915 cum
665 2882 778 2917 abusu
801 2879 1049 2918 vocabulorum
1067 2879 1102 2916 ei
1120 2877 1379 2915 adscribantur.
1428 2883 1568 2915 constat
1587 2878 1678 2914 enim
