1742 3184
190 174 270 206 x1v
734 157 1135 204 XYLANDRI

190 274 418 333 praelixerat
445 288 519 333 qua
552 280 808 333 argumentum
837 272 918 317 eius
935 273 974 316 in
992 273 1091 316 haee
1109 272 1226 317 verba
1258 272 1474 331 exprimitur
1515 274 1676 318 “tractat

190 345 289 387 idem
323 351 580 402 argumentum
612 343 710 401 quod
730 342 920 394 Zonaras,
951 343 1021 385 sed
1053 343 1166 386 multa
1195 342 1312 385 habet
1337 359 1361 386 a
1381 345 1532 387 Zonara
1552 345 1600 388 de
1621 345 1675 387 in-

188 414 327 457 dustria
360 412 646 472 praetermissa,
676 410 890 462 brevitatis,
929 419 967 454 ut
1001 411 1154 468 opinor,
1189 411 1331 463 studio,
1361 413 1430 455 sed
1464 421 1568 455 certe
1600 427 1675 456 non

187 482 525 541 praetermittenda.
586 479 716 538 quodsi
753 480 846 523 mihi
865 479 969 537 optio
997 481 1085 523 data
1105 481 1234 524 fnisset
1255 480 1303 523 ab
1324 480 1446 531 initio,
1481 480 1578 524 hunc
1600 481 1674 523 Zo-

186 567 302 595 narae
321 550 589 609 praetulissem.
649 564 744 592 nunc
772 564 854 592 cum
873 549 1042 591 Zonaras
1070 550 1192 593 denuo
1223 550 1389 592 edendus
1409 549 1496 600 erit,
1529 549 1672 592 consul-

186 630 261 665 tum
283 621 367 663 sore
387 619 572 663 videbitur
601 625 639 662 ut
657 618 732 661 hoc
749 626 863 661 totum
882 633 975 675 opus
998 618 1228 677 pellegatur‚
1265 626 1305 662 et
1331 617 1506 677 quidquid
1533 633 1671 662 memo·

183 690 307 733 rabile
335 690 451 733 visum
481 687 610 739 suerit,
647 688 823 732 Zonarae
847 687 925 730 suis
954 687 1048 730 locis
1068 696 1171 731 certa
1198 696 1287 731 nota
1305 686 1477 745 apposita
1507 686 1672 730 inseren-

185 756 314 803 dum.’'
370 758 468 802 haec
485 756 668 808 Wolfius;
705 756 768 814 qui
787 755 886 799 haud
906 756 1037 809 dubie,
1067 772 1150 800 cum
1178 756 1253 800 hoc
1282 757 1399 800 ferret
1425 754 1474 799 de
1494 754 1670 798 Cedreno

187 827 360 871 iudicium
371 862 381 879 ‚
418 827 468 871 ad
490 840 537 869 ea
554 826 721 883 respexit
740 825 943 883 praecipue
960 841 1058 884 quac
1075 826 1225 869 aliunde
1251 840 1360 883 quam
1377 838 1428 867 ex
1449 839 1498 867 eo
1517 834 1579 868 aut
1596 825 1671 867 Zo-

184 912 279 941 nara
298 896 420 954 repeti
447 895 642 938 commode
672 909 747 937 non
773 903 938 953 possunt.
996 910 1082 937 nam
1110 896 1182 939 duo
1212 895 1360 954 priores
1390 893 1564 938 Zonarae
1582 895 1673 938 tomi

186 966 305 1024 longe
326 965 466 1022 alioqui
485 972 566 1006 sunt
585 963 763 1007 meliores
782 979 828 1007 ac
845 963 960 1006 laude
979 963 1173 1022 digniores
1193 980 1301 1023 quam
1320 979 1368 1007 ea
1393 978 1490 1021 quae
1509 962 1558 1006 ad
1577 964 1671 1006 Con-

188 1034 381 1077 stantinum
402 1048 516 1091 usque
530 1034 710 1092 Magnum
729 1042 858 1077 noster
875 1033 1044 1092 collegit.
1103 1042 1141 1078 et
1159 1043 1283 1077 tamen
1303 1033 1341 1076 in
1359 1032 1464 1076 hisce
1484 1034 1575 1090 ipsis
1594 1041 1675 1076 sunt

187 1103 366 1147 nonnulla
398 1117 506 1159 quae.
528 1103 680 1161 cognitu
714 1103 831 1161 digna
856 1110 968 1160 atque
993 1102 1096 1146 utilia
1124 1110 1251 1144 tamen
1278 1116 1399 1159 neque
1428 1103 1526 1160 apud
1551 1102 1673 1144 Zona-

186 1187 266 1214 ram
299 1179 493 1214 occurrant
525 1187 649 1229 neque
677 1172 770 1214 alibi
798 1171 869 1214 sint
895 1171 995 1215 adeo
1019 1171 1145 1215 obvia.
1204 1170 1395 1215 enimvero
1430 1172 1469 1214 id
1489 1171 1676 1213 affirmare

186 1241 303 1284 ausim
316 1276 326 1292 ‚
374 1255 423 1284 ex
442 1241 517 1284 hoc
536 1250 664 1284 nostro
684 1241 867 1299 scriptore
887 1241 936 1283 ab
955 1240 1107 1284 homine
1129 1239 1308 1283 industrio
1336 1239 1449 1283 multa
1475 1253 1589 1297 posse
1608 1240 1672 1281 de-

187 1310 279 1353 sumi
308 1310 438 1368 quibus
458 1310 631 1352 Zonarae
650 1309 824 1368 Procopii
843 1309 1002 1352 Diaconi
1038 1309 1268 1365 aliorumque
1288 1309 1328 1351 id
1365 1323 1485 1366 genus
1518 1308 1673 1366 scripto·

187 1395 287 1430 rum,
323 1377 571 1422 recentiorum
590 1392 755 1434 quoque,
792 1387 830 1421 ut
849 1378 1064 1436 Cuspiniani
1081 1376 1234 1435 Egnatii
1253 1375 1441 1426 Panvinii,
1477 1375 1675 1433 imperato·

183 1463 247 1491 res
267 1455 304 1489 et
323 1447 504 1489 historiae
522 1445 656 1503 partim
677 1445 817 1504 corrigi
837 1447 970 1503 partim
991 1445 1164 1489 illustrari
1186 1460 1231 1487 ac
1250 1444 1362 1502 poliri
1381 1444 1536 1501 possint.
1579 1460 1676 1501 quae

183 1516 321 1560 utilitas
340 1515 403 1558 vel
424 1515 505 1557 sola
525 1515 604 1557 eius
633 1514 834 1556 editionem
863 1515 1033 1573 apprime
1062 1515 1161 1573 apud
1180 1529 1322 1572 aequos
1349 1512 1512 1556 lectores
1531 1515 1673 1572 gratio·

181 1602 262 1629 sam
282 1586 411 1628 facere
432 1584 558 1626 debet.
618 1598 740 1640 neque
761 1599 856 1626 nunc
874 1599 1081 1641 proponam
1102 1583 1295 1641 exempla:
1331 1582 1478 1625 tametsi
1497 1583 1595 1626 enim
1617 1583 1676 1627 rei

181 1664 330 1715 gustum
359 1653 521 1710 aliquem
550 1652 808 1695 annotationes
833 1662 984 1697 nostrae
1016 1653 1269 1710 praebebunt,
1299 1659 1424 1695 tamen
1448 1651 1549 1694 malo
1577 1652 1677 1695 haec

181 1724 313 1767 solerti
347 1721 480 1766 lectori
517 1721 755 1765 observanda
794 1721 1011 1780 relinquere
1044 1737 1154 1780 quam
1188 1721 1233 1764 iis
1261 1721 1593 1765 commemorandis
1613 1737 1676 1765 me

182 1795 339 1838 iactare.
398 1792 553 1835 addatur
574 1799 612 1834 et
633 1791 727 1835 hoc:
760 1806 842 1833 cum
858 1805 986 1834 eorum
1007 1807 1103 1849 quae
1123 1799 1204 1850 sunt
1223 1790 1325 1834 circa
1342 1790 1558 1849 Byzantium
1581 1799 1618 1834 et
1637 1791 1675 1833 in

183 1865 267 1922 ipsa
277 1862 371 1906 urbe
391 1861 571 1911 locorum,
593 1868 668 1903 tum
687 1860 842 1904 aliarum
860 1861 1053 1904 multarum
1072 1861 1214 1905 urbium
1223 1861 1408 1903 fluminum
1427 1859 1676 1917 montiumque

183 1932 352 1976 notitiam
371 1929 563 1989 permultis
592 1929 700 1972 huius
717 1930 908 1988 scriptoris
926 1931 1020 1974 locis
1039 1946 1152 1990 posse
1183 1929 1363 1987 explicari
1389 1936 1497 1986 atque
1517 1928 1673 1972 illustra-

184 2002 240 2052 ri;
274 2010 312 2045 ut
338 2015 476 2058 magno
497 2013 621 2042 rerum
652 2000 994 2058 geographicarum
1031 2001 1259 2044 incremento
1292 2007 1331 2042 et
1361 1997 1585 2056 antiquitatis
1612 2013 1673 2042 re-

185 2071 369 2115 colendae
388 2069 599 2112 adiumento
631 2069 870 2128 diligentibus
891 2070 938 2113 sit
964 2070 1115 2114 futurus.

299 2139 439 2183 Verum
469 2139 519 2182 de
546 2138 722 2183 Cedreno
749 2139 861 2190 satis,
894 2148 955 2182 aut
984 2140 1146 2183 fortasse
1165 2138 1337 2183 nimium:
1372 2137 1542 2195 legatur,
1573 2135 1674 2194 ipsus

185 2225 230 2254 se
249 2208 448 2267 probabit,
483 2216 524 2251 et
544 2209 715 2252 ostendet
732 2207 912 2252 vendibili
931 2208 1018 2253 vino
1036 2225 1111 2253 non
1129 2224 1222 2267 opus
1242 2222 1327 2251 esse
1345 2207 1503 2250 hedera.
1562 2206 1677 2248 venio

186 2294 282 2321 nunc
317 2279 366 2321 ad
400 2292 523 2320 meam
543 2292 721 2335 operam,
750 2293 826 2322 non
853 2278 1027 2336 profecto
1054 2288 1092 2323 ut
1119 2293 1205 2322 eam
1231 2277 1295 2320 vel
1325 2276 1459 2318 iactem
1480 2275 1543 2318 vel
1563 2274 1675 2317 etiam

186 2346 373 2406 ἆκκισμῷ
397 2354 617 2398 extenuem,
648 2362 803 2406 quorum
821 2355 990 2391 neutrum
1017 2362 1094 2406 ego
1116 2347 1270 2406 ingenui
1297 2344 1458 2389 hominis
1490 2344 1674 2392 arbitron

184 2431 307 2472 neque
339 2415 450 2457 ctiam
479 2423 516 2458 ut
548 2416 611 2473 qui
638 2417 775 2460 vestris
802 2425 840 2461 et
872 2417 1030 2462 aliorum
1057 2417 1240 2461 bonorum
1269 2418 1437 2470 (ceteros
1460 2413 1559 2456 enim
1581 2411 1676 2453 nihil

185 2484 332 2537 moror)
356 2483 499 2526 iudiciis
526 2484 714 2537 diffidam,
745 2485 906 2544 ideoque
933 2502 1082 2530 causam
1111 2485 1204 2529 mihi
1225 2484 1418 2527 dicendam
1443 2479 1674 2539 putaverim:

184 2554 254 2596 sed
273 2552 392 2610 quod,
428 2568 510 2595 cum
531 2554 614 2611 ipse
633 2554 672 2599 in
691 2556 766 2598 hoc
783 2572 903 2613 opere
923 2556 1038 2599 falsus
1059 2556 1195 2599 alicubi
1219 2555 1300 2605 sim,
1334 2552 1448 2596 nolim
1465 2550 1561 2592 alios
1583 2564 1673 2606 quo-

184 2635 259 2677 que
293 2636 436 2664 errare.
496 2623 619 2679 primo
645 2625 806 2670 omnium
838 2641 889 2669 ne
915 2634 1068 2670 conatus
1086 2625 1235 2682 quidem
1253 2638 1331 2665 sum
1349 2621 1388 2663 id
1409 2618 1607 2675 consequi,
1638 2626 1677 2660 ut

185 2691 362 2734 Zonarae
388 2691 548 2733 Nicetae
582 2708 627 2735 ac
655 2695 858 2753 Gregorae
889 2695 1098 2739 facundiam
1129 2692 1298 2736 Latinam
1331 2704 1463 2747 parem
1497 2687 1673 2731 Cedreno

184 2759 437 2803 conciliarem.
497 2776 583 2805 nam
602 2764 722 2820 probe
740 2765 834 2808 mihi
854 2779 964 2809 meae
983 2763 1150 2808 conscius
1169 2759 1366 2810 tenuitatis,
1395 2756 1543 2800 nemine
1560 2756 1670 2798 etiam

185 2838 361 2874 monente
392 2828 580 2875 habebam
601 2833 831 2892 exploratum
857 2850 920 2880 me
947 2835 1072 2882 moliri
1097 2833 1173 2878 hoc
1189 2846 1265 2876 non
1291 2827 1434 2874 debere
1464 2826 1566 2885 quod
1594 2825 1674 2869 ele-
