1742 3184
200 181 301 228 382
678 181 921 227 GEORGII
952 182 1200 227 CEDRENI

54 300 84 335 P
107 300 176 337 218
198 313 329 355 πρησε
359 297 426 340 καὶ
454 293 630 356 ἠφάνισε
641 329 655 351 ,
691 296 835 348 καθὼς
863 295 1039 355 εἴρηται,
1075 299 1142 341 καὶ
1161 297 1231 341 τὸν
1251 298 1350 342 ναὸν
1366 297 1555 356 ἐνέπρησε
1571 301 1676 343 κατὰ

196 368 272 423 τὴν
300 370 375 409 τοῦ
404 368 547 425 κυρίου
575 366 883 423 προαγόρευσιν.
954 365 1144 410 εἰπόντων
1163 367 1242 426 γὰρ
1263 373 1344 412 τῶν
1364 373 1568 425 μαθητῶν
1584 371 1674 427 περὶ

196 441 272 481 τοῦ
305 436 415 494 ἷεροῦ
448 436 510 479 ὅτι
544 438 680 487 λίθοις
714 439 853 487 καλοῖς
889 437 957 478 καὶ
996 436 1238 492 ἀναθήμασι
1276 437 1546 494 κεκόσμηται,
1596 437 1674 497 ἔφη
1712 494 1719 499 ⁸

190 504 352 550 κταῦτα
381 504 514 549 πάντα
545 505 572 547 ἃ
604 510 817 563 θεωρεῖτε,
853 503 1082 548 ἐλεύσονται
1100 504 1247 563 ἡμέραι
1268 509 1312 550 ἓν
1331 505 1397 558 αἷς
1417 507 1491 550 οὔκ
1512 507 1676 565 ἀφεθή-

195 592 310 619 σεται
330 577 449 626 λίθος
468 576 531 617 ἐπὶ
550 576 694 627 λίθον,
730 574 775 626 ὃς
800 575 847 618 οὗ
873 573 1219 631 καταλυθήσεται.
1288 575 1386 619 ὅταν
1403 577 1450 620 δὲ
1469 576 1579 632 ἴδητε
1601 595 1674 619 κυ-
1687 587 1709 622 5

194 646 418 701 κλουμένην
445 644 519 700 τὴν
543 641 809 701 Ἰερουσαλὴμ
824 642 903 686 ὕπὸ
923 646 1229 701 στρατοπέδων,
1264 643 1356 689 τότε
1376 651 1499 702 γνῶτε
1521 645 1582 690 ὅτι
1599 645 1674 703 ἤγ-

179 728 302 771 ’γικεν
331 713 358 770 ἦ
391 712 595 771 ἐρήμωσις
630 715 769 769 αὐτῆς.
841 714 933 756 οὐαὶ
964 715 1010 756 δὲ
1037 721 1126 765 ταῖς
1153 716 1194 758 ἓν
1221 717 1367 773 γαστρὶ
1393 713 1582 770 ἐχούσαις
1607 718 1674 758 καὶ

192 791 284 835 ταῖς
313 782 597 839 θηλαζούσαις
630 784 671 826 ἓν
703 784 870 834 ἐκείναις
902 790 992 834 ταῖς
1020 782 1204 841 ἡμέραις.
1272 783 1385 828 ἔσται
1411 779 1490 842 γὰρ
1520 785 1672 841 ἀνάγκη

191 851 347 910 μεγάλη
372 854 439 896 καὶ
460 852 560 910 ὀργὴ
582 858 640 911 τῷ
661 857 749 911 λαῷ
771 851 927 911 τούτῳ,
960 855 1027 895 καὶ
1060 858 1276 897 πεσοῦνται
1309 855 1351 896 ἐν
1376 852 1547 909 στόματι
1570 854 1670 912 ῥομ-

139 930 170 967 Β
196 924 346 982 φαίας,
382 924 449 965 καὶ
471 921 930 979 αἲχμαλωτισθήσονται
953 925 1009 973 εἲς
1028 921 1161 966 πάντα
1182 922 1234 966 τὰ
1253 922 1369 980 ἔθνη.
1439 925 1506 966 καὶ
1520 922 1668 981 Ἱερου-
1686 934 1730 969 10

180 992 332 1048 σαλὴμ
369 991 482 1036 ἔσται
519 992 751 1048 πατουμένη
786 990 865 1035 ὑπὸ
905 993 1062 1045 ἐθνῶν,
1110 991 1205 1050 ἄχρι
1244 996 1501 1050 πληρωθῶσι
1539 996 1674 1050 καιροὶ

189 1062 338 1106 ἐθνῶν.
407 1063 475 1104 καὶ
508 1060 620 1105 ἔσται
648 1066 799 1118 θλΐψις
831 1059 999 1118 τοιαύτη
1030 1064 1097 1104 οἵα
1124 1062 1172 1104 οὗ
1198 1062 1331 1118 γέγονε
1355 1060 1516 1106 πώποτε
1525 1095 1539 1116 ,
1576 1063 1670 1106 οὐδ’

190 1131 237 1175 οἰ
271 1132 329 1187 μὴ
361 1129 519 1175 ἴσται.”
590 1136 720 1175 ταῦτα
750 1132 795 1174 δὲ
822 1129 956 1174 πάντα
983 1129 1237 1174 πεπόνθασιν
1256 1132 1294 1174 οἱ
1314 1132 1457 1188 ἐχθροὶ
1475 1137 1549 1187 τῆς
1568 1134 1673 1188 ζωῆς

190 1200 325 1244 αὐτῶν
347 1201 562 1253 Ἰουδαῖοι,
598 1201 878 1258 κυριευθέντες
902 1198 982 1243 ὕπὸ
1007 1205 1088 1244 τῶν
1102 1198 1335 1255 Ῥωμαίων,
1372 1198 1428 1251 ὥς
1449 1200 1672 1256 ἀπωσάμε-

188 1288 251 1314 νοι
272 1271 458 1328 Χριστὸν
478 1269 549 1313 τὸν
567 1271 741 1325 βασιλέα
760 1275 832 1313 τοῦ
856 1269 1008 1321 παντὸς
1031 1272 1098 1313 καὶ
1122 1270 1196 1325 τὴν
1215 1275 1297 1313 τῶν
1313 1268 1524 1325 Ῥωμαίων
1544 1275 1669 1326 βασι-
1683 1275 1727 1312 15

187 1341 299 1383 λείαν
333 1342 542 1394 δυσσεβῶς
573 1339 893 1394 ἐπισπασάμενοι
903 1372 917 1392 ,
953 1337 1167 1396 κράζοντες
1188 1337 1295 1382 ς(οὐκ
1324 1338 1466 1395 ἔχομεν
1495 1340 1672 1395 βασιλέα

188 1411 224 1453 εἴ
255 1410 314 1466 μὴ
349 1409 576 1467 Καίσαρα”
614 1412 682 1452 καὶ
709 1407 787 1453 εἰτὸ
824 1407 928 1464 αἷμα
959 1411 1147 1467 Χριστοῦ
1177 1408 1249 1466 ἐφ’
1278 1406 1389 1464 ἡμᾶς
1419 1410 1487 1452 καὶ
1522 1411 1586 1452 ἐπὶ
1618 1409 1672 1452 τὰ

182 1480 309 1522 τέκνα
342 1477 504 1535 ἦμῶν.”
579 1479 642 1521 διὸ
677 1481 746 1522 καὶ
776 1479 896 1537 μέχρι
928 1483 1001 1534 τῆς
1032 1479 1261 1529 συντελείας
1289 1478 1364 1533 τὴν
1397 1479 1455 1529 εἷς
1483 1478 1536 1521 τὰ
1567 1477 1669 1534 ἔθνη

185 1547 319 1592 πάντα
339 1548 569 1605 διασπορὰν
587 1550 655 1591 καὶ
674 1549 954 1606 ταλαιπωρίαν
972 1548 1130 1599 ἕξουσιν
1148 1547 1282 1590 αὐτῶν
1298 1546 1350 1590 τὰ
1367 1547 1500 1605 τέκνα,
1530 1546 1670 1590 καθά-

131 1627 163 1663 C
186 1635 261 1676 περ
281 1619 385 1669 τινὲς
405 1618 602 1674 δραπέται
621 1619 857 1674 μαστιγίαι,
890 1618 1018 1673 μηδὲν
1036 1620 1116 1660 τῶν
1134 1617 1317 1670 νομίμων
1334 1616 1525 1659 ἐπιτελεῖν
1544 1614 1663 1660 δυνά·
1680 1625 1726 1660 20

185 1704 315 1743 μενοι.
382 1684 621 1744 ὑποφόρους
653 1686 733 1744 γὰρ
768 1686 924 1741 ἔχοντες
952 1685 1101 1736 αὖτοὺς
1126 1683 1319 1740 Ῥωμαῖοι
1352 1686 1426 1728 οὐκ
1457 1686 1553 1729 ε’ῶσι
1584 1693 1670 1738 τοῖς

144 1758 147 1760 ’
184 1758 305 1807 ῗδίοις
335 1759 565 1812 κεχρῆσθαι
595 1753 887 1809 δικαιώμασιν,
922 1753 1137 1811 ἐπειδήπερ
1168 1753 1360 1805 ἑκουσίως
1388 1753 1668 1799 ἐπεσπάσαντο

181 1825 260 1881 ’τὴν
288 1826 498 1877 δουλείαν,
536 1823 712 1876 εἰπόντες
731 1822 838 1867 “ofin
862 1824 1004 1880 ἔχομεν
1020 1824 1194 1879 βασιλέα
1217 1826 1251 1866 εἴ
1265 1824 1324 1879 μὴ
1345 1824 1570 1881 Καίσαρα»
1599 1826 1673 1868 καί

179 1892 283 1939 ι(ἐὰν
301 1894 360 1950 μὴ
382 1894 678 1949 ἀποκτείνωμεν
692 1893 763 1937 τὸν
781 1892 979 1952 Χριστόν,
1013 1892 1160 1945 πάντες
1179 1895 1234 1945 εἷς
1253 1893 1376 1936 αὐτὸν
1393 1891 1667 1947 πιστεύσουσι,

185 2003 428 2051 praedixerat.
477 2014 555 2038 cum
579 1988 671 2038 enim
695 2001 730 2037 ei
752 2000 917 2048 discipuli
941 2001 1099 2036 dicerent
1122 2000 1286 2048 templum
1309 2000 1466 2048 pulchris
1489 2001 1668 2047 lapidibus

186 2056 223 2086 et
248 2050 404 2085 donariis
435 2061 515 2085 esse
549 2054 773 2093 exornatum,
810 2047 901 2083 dixit
925 2048 1070 2091 (Matth.
1090 2047 1137 2082 24
1161 2053 1196 2082 et
1218 2048 1307 2082 Luc.
1327 2049 1390 2092 21)
1414 2043 1576 2094 “tempus
1598 2049 1668 2085 erit

184 2108 263 2132 cum
285 2098 330 2132 de
354 2097 424 2131 hoc·
444 2096 539 2142 quod
563 2095 695 2131 videtis
721 2094 849 2140 templo
863 2121 873 2139 ,
908 2106 978 2128 non
1002 2094 1181 2141 supererit
1202 2093 1292 2140 lapis
1321 2093 1426 2129 altari
1447 2094 1560 2140 lapidi
1583 2095 1666 2130 iun-

185 2149 276 2179 ctus.
325 2155 401 2178 cum
427 2149 543 2178 autem
567 2143 661 2188 cingi
685 2141 899 2176 exercitibus
924 2140 1172 2185 Hierosolyma
1195 2140 1386 2186 videbitis,
1421 2144 1494 2175 tum
1527 2141 1667 2186 cogita-

182 2195 260 2225 tote
284 2189 480 2237 appetiisse
504 2190 579 2224 eius
605 2188 792 2224 excidium.
841 2199 907 2222 vae
939 2192 1053 2222 autem
1086 2187 1361 2233 praegnantibus
1390 2191 1427 2221 et
1452 2187 1666 2224 lactantibus

182 2236 254 2271 isto
279 2241 452 2283 tempore.
499 2248 659 2281 magnam
684 2236 775 2270 enim
796 2234 851 2268 ira
874 2234 933 2268 dei
957 2234 1250 2268 necessitudinem
1275 2233 1357 2268 huic
1380 2233 1511 2280 populo
1534 2234 1666 2269 immit-

183 2287 259 2325 tet3
296 2288 332 2318 et
356 2283 483 2318 cadent
503 2283 580 2317 acie
603 2282 712 2326 ferri,
748 2293 790 2316 ac
810 2280 944 2326 captivi
962 2281 1179 2315 abducentur
1201 2281 1245 2315 ad
1267 2291 1386 2314 omnes
1408 2286 1552 2325 gentes,
1579 2292 1666 2316 con-

184 2329 450 2375 culcabiturque
473 2328 721 2374 Hierosolyma
745 2339 766 2362 a
789 2326 968 2370 barbaris,
993 2328 1105 2361 donec
1127 2331 1266 2372 tempu‘s
1286 2325 1442 2372 gentium
1465 2326 1665 2372 impleatur.

183 2380 355 2422 tantaque
377 2376 447 2410 erit
466 2375 644 2410 calamitas
663 2379 794 2421 quanta
813 2385 928 2419 neque
948 2373 1046 2418 prius
1066 2373 1204 2408 exstitit
1221 2384 1335 2418 neque
1353 2378 1480 2418 postea
1499 2371 1666 2408 existet.”

183 2421 273 2456 haec
299 2422 415 2457 omnia
443 2423 606 2469 perpessi
624 2426 706 2456 sunt
724 2421 844 2455 hostes
866 2431 952 2454 suae
976 2420 1132 2465 ipsorum
1154 2420 1251 2454 vitae
1277 2418 1420 2464 Iudaei,
1453 2431 1475 2454 a
1498 2420 1667 2455 Romanis

183 2468 222 2503 in
244 2469 450 2504 servitutem
476 2469 568 2515 acti,
594 2469 688 2515 quod
713 2478 831 2512 regem
854 2466 1015 2501 universi
1035 2466 1213 2501 Christum
1230 2469 1462 2511 respuerant,
1486 2466 1665 2501 Romano-

185 2525 255 2559 que
278 2515 427 2562 imperio
451 2515 559 2562 impie
584 2527 663 2550 sese
686 2514 910 2549 subiecerant
934 2512 1112 2547 clamando
1140 2512 1288 2557 (Matth.
1307 2513 1370 2555 27)
1394 2507 1537 2557 “regem
1557 2525 1663 2559 prae—

183 2565 241 2595 ter
263 2561 455 2596 Caesarem
478 2562 609 2597 nullum
633 2555 835 2604 habemus‚’'
871 2560 956 2594 item
988 2556 1155 2604 “sanguis
1179 2558 1314 2593 Christi
1337 2558 1441 2592 nobis
1463 2560 1666 2605 nostrisque

182 2606 376 2652 imputetur
408 2605 567 2644 liberis?
614 2607 734 2654 itaque
768 2605 873 2641 etiam
899 2606 944 2640 ad
969 2611 1159 2640 extremum
1190 2616 1302 2650 usque
1328 2605 1520 2650 posteritas
1544 2618 1666 2641 eorum

183 2664 249 2697 per
274 2654 434 2689 nationes
459 2655 683 2701 dispergetur
708 2659 744 2688 et
767 2653 970 2697 affligetur,
1002 2652 1115 2687 instar
1137 2651 1368 2696 fugitivorum
1392 2656 1429 2686 et
1451 2652 1545 2687 notis
1569 2663 1666 2686 com-

182 2704 391 2743 punctorum
418 2712 624 2746 servorum,
656 2699 812 2746 nihilque
844 2699 1033 2733 secundum
1066 2698 1178 2743 legem
1210 2708 1317 2743 agere
1346 2697 1395 2732 iis
1425 2698 1664 2744 permittetur.

184 2744 335 2778 Romani
367 2746 458 2781 enim
489 2760 565 2783 cum
596 2759 658 2782 eos
690 2748 844 2781 habeant
877 2745 1151 2790 stipendiarios,
1187 2755 1256 2778 non
1280 2743 1402 2778 sinunt
1434 2745 1587 2791 propriis
1611 2745 1665 2779 uti

184 2789 343 2835 legibus,
379 2792 459 2827 ideo
484 2795 568 2839 quia
590 2794 682 2829 ultro
706 2794 752 2828 iis
777 2804 816 2827 se
837 2791 874 2825 in
898 2792 1105 2827 servitutem
1131 2790 1361 2834 addixerant,
1389 2801 1467 2825 cum
1488 2791 1662 2825 vocifera-

185 2841 310 2870 rentur
337 2848 376 2870 se
403 2850 474 2872 non
503 2840 607 2875 alium
634 2841 767 2876 habere
798 2849 918 2884 regem
950 2849 1053 2883 quam
1086 2838 1290 2872 Caesarem.
1338 2836 1422 2871 item
1457 2838 1574 2881 (ioan.
1602 2838 1665 2881 11)

183 2879 278 2917 “nisi
301 2883 480 2920 Christum
503 2887 724 2934 occidamus,
757 2897 878 2922 omnes
898 2884 933 2921 ei
956 2885 1060 2921 fidem
1083 2883 1320 2929 adhibebunt,
1353 2883 1567 2930 venientque
1588 2884 1662 2919 Ro·
