1742 3184
376 199 776 246 HISTORIARUM
811 200 1207 249 COMPENDIUM.
1425 206 1524 255 351

54 315 174 366 θείας
198 314 403 367 ἐπιπνοίας
423 317 490 358 καὶ
507 312 698 373 χάριτος,
727 314 1029 376 ἀκαταπαύστῳ
1051 317 1197 375 μελέτῃ
1215 324 1437 377 προφητῶν
1458 323 1527 364 καὶ

55 387 207 427 λοιπῶν
231 385 349 442 ἱερῶν
367 386 513 441 λογίων
532 387 599 428 καὶ
621 389 827 443 προσευχῇ
847 379 1291 445 ἐμπαιδοτριβούμενοι.

194 451 363 509 Ταύτην
385 449 457 497 οὖν
480 451 502 497 ὅ
519 453 724 509 Ἰώσηπος
744 453 880 512 ἄκρως
898 454 1083 512 ἀσκήσας
1099 457 1174 511 τὴν
1194 458 1442 515 φιλοσοφίαν
1462 459 1526 501 ἐπὶ
1551 472 1581 507 Ρ
1603 473 1673 508 200

53 523 202 577 μείζονι
233 522 476 580 προκόπτειν
511 522 713 566 ἔσπευσεν.
781 523 961 576 ἀκούσας
1001 523 1081 584 γάρ
1122 544 1214 570 τινα
1253 526 1530 585 διαφερόντως

21 602 43 638 5
55 591 261 635 ἀσκοῦντα
280 592 386 635 κατὰ
406 591 480 647 τὴν
498 591 649 649 ἔρημον
663 592 817 647 Ἀββᾶν
840 593 1134 650 ὀνομαζόμενον
1141 628 1156 648 ,
1190 597 1336 652 ἐσθῆτι
1354 597 1428 652 μὲν
1447 597 1527 640 ἀπὸ

54 661 232 718 δένδρων
258 659 561 716 καλυπτόμενον
592 667 727 719 τροφῇ
758 663 802 704 δὲ
833 662 1075 718 αὐτομάτως
1101 667 1284 723 φυομένῃ
1299 665 1528 722 χρώμενον,

52 732 120 773 καὶ
148 730 223 786 τὴν
250 729 380 788 ι’ίκραν
407 730 578 787 ἄσκησιν
609 730 737 774 αὐτοῦ
760 730 943 787 ζηλώσας
963 733 1068 791 πρὸς
1088 734 1212 777 αὐτὸν
1233 735 1400 792 ἄφίκετο
1412 767 1426 788 ,
1460 738 1530 778 καὶ

51 806 157 856 τρεῖς
185 799 288 857 παρ’
321 799 432 857 αὐτῷ
463 798 638 855 ποιήσας
669 801 878 852 ἐνιαυτοὺς
902 805 959 852 εἰς
981 802 1056 859 τὴν
1072 801 1190 846 πόλιν
1207 802 1437 863 ὑπέστρεψε
1459 807 1530 848 καὶ

51 873 102 926 τῇ
120 872 201 912 τῶν
223 870 464 927 Φαρισαίων
481 867 730 912 ἐπολιτεύετο
752 869 1001 929 δικαιοσύνῃ.

0 944 44 979 10
182 935 233 981 ‘O
260 938 307 980 δέ
330 955 376 995 γε
405 939 565 991 Φίλων,
601 937 657 989 ὡς
680 939 834 996 εἴρηται
842 973 856 992 ,
891 942 981 998 περὶ
1003 945 1084 983 τῶν
1105 940 1147 992 ἐξ
1162 938 1366 998 Ἑβραίων
1383 940 1531 997 ἡμετέ-

53 1023 136 1064 ρων
157 1005 344 1063 ἆσκητῶν
362 1008 649 1065 ἅναφανέντων
666 1009 866 1064 με’μνηται
886 1014 1032 1068 σαφῶς
1052 1011 1094 1052 ἓν
1115 1014 1174 1068 τῷ
1192 1009 1299 1069 λόγῳ
1319 1012 1361 1054 ἓν
1382 1004 1417 1070 ᾧ
1436 1012 1529 1055 ἕπε’-

51 1088 188 1134 γραψε
209 1078 300 1133 περὶ
318 1080 576 1135 θεωρητικοῦ
593 1079 701 1132 βίου.
761 1079 834 1130 οὓς
853 1079 1110 1135 θεραπευτὰς
1129 1081 1196 1122 καὶ
1215 1080 1290 1131 τὰς
1307 1077 1529 1136 ὁμοιοσχή-

51 1163 156 1200 μους
172 1147 240 1188 καὶ
257 1144 513 1204 ὁμοτρόπους
528 1154 721 1203 γυναῖκας
741 1147 1039 1205 θεραπεύτιδας
1056 1147 1254 1202 ὠνόμασε.
1307 1151 1375 1191 καὶ
1394 1153 1525 1208 θερα-
1547 1161 1579 1198 Β

51 1217 195 1257 πευταὶ
214 1216 311 1271 με’ν,
338 1217 485 1273 φησίν,
515 1217 722 1271 ε’κέκληντο
742 1216 768 1272 ἢ
788 1218 901 1275 παρὰ
919 1218 965 1261 τὸ
983 1218 1058 1268 τὰς
1076 1218 1217 1273 ψυχὰς
1233 1223 1315 1260 τῶν
1335 1218 1529 1276 προσιόν-

0 1292 41 1328 15
52 1300 133 1327 των
154 1284 292 1335 αὗτοῖς
310 1285 391 1328 ἀπὸ
409 1287 551 1336 κακίας
565 1290 713 1328 παθῶν
734 1289 885 1344 ἰατρῶν
907 1289 1022 1342 δίκην
1043 1285 1376 1338 ἀπαλλάττοντας
1394 1292 1528 1345 θερα-

51 1352 207 1406 πεύειν,
240 1353 266 1408 ἢ
295 1358 368 1409 τῆς
395 1356 486 1412 περὶ
515 1354 563 1398 τὸ
593 1359 708 1397 θεῖον
736 1360 929 1414 καθαρᾶς
955 1359 1022 1399 καὶ
1047 1358 1285 1413 εἰλικρινοῦς
1302 1358 1529 1414 θεραπείας

52 1424 118 1464 καὶ
145 1425 369 1479 θρησκείας
395 1424 521 1466 ἕνεκα.
592 1422 676 1467 εἶτα
702 1426 823 1482 φησί·
859 1429 1001 1483 πρῶτα
1023 1426 1098 1480 μὲν
1119 1425 1335 1483 ἀρχόμενοι
1357 1430 1531 1483 φιλοσο-

53 1498 143 1548 φεῖν
174 1493 399 1542 ἐξίστανται
433 1497 514 1536 τῶν
547 1492 833 1550 προσηκόντων
863 1496 932 1537 καὶ
963 1499 1045 1537 τῶν
1074 1493 1363 1552 ὖπαρχόντων,
1397 1495 1534 1538 ἔπειτα

52 1561 97 1603 δὲ
118 1560 271 1611 πάσαις
297 1560 602 1616 ἄπο-ταξάμενοι
631 1569 721 1613 ταῖς
751 1568 826 1606 τοῦ
851 1565 945 1618 βίον
976 1565 1162 1621 φροντίσι
1190 1566 1259 1607 καὶ
1287 1563 1366 1616 ἔξω
1391 1569 1535 1619 τειχῶν

0 1628 323 1687 Ξοπροελθόντες
361 1631 403 1674 ἔν
443 1630 665 1689 μονάγροις
697 1634 765 1674 καὶ
797 1631 942 1688 κήποις
970 1635 1038 1676 καὶ
1070 1632 1180 1688 ὄρεσι
1210 1633 1285 1684 τὰς
1318 1634 1535 1690 διατριβὰς

51 1703 283 1761 ποιοῦνται,
317 1700 395 1751 τὰς
417 1700 461 1743 ἔκ
486 1705 567 1744 τῶν
589 1701 768 1756 ἀνομιῶν
787 1703 987 1756 ἐπιμιξίας
1010 1702 1256 1753 ἄλυσιτελεῖς
1275 1719 1318 1745 τε
1337 1705 1405 1745 καὶ
1426 1706 1534 1757 βλα-

51 1769 180 1827 βερὰς
202 1767 375 1822 εἰδότες,
409 1770 481 1814 τὸν
502 1771 756 1829 προφητικὸν
779 1773 944 1827 ζηλοῦσι
966 1773 1035 1814 καὶ
1058 1771 1228 1815 ἀσκοῦσι
1248 1772 1355 1826 βίον.
1426 1770 1533 1816 οὕτω

145 1900 191 1936 14
211 1899 296 1945 περὶ
318 1898 362 1937 τὸ
387 1899 515 1946 ψυχὰς
535 1902 564 1937 Ρ

47 2014 166 2050 studio
196 2019 316 2052 vatum
348 2016 490 2051 oracula
518 2020 556 2051 et
587 2016 759 2062 reliquum
784 2029 963 2054 sacrarum
985 2017 1168 2053 literarum
1189 2017 1391 2054 lectitantes
1413 2018 1534 2064 preci-

48 2063 186 2108 busque
209 2063 452 2097 incumbentes
473 2062 525 2098 ita
549 2063 769 2099 erudiuntur.

142 2109 186 2143 In
217 2108 286 2143 hoc
319 2109 436 2143 studio
472 2120 549 2144 cum
583 2110 755 2155 Iosephus
788 2111 834 2146 ad
864 2121 1029 2145 summam
1060 2110 1314 2155 perfectionem
1340 2115 1533 2156 provectus

47 2153 202 2190 maiores
225 2154 340 2190 adhuc
362 2155 482 2189 facere
505 2167 714 2201 progressus
736 2162 905 2203 cuperet,
941 2157 1060 2191 audito
1085 2157 1258 2202 quendam
1281 2157 1320 2190 in
1342 2157 1533 2191 solitudine

48 2201 158 2236 vitam
182 2200 335 2246 degere,
360 2201 495 2236 Abbam
519 2202 678 2246 nomine,
703 2203 760 2238 cui
782 2205 848 2238 sub
873 2203 1059 2238 arboribus
1081 2202 1248 2247 latibula,
1273 2203 1409 2248 vestis,
1431 2204 1533 2238 cibus

50 2259 155 2293 quem
178 2252 277 2282 terra
298 2247 391 2283 ultro
414 2248 602 2293 educeret,
627 2249 752 2284 ductus
776 2249 1009 2284 aemulatione
1036 2249 1111 2283 eius
1135 2255 1207 2284 tam
1225 2249 1408 2284 absolutae
1428 2261 1534 2284 exer-

51 2293 231 2329 citationis
255 2294 437 2340 adipsum
465 2306 505 2329 se
534 2295 699 2340 contulit,
739 2296 997 2341 trienniumque
1030 2307 1106 2330 cum
1139 2295 1279 2331 homine
1306 2302 1470 2332 versatus
1496 2296 1535 2331 in

50 2341 174 2376 urbem
194 2340 321 2385 rediit,
345 2341 687 2386 Pharisaeorumque
709 2342 835 2377 iustam
860 2343 968 2377 vitam
992 2341 1114 2376 coluit.
1508 2348 1519 2350 “

142 2387 310 2421 Ceterum
333 2387 436 2421 Philo
461 2388 506 2422 de
529 2388 695 2423 Ebraicis
719 2390 848 2424 nostris
874 2388 1004 2423 ascetis
1028 2387 1250 2433 perspicuam
1274 2387 1363 2423 facit
1384 2387 1534 2423 mentio-

50 2444 131 2467 nem
152 2432 191 2467 in
212 2432 304 2467 libro
330 2444 437 2477 quem
456 2434 501 2468 de
522 2433 599 2468 vita
621 2435 909 2480 contemplationi
932 2435 1052 2470 dedita
1074 2434 1272 2480 inscripsit.
1321 2445 1436 2469 mares
1455 2434 1534 2469 the-

49 2484 239 2523 rapeutas,
262 2479 411 2514 feminas
435 2479 556 2514 habitu
583 2485 620 2515 et
641 2481 796 2516 moribus
820 2486 958 2516 utentes
983 2482 1109 2516 iisdem
1131 2481 1398 2526 therapeutidas
1421 2481 1535 2516 nomi—

50 2530 136 2567 nat3
173 2524 282 2571 idque
311 2526 461 2560 nominis
489 2526 541 2560 eis
573 2526 625 2562 ait
653 2527 801 2563 inditum
829 2527 884 2563 vel
910 2528 1003 2573 quod
1033 2527 1168 2562 animas
1198 2538 1317 2562 eorum
1342 2526 1405 2572 qui
1426 2539 1467 2562 se
1490 2527 1536 2562 ad

49 2570 64 2604 i
178 2572 390 2616 conferunt,
424 2584 445 2607 a
475 2572 574 2607 vitiis
608 2573 818 2609 medicorum
850 2574 964 2609 instar
997 2580 1144 2618 sanant,
1176 2574 1271 2618 quod
1305 2574 1446 2608 Graece
1480 2578 1538 2608 est

49 2621 64 2652 t
90 2617 304 2664 erapeuein;
339 2619 397 2653 vel
420 2619 515 2664 quod
543 2620 609 2654 deo
634 2631 723 2665 pure
753 2626 861 2665 atque
889 2620 1028 2655 sincere
1061 2619 1207 2655 colendo
1239 2619 1417 2655 serviunt:
1454 2631 1536 2655 nam

48 2664 189 2698 servire
224 2664 331 2699 etiam
355 2676 419 2699 seu
444 2665 608 2700 famulum
642 2677 721 2700 esse
750 2667 925 2701 Graecum
959 2666 1167 2701 vocabulum
1199 2666 1391 2711 significat.
1437 2666 1538 2702 addit

51 2709 180 2744 deinde
203 2710 326 2745 Philo:
366 2711 405 2745 hi
429 2723 513 2756 ergo
539 2724 615 2746 cum
638 2713 785 2757 primum
810 2725 851 2748 se
875 2713 920 2748 ad
944 2713 1142 2757 sapientiae
1165 2713 1320 2748 studium
1343 2712 1535 2759 applicant,

50 2756 145 2791 bona
167 2768 231 2791 sua
255 2762 361 2802 atque
385 2758 630 2804 possessiones
651 2759 857 2803 resignant3
893 2759 1020 2793 deinde
1045 2759 1205 2794 omnibus
1229 2759 1327 2794 vitae
1349 2759 1443 2795 curis
1466 2771 1535 2794 va-

50 2800 127 2837 lere
158 2802 266 2838 iussis
296 2804 402 2839 urbes
434 2804 591 2850 egressi,
626 2803 664 2838 in
686 2805 856 2840 solitariis
880 2805 973 2839 villis
996 2805 1111 2841 hortis
1135 2810 1198 2841 aut
1222 2805 1398 2842 mutibus
1423 2805 1534 2841 vitam

50 2848 197 2893 degunt.
253 2849 387 2895 quippe
419 2850 708 2885 consuetudinem
742 2851 961 2896 peccantium
991 2852 1192 2888 damnosam
1226 2852 1380 2888 scientes
1411 2859 1533 2888 vatum

50 2894 247 2940 priscorum
283 2896 503 2933 aemulantur
533 2903 641 2943 atque
672 2897 854 2933 imitantur
884 2897 1007 2934 vitam.
1055 2899 1122 2935 hoc
1144 2910 1257 2945 genus
1278 2900 1454 2936 hominum
1477 2905 1533 2934 est
