1742 3184
178 157 278 206 364
656 158 897 204 GEORGII
931 158 1176 203 CEDRENI

171 274 369 330 Ῥωμαῖος
398 276 466 317 καὶ
495 272 708 334 πάνσοφος
734 271 930 329 μαθητὴς
959 273 1123 330 Πέτρου
1148 275 1215 317 καὶ
1238 272 1486 330 συνέκδημος
1510 271 1651 331 διηγή-

177 362 277 389 σατο
288 377 302 398 ,
338 344 415 402 ἀφ’
442 339 498 388 ὧν
519 345 634 401 ὀλίγα
653 341 899 397 συντάξομεν
920 343 1116 386 ἐνταῦθα.

318 440 407 478 Τοῦ
428 437 634 493 μακαρίου
655 434 820 491 Πέτρου
841 437 916 476 τοῦ
933 432 1161 476 ἀποστόλου
1187 430 1448 485 διδάσκοντος
1463 433 1534 477 τὸν
1552 433 1652 477 λαὸν

177 505 375 559 σέβεσθαι
397 507 463 547 καὶ
487 509 724 562 προσκυνεῖν
745 503 816 546 τὸν
840 503 904 545 ἐπὶ
924 502 1084 546 πάντων
1113 501 1237 557 μόνον
1264 503 1461 558 ἀληθινὸν
1479 502 1600 555 θεόν,
1627 501 1648 545 ὅ

177 575 318 629 Σίμων
340 574 416 625 ἔξω
438 578 511 617 τοῦ
532 573 652 629 ὄχλου
675 571 802 623 ἑστὼς
823 571 965 628 ε’βόησε
985 571 1058 615 “τί
1071 570 1324 634 ψευδόμενος
1340 572 1499 615 ἀπατᾶν
1519 573 1684 622 θέλειςό

178 644 249 687 τὸν
277 641 517 700 παρεστῶτά
549 659 613 685 σοι
646 641 812 697 ῗδιώτην
844 641 990 697 ὄχλον,
1024 643 1179 684 πείθων
1220 641 1368 692 αὐτοὺς
1399 642 1525 693 θεοὺς
1550 640 1652 697 μήτε

179 714 352 768 νομίζειν
370 711 471 767 μήτε
494 710 592 754 εἶναι
603 744 616 763 ,
652 713 793 768 καίπερ
818 715 899 755 τῶν
922 711 1024 769 παρ’
1041 710 1247 768 Ἑβραίοις
1267 712 1438 764 βιβλίων
1458 708 1654 767 λεγόντων
1688 737 1691 740 <

178 782 356 832 πολλοὺς
388 781 515 832 θεοὺς
550 779 670 836 εἷναις
706 781 811 837 πλὴν
831 776 902 823 οὖν
920 783 1010 839 περὶ
1033 775 1080 824 οὗ
1102 781 1203 838 ἔφης
1222 783 1327 822 θεοῦ
1335 812 1349 832 ,
1380 783 1415 823 εἴ
1439 782 1555 831 δείξω
1576 780 1653 836 ἐγὼ

127 862 162 897 D
185 852 242 906 μὴ
266 850 387 893 αὐτὸν
407 850 506 893 εἶναι
525 851 596 893 τὸν
615 849 808 893 ἀνωτάτω
828 852 895 892 καὶ
915 851 1225 905 παντοδύναμον
1241 847 1360 902 θεόν,
1394 850 1504 893 καθὸ
1525 846 1654 906 ἀπρό-

35 1555 66 1588 Ρ
90 1555 158 1590 208

181 919 359 977 γνωστός
389 921 472 963 ἔστι
500 922 568 962 καὶ
597 919 741 975 ἀτελὴς
768 921 835 962 καὶ
866 920 1002 976 ἐνδεὴς
1027 921 1094 962 καὶ
1127 919 1199 962 οὗκ
1228 918 1387 975 ἀγαθὸς
1405 920 1472 961 καὶ
1491 922 1656 969 πολλοῖς
1667 926 1712 961 10

180 988 439 1044 ὑποκείμενος
467 988 621 1033 πάθεσι
650 989 755 1032 κατὰ
784 989 858 1044 τὴν
888 987 1087 1046 ὗμετέραν
1114 986 1298 1046 γραφήν,
1335 989 1469 1045 ἕτερος
1494 986 1657 1038 πάντως

181 1060 449 1116 περιλείπεται
489 1057 786 1116 προγνωστικὸς
822 1059 971 1109 τέλειος
1003 1058 1188 1113 ἀνενδεὴς
1217 1057 1376 1114 ἀγαθὸς
1409 1059 1477 1100 καὶ
1506 1057 1657 1107 παντὸς

182 1127 348 1179 πάθους
380 1129 705 1184 ἀπηλλαγμένος·
741 1126 786 1170 ὃν
817 1128 860 1170 δὲ
888 1128 938 1171 σὺ
967 1129 1050 1187 φῂς
1081 1127 1327 1184 δημιουργὸν
1349 1128 1416 1169 καὶ
1440 1125 1657 1183 ὗπὲρθεον,

181 1204 267 1248 τοῖς
290 1199 481 1249 ἐναντίοις
505 1197 772 1252 ἀντικείμενος
791 1195 976 1255 ὑπάρχει.
1047 1198 1192 1240 αὐτίκα
1213 1200 1310 1252 γοῦν
1333 1195 1354 1239 ὁ
1379 1197 1482 1238 καθ’
1507 1194 1658 1250 ὅμοίω-

182 1285 247 1311 σιν
281 1268 408 1311 αὐτοῦ
437 1267 609 1323 γεγονὼς
625 1266 757 1322 Ἀδὰμ
779 1268 846 1308 καὶ
870 1267 1025 1324 τυφλὸς
1047 1268 1217 1318 κτίζεται
1239 1267 1306 1308 καὶ
1325 1270 1471 1322 γνῶσιν
1492 1265 1657 1322 ἀγαθοῦ
1670 1269 1713 1305 15

182 1336 209 1391 ἢ
235 1341 371 1379 ’κακοῦ
400 1336 458 1392 μὴ
492 1336 615 1392 ἔχων,
650 1335 895 1394 παραβάτης
929 1335 1173 1393 εὗρίσκεται,
1209 1336 1275 1377 καὶ
1305 1339 1378 1378 τοῦ
1407 1335 1657 1392 παραδείσου

184 1405 421 1460 ἐκβάλλεται
431 1438 444 1458 ,
489 1408 557 1449 καὶ
597 1404 770 1464 θανάτῳ
805 1405 1127 1458 καταδικάζεται.
1199 1403 1348 1460 ὁμοίως
1379 1421 1422 1447 τε
1453 1403 1474 1447 ὅ
1501 1403 1662 1454 πλάσας

185 1474 309 1518 αὐτόν
317 1508 330 1527 ,
365 1476 503 1531 ἐπειδὴ
537 1475 595 1530 μὴ
629 1480 836 1529 πανταχοῦ
859 1476 1017 1530 βλέπει,
1052 1476 1115 1517 ἐπὶ
1137 1478 1188 1531 τῇ
1211 1478 1291 1516 τῶν
1313 1472 1512 1528 Σοδόμων
1533 1491 1662 1516 κατα-

182 1549 345 1602 στροφῇ
376 1546 478 1601 λέγει
510 1543 714 1599 εκαταβάς
740 1544 902 1600 ὄψομαι
935 1547 968 1588 εἲ
998 1545 1104 1587 κατὰ
1131 1544 1204 1598 τὴν
1232 1543 1412 1600 κραυγὴν
1436 1542 1569 1585 αὐτῶν
1590 1541 1664 1597 τὴν

182 1615 400 1671 ἐρχομένην
421 1612 521 1670 πρός
541 1631 591 1668 με
613 1617 918 1657 συντελοῦνται·
955 1615 989 1656 εἰ
1016 1614 1060 1656 δὲ
1087 1611 1145 1668 μή
1155 1645 1167 1664 ,
1192 1614 1261 1654 ἵνα
1285 1611 1384 1668 γνῶ’
1418 1613 1485 1654 καὶ
1515 1610 1718 1655 ἕαυτὸνΞΟ

185 1685 408 1739 ἀγνοοῦντα
439 1684 627 1726 δείκνυσι.
698 1685 766 1724 καὶ
794 1684 841 1726 τὸ
876 1686 996 1726 εἷπεῖν
1027 1683 1116 1738 περὶ
1148 1685 1222 1723 τοῦ
1249 1681 1382 1736 Ἀδὰμ
1408 1679 1662 1736 (ἐκβάλωμεν

188 1751 312 1795 αὐτόν
321 1784 334 1805 ,
369 1749 524 1807 μήποτε
559 1753 732 1804 ἐκτείνας
765 1753 839 1808 τὴν
864 1759 984 1811 χεῖρα
1015 1752 1142 1794 αὐτοῦ
1171 1750 1330 1807 ἅψηται
1353 1754 1427 1794 τοῦ
1447 1750 1569 1802 ’ξύλου
1589 1755 1663 1806 τῆς

188 1907 310 1953 Syria.
357 1918 448 1952 quae
469 1907 629 1941 Clemens
650 1906 848 1949 Romanus,
873 1906 930 1940 vir
948 1904 1247 1952 sapientissimus,
1271 1905 1373 1941 Petri
1394 1904 1587 1953 discipulus
1605 1909 1661 1942 at-

188 1966 259 2001 que
282 1965 416 1998 comes,
442 1954 621 1989 recitavit.
668 1953 752 1987 inde
773 1952 921 1998 paucula
943 1952 1009 1986 huc
1034 1964 1213 1999 ponemUS.

282 2023 370 2057 Cum
400 2024 524 2057 beatus
553 2022 681 2056 Petrus
717 2019 895 2066 apostolus
928 2021 1092 2067 populum
1123 2022 1266 2056 doceret
1297 2021 1414 2058 colere
1444 2026 1482 2057 et
1515 2022 1664 2057 adorare

188 2069 328 2104 unicum
359 2081 479 2103 verum
513 2069 636 2112 deum,
669 2067 785 2102 omnia
814 2067 851 2101 in
881 2079 945 2101 sua
975 2074 1153 2114 potestate
1185 2069 1390 2114 habentem,
1429 2069 1570 2113 Simon,
1602 2069 1666 2114 qui

189 2122 290 2151 extra
311 2118 449 2151 turbam
470 2116 655 2158 adstabat,
680 2113 860 2149 clamavit:
886 2114 970 2159 quid
995 2115 1131 2149 conaris
1150 2115 1350 2150 mentiendo
1370 2116 1407 2150 in
1426 2127 1581 2151 errorem
1599 2117 1665 2150 ab—

189 2163 319 2198 ducere
341 2163 462 2196 rudem
486 2161 739 2196 multitudinem
761 2160 829 2195 tibi
853 2160 1124 2196 circumfusam?
1148 2162 1341 2207 persuades
1366 2163 1417 2197 eis
1443 2164 1528 2197 deos
1550 2173 1666 2207 neque

187 2209 383 2255 putandum
406 2220 520 2253 neque
545 2207 682 2242 omnino
707 2218 800 2242 esse.
849 2206 948 2252 atqui
969 2209 1188 2243 Ebraeorum
1215 2207 1296 2242 libri
1327 2209 1451 2243 multos
1477 2220 1555 2243 esse
1579 2209 1666 2243 deos

187 2256 378 2290 affirmant.
425 2255 495 2289 iam
514 2266 616 2300 quem
634 2259 673 2288 tu
695 2252 876 2299 praedicas
897 2255 1017 2298 deum,
1042 2255 1126 2300 quid
1148 2254 1180 2289 si
1203 2267 1269 2300 ego
1293 2256 1473 2290 ostendam
1495 2267 1573 2289 eum
1596 2266 1667 2289 non

189 2314 269 2337 esse
293 2313 490 2348 supremum
516 2312 630 2346 neque
655 2299 956 2346 omnipotentem?
989 2312 1066 2335 cum
1100 2306 1137 2336 et
1166 2301 1277 2336 futuri
1299 2302 1445 2346 ignarus
1471 2301 1518 2336 sit
1541 2306 1578 2335 et
1599 2301 1666 2335 im-

186 2349 367 2394 perfectus
406 2354 442 2382 et
476 2359 601 2382 carens
633 2346 809 2392 aliquibus
842 2349 967 2391 rebus,
1002 2359 1073 2382 non
1099 2349 1233 2392 bonus,
1269 2350 1331 2382 sed
1357 2348 1470 2383 variis
1494 2348 1668 2382 obnoxius

186 2395 490 2441 perpessionibus.
540 2399 657 2438 certe,
683 2394 715 2428 si
739 2392 867 2427 vestris
889 2393 1001 2427 literis
1028 2394 1192 2440 creditis,
1220 2394 1438 2440 relinquetur
1460 2394 1564 2428 alium
1588 2405 1667 2429 esse

186 2442 289 2475 deum
313 2441 424 2475 futuri
450 2440 665 2487 praescium,
703 2439 918 2486 perfectum,
955 2439 1080 2475 nullius
1111 2441 1166 2475 rei
1194 2441 1371 2486 indigum,
1404 2443 1549 2485 bonum,
1583 2440 1668 2474 nulli

187 2487 412 2533 perpessioni
447 2487 652 2529 obnoxium3
687 2498 833 2532 quorum
865 2487 1042 2521 contraria
1072 2493 1153 2522 sunt
1185 2488 1222 2522 in
1250 2499 1292 2522 eo
1318 2500 1420 2533 quem
1444 2493 1482 2522 tu
1506 2487 1667 2532 opificem

187 2534 307 2568 mundi
330 2545 566 2579 summumque
590 2534 692 2567 deum
713 2532 838 2567 iactas.
887 2532 955 2567 iam
979 2533 1125 2578 primum
1150 2533 1322 2578 Adamas,
1358 2534 1419 2579 qui
1451 2534 1494 2568 ad
1527 2533 1581 2568 tui
1607 2533 1666 2568 dei

187 2580 375 2624 imaginem
407 2586 462 2615 est
496 2579 679 2624 conditus,
714 2590 838 2613 caecus
863 2579 932 2613 fuit
956 2585 1094 2615 creatus
1123 2580 1395 2626 cognitioneque
1417 2579 1501 2614 boni
1525 2585 1562 2614 et
1585 2580 1665 2614 mali

189 2637 335 2668 carens3
380 2627 589 2671 peccatique
633 2625 840 2660 manifestus
881 2626 1045 2670 paradiso
1080 2627 1220 2661 eiicitur
1255 2634 1291 2661 et
1323 2632 1436 2662 morte
1469 2627 1666 2661 damnatur.

194 2671 358 2706 similiter
381 2674 412 2706 is
437 2673 498 2717 qui
520 2673 625 2707 istum
648 2672 768 2715 finxit,
793 2683 861 2705 non
882 2673 1011 2717 ubique
1032 2672 1144 2708 videt.
1191 2673 1311 2718 itaque
1329 2673 1373 2708 de
1394 2672 1532 2708 excidio
1551 2673 1667 2706 Sodo-

195 2729 327 2751 morum
350 2718 401 2752 sic
423 2720 473 2753 ait
497 2719 610 2762 (Gen.
635 2720 694 2762 18)
720 2715 953 2753 “descendam
977 2719 1089 2754 visum
1113 2732 1153 2754 ac
1179 2720 1373 2764 cognitum,
1401 2731 1446 2754 an
1468 2719 1520 2754 ita
1542 2725 1669 2763 agatur

196 2764 291 2809 apud
313 2775 374 2797 eos
402 2764 454 2798 uti
475 2766 519 2799 ad
544 2778 597 2799 me
621 2764 751 2800 clamor
773 2764 939 2811 pertulit,
972 2763 1120 2800 necne.’'
1166 2767 1292 2810 quibus
1318 2778 1403 2800 sane
1432 2765 1551 2800 verbis
1572 2776 1669 2799 suam

197 2810 454 2854 ignorationem
484 2811 616 2856 prodit.
663 2811 732 2846 iam
763 2823 854 2856 quae
884 2812 928 2846 de
957 2811 1089 2846 Adamo
1122 2813 1210 2847 dicit
1241 2813 1354 2856 (Gen.
1374 2813 1435 2856 3),
1466 2808 1669 2846 “eiiciamus

199 2868 298 2902 eum,
335 2868 381 2891 ne
413 2856 599 2902 aliquando
629 2869 727 2893 suam
757 2869 894 2894 manum
927 2859 1048 2894 arbori
1075 2858 1171 2895 vitae
1193 2859 1356 2894 intendat
1380 2858 1526 2904 eiusque
1552 2857 1670 2892 fructu
