1742 3184
235 223 333 273 160
715 225 956 270 GEORGII
990 225 1237 270 CEDRENI

233 340 334 386 καθ’
367 340 518 385 ἕκαστα
548 345 630 385 τίόν
664 339 898 400 ἀνθρώπων
926 340 1204 400 ἁμαρτήματα
1236 341 1306 384 διὰ
1334 340 1381 386 τὸ
1411 339 1575 400 ἔπειρον
1599 340 1711 385 ἄπα-

233 416 399 471 ριθμεΐν
434 410 460 467 ’ἢ
497 412 638 470 γραφὴ
671 411 717 455 τὸ
747 417 820 455 τοῦ
847 412 1049 467 βασιλέως
1070 411 1263 467 ἀνόμημα
1287 409 1343 462 ὧς
1366 411 1496 455 αἴτιον
1513 413 1712 469 τιμωρίας

229 480 444 541 γενόμενον
463 489 548 532 τοῖς
565 482 898 536 βασιλευομένοις
919 479 1148 539 ὖφηγεΐται,
1172 479 1258 524 οἷον
1278 481 1329 536 δὴ
1347 483 1414 524 καὶ
1434 482 1498 524 ἐπὶ
1519 486 1593 524 τοῦ
1615 482 1711 524 Λα-

229 553 304 608 βὶδ
333 550 495 608 γεγονὸς
524 545 669 593 ὦπται.
739 551 921 593 ἀπέκειτο
938 552 1011 606 μὲν
1027 552 1105 608 γὰρ
1126 551 1225 608 ὀργὴ
1247 552 1387 607 κυρίου
1408 550 1514 594 κατὰ
1535 550 1713 609 Ἰσραὴλ

231 621 302 664 διὰ
322 622 397 671 τὰς
415 619 698 678 πολυτρόπους
717 620 850 663 αὐτῶν
869 620 1084 676 ἀθετήσεις
1102 619 1277 677 δηλαδή,
1297 620 1472 663 ἐπέσεισε
1492 620 1537 663 δὲ
1554 625 1742 677 πνεῢμαᾱ

229 691 302 734 τὸν
319 691 459 746 Δαβὶὸ
481 690 713 747 ἀριθμῆσαι
733 690 804 732 τὸν
819 689 1008 747 Ἰσραήλ.
1044 692 1111 733 καὶ
1128 689 1274 734 τούτου
1295 690 1509 746 γενομένου
1531 691 1712 747 παρέστη

179 767 210 804 Β
234 760 345 819 αὖτῷ
367 763 481 817 πρωῒ
497 761 538 801 Γ
536 760 590 802 &a
611 757 632 801 ὃ
654 758 869 817 προφήτης
898 759 1055 803 θεόθεν
1082 760 1324 811 ἀποσταλεὶς
1344 761 1414 803 καὶ
1435 760 1528 817 τριά
1549 760 1714 811 ἐκλέξα-

232 835 338 875 σθαι
360 832 472 888 αὐτῷ
491 834 742 886 παρεγγυῶν,
771 828 797 884 ἢ
819 831 913 888 τρία
933 829 1001 885 ἔτη
1024 830 1142 885 λιμὸν
1167 831 1230 872 ἐπὶ
1253 830 1328 885 τὴν
1348 833 1424 886 γῆν
1441 847 1532 882 σου,
1558 828 1585 885 ἢ
1607 835 1715 887 τρεῖς

231 905 364 956 μῆνας
386 897 630 954 διωκόμενον
651 897 811 956 φεύγειν
833 900 876 942 ἐκ
898 898 1119 957 προσώπου
1140 904 1222 942 τῶν
1243 901 1407 957 ἐχθριῦν
1425 916 1524 951 σου,
1559 898 1585 954 ἢ
1607 904 1715 956 τρεῖς

230 968 387 1027 ἡμέρας
404 966 589 1011 θάνατον
608 969 798 1025 γενέσθαι
819 971 860 1012 ἐν
877 974 926 1026 τῇ
944 974 996 1027 γῇ
1015 986 1105 1012 σου.
1175 967 1196 1012 ὃ
1221 970 1265 1012 δὲ
1294 967 1542 1026 ιεστεναγμοὶ
1561 966 1742 1012 παντο-1

229 1043 336 1082 θεν·’
364 1038 469 1094 πλὴν
495 1038 748 1093 ἐμπεσοῦμαι
775 1039 826 1094 δὴ
853 1042 908 1090 εἷς
930 1039 1005 1090 τὰς
1017 1046 1161 1096 χεῖρας
1184 1043 1259 1082 τοῦ
1282 1041 1447 1096 κυρίου,
1484 1037 1545 1081 ὅτι
1571 1039 1716 1080 πολλοὶ

235 1109 274 1152 οἱ
305 1109 505 1165 οῗκτιρμοὶ
535 1108 686 1161 αὐτοῦ,
717 1111 773 1159 εἷς
800 1109 844 1151 δὲ
865 1115 1008 1166 χεῖρας
1037 1107 1270 1165 ἀνθρώπων
1294 1108 1352 1164 μὴ
1381 1108 1617 1162 ἐμπέσοιμι,
1653 1106 1716 1150 ὅτι

234 1177 538 1233 ἀνελεήμοιές.”
586 1180 654 1221 καὶ
673 1179 876 1230 ἐξελέξατο
896 1177 1028 1238 ἑαυτῷ
1051 1178 1121 1221 τὸν
1139 1176 1335 1221 θάνατον.
1377 1172 1484 1233 ἦσαν
1505 1178 1550 1220 δὲ
1565 1175 1716 1234 ἡμέραι

232 1252 438 1306 θερισμοῦ
470 1252 632 1304 πυρῶν,
669 1250 736 1291 καὶ
769 1248 893 1291 ἔδωκε
926 1247 1066 1305 κύριος
1096 1246 1281 1291 θάνατον
1313 1247 1395 1290 ἀπὸ
1424 1251 1608 1305 πρω·ι’“θεν
1642 1247 1717 1297 ἕως

232 1318 427 1376 ἀρίστου,
462 1319 531 1360 καὶ
557 1318 766 1361 ἀπέθανον
790 1316 1073 1373 ἑβδομήκοντα
1088 1316 1274 1372 χιλιάδες
1294 1317 1467 1375 ἀνδρῶν.
1535 1311 1587 1372 ἦν
1618 1317 1662 1359 δὲ
1693 1313 1742 1361 51

234 1387 404 1445 ἄγγελος
430 1390 505 1429 τοῦ
533 1391 638 1429 θεοῦ
669 1386 850 1444 ἑστηκὼς
880 1388 995 1446 παρὰ
1024 1388 1099 1442 τὴν
1128 1388 1267 1430 ἅλωνα
1284 1386 1411 1444 Ὀρνᾶ
1436 1390 1510 1430 τοῦ
1531 1388 1573 1428 Γ
1571 1390 1718 1440 εβουσ-

231 1459 366 1501 σαιόυ.
435 1457 575 1512 Λαβὶὸ
604 1457 648 1499 de*
671 1456 772 1512 ἐβόα
795 1455 917 1500 ε(ἰδοὺ
948 1458 1025 1514 ἐγὼ
1051 1457 1250 1513 ἠδίκησα·
1285 1457 1467 1514 γενέσθω
1488 1454 1515 1511 ἦ
1531 1457 1621 1514 χείρ
1641 1472 1717 1498 σου

177 1531 208 1566 C
233 1528 274 1571 ἐν
308 1528 398 1582 ἐμοὶ
432 1527 501 1569 καὶ
532 1528 574 1569 ἐν
599 1531 657 1585 τῷ
691 1527 788 1585 οἴκῳ
821 1532 896 1570 τοῦ
922 1525 1077 1585 πατρός
1108 1527 1238 1582 prov-³³
1310 1528 1378 1569 καὶ
1395 1522 1718 1584 παρακληθεὶςὸ

229 1596 371 1656 κύριος
393 1596 558 1650 συνέσχε
579 1595 653 1650 τὴν
672 1600 852 1654 θραῦσιν
875 1596 951 1652 τὴν
974 1596 1079 1640 κατὰ
1096 1594 1284 1653 Ἰσραήλ.

360 1666 453 1709 Ὅτι
475 1663 751 1722 πρεσβύτερος
768 1664 981 1722 γενόμενος
1001 1665 1021 1708 ὃ
1044 1666 1188 1721 Δαβὶὸ
1204 1672 1289 1716 τοῖς
1308 1664 1484 1720 ἱματίοις
1502 1664 1575 1707 οὐκ
1594 1663 1742 1722 ἐθερ-3

230 1737 421 1791 μαίνετο,
449 1737 516 1777 καὶ
547 1734 718 1791 ἤνεγκαν
746 1733 910 1778 νεάνιδα
941 1737 1150 1793 παρθένον
1170 1734 1340 1790 Ἀβισὰκ
1370 1734 1444 1790 τὴν
1470 1736 1717 1788 Σωμανΐτιν,

230 1807 299 1849 καὶ
327 1800 379 1861 ἦν
411 1804 535 1847 αὐτὸν
569 1803 884 1860 περιθάλπουσα
916 1806 980 1847 ἐπὶ
1006 1810 1078 1861 τῆς
1103 1806 1262 1861 κοίτης,
1293 1805 1361 1847 καὶ
1383 1802 1404 1846 ὅ
1426 1803 1621 1859 βασιλεὺς
1643 1804 1719 1848 οὐκ

232 1875 332 1932 ἔγνω
365 1873 506 1930 αὐτήν.
570 1873 765 1926 Ἀδωνίας
793 1875 837 1917 δὲ
867 1875 955 1926 υἱὸς
982 1875 1126 1930 Λαβὶὸ
1154 1872 1419 1932 ἐπαιρόμενος
1454 1871 1611 1932 ἐκράτει
1645 1877 1720 1929 τῆς

231 1944 457 2001 βασιλείας.
525 1945 593 1986 καὶ
613 1945 803 2002 εἰσῆλθεν
825 1946 1044 2004 Βηρσαβεέ
1063 1944 1167 2004 πρὸς
1188 1945 1352 1999 Δαβίὸ,
1387 1944 1458 1987 καὶ
1485 1941 1720 2002 προσκυνή-

230 2101 442 2138 infinitatem
465 2104 691 2148 peccatorum
715 2113 806 2148 quae
830 2112 851 2136 a
874 2100 1022 2147 singulis
1045 2100 1244 2136 hominibus
1268 2098 1552 2143 committuntur,
1586 2098 1631 2134 ab
1656 2109 1720 2134 eo-

231 2161 308 2186 rum
332 2148 596 2184 enumeratione
617 2148 813 2194 abstineat,
837 2148 934 2194 regis
954 2148 1118 2183 delictum
1135 2153 1302 2193 tanquam
1318 2158 1456 2192 poenae
1477 2156 1617 2181 causam
1635 2146 1722 2181 sub-

233 2196 318 2232 ditis
344 2201 603 2231 commemorat.
652 2196 752 2230 cuius
775 2195 828 2230 rei
852 2195 1046 2241 exemplum
1069 2195 1218 2230 historia
1242 2194 1418 2228 Davidica
1441 2192 1616 2239 suggerit.
1662 2191 1720 2226 ni-

231 2243 359 2278 mirum
382 2241 474 2279 enim
497 2242 552 2276 ira
575 2241 635 2277 dei
657 2242 782 2277 malum
805 2242 974 2276 Israelico
1010 2242 1138 2288 populo
1163 2242 1314 2287 parabat
1335 2244 1483 2286 propter
1511 2237 1723 2284 multiplices

231 2289 323 2335 legis
341 2288 575 2334 violationes,
598 2288 745 2335 spiritus
765 2294 880 2324 autem
898 2288 1073 2323 Davidum
1097 2289 1141 2323 ad
1164 2287 1407 2322 recensionem
1428 2285 1551 2341 populi
1567 2284 1721 2331 impulit.

232 2348 304 2382 qua
325 2340 471 2382 peracta
494 2347 596 2371 mane
620 2336 745 2370 Gadus
776 2347 797 2370 a
825 2336 891 2370 deo
917 2335 1043 2370 missus
1068 2341 1169 2370 vates
1195 2346 1272 2369 eum
1296 2337 1484 2377 convenit,
1519 2332 1720 2378 optionem-

231 2394 302 2429 que
325 2383 383 2417 vel
404 2382 589 2417 triennalis
612 2382 782 2429 penuriae
813 2394 879 2428 per
903 2393 1049 2427 regnum
1073 2381 1131 2416 vel
1154 2381 1344 2416 trimestris
1366 2381 1473 2425 fugae
1497 2377 1720 2424 insequenti·

229 2430 296 2465 bus
319 2429 481 2464 hostibus
506 2429 563 2464 vel
586 2430 774 2464 triduanae
797 2441 863 2475 per
886 2440 1032 2474 regnum
1056 2428 1167 2474 pestis
1189 2428 1335 2462 liberam
1359 2425 1559 2474 proposuit.
1607 2424 1721 2460 Davi-

229 2477 296 2511 dus
330 2477 601 2521 circumseptum
629 2488 669 2511 se
700 2475 853 2510 miseriis
886 2476 1024 2520 fassus,
1059 2476 1098 2509 in
1124 2475 1183 2509 dei
1207 2473 1449 2521 multipliciter
1482 2471 1721 2507 misericordis

230 2533 334 2568 quam
355 2523 393 2557 in
417 2523 593 2557 hominum
616 2522 808 2558 crudelium
831 2534 951 2557 manus
972 2534 1011 2556 se
1029 2522 1188 2557 incidere
1210 2521 1312 2556 malle
1330 2519 1440 2564 dixit,
1465 2518 1605 2564 sibique
1624 2529 1720 2553 mor-

231 2574 302 2603 tem
326 2569 470 2614 delegit.
519 2571 720 2605 metebatur
743 2575 817 2605 tum
840 2569 1022 2611 triticum;
1057 2575 1093 2603 et
1117 2568 1289 2604 divinitus
1313 2566 1468 2601 immissa
1493 2569 1596 2610 peste
1621 2576 1642 2599 a
1664 2565 1721 2599 di-

231 2614 346 2649 luculo
379 2617 569 2660 usquead
601 2616 742 2662 prandii
777 2616 897 2650 horam
930 2615 1142 2650 interierunt
1166 2617 1211 2651 70
1236 2614 1413 2649 hominum
1446 2611 1554 2647 milia.
1604 2612 1723 2646 stabat

235 2661 380 2705 angelus
411 2662 470 2696 dei
504 2664 549 2697 ad
583 2675 699 2698 aream
733 2663 856 2698 Ornae
885 2662 1063 2697 Iebusaei.
1111 2661 1270 2696 Davidus
1303 2665 1420 2695 autem
1454 2658 1723 2693 vociferabatur

245 2703 343 2741 ‘ecce
369 2719 433 2764 ego
458 2721 532 2743 sum
557 2710 618 2754 qui
641 2710 806 2755 peccavi,
841 2709 880 2744 in
913 2721 967 2743 me
1001 2714 1038 2743 et
1059 2709 1173 2755 patris
1205 2707 1276 2742 mei
1304 2705 1473 2741 familiam
1505 2716 1626 2740 manus
1660 2709 1723 2739 tua

236 2752 400 2788 saeviat.>
458 2760 531 2790 tum
555 2756 714 2802 placatus
738 2758 845 2801 deus,
870 2756 960 2790 cladi
980 2755 1171 2790 Israelicae
1190 2755 1295 2789 finem
1313 2752 1452 2787 statuit.

328 2799 458 2844 Magno
482 2801 551 2836 iam
576 2808 660 2838 natu
678 2803 853 2838 Davidum
877 2808 998 2838 vestes
1020 2814 1091 2836 non
1114 2801 1262 2848 amplius
1285 2798 1553 2834 calefaciebant.
1598 2796 1722 2842 itaque

236 2845 389 2880 adducta
413 2851 467 2881 est
490 2849 533 2882 ad
558 2860 635 2883 eum
659 2850 775 2895 puella
797 2850 900 2895 virgo
921 2848 1077 2883 Abisaca
1100 2846 1294 2883 Sumanitis
1308 2873 1318 2891 ‚
1353 2857 1444 2891 quae
1468 2857 1544 2880 eum
1566 2843 1604 2878 in
1627 2843 1720 2877 lecto

237 2891 536 2928 concalefaceret:
569 2907 684 2941 neque
705 2896 824 2931 tamen
847 2908 922 2931 eam
945 2907 1010 2930 rex
1034 2895 1214 2941 cognovit.
1264 2898 1419 2927 ceterum
1448 2890 1605 2926 Adonias
1627 2889 1722 2924 filius

238 2938 369 2975 Davidi
391 2950 472 2975 sese
496 2940 622 2977 extulit
642 2954 860 2991 regnumque
878 2941 1078 2990 occupavit.
1126 2942 1250 2989 itaque
1271 2939 1454 2977 Bersabea
1476 2938 1522 2974 ad
1544 2936 1721 2974 Davidum
