1676 3138
136 181 168 208 x
543 160 808 209 FABROTI
845 163 1216 210 PRAEFATIO.

133 278 340 322 addidimus
373 279 411 323 ei
440 278 657 323 firmandae.
717 279 877 338 denique
897 279 1129 324 Glossarium
1153 281 1376 332 adiecimuS‚
1408 295 1481 338 quo
1505 296 1620 325 voees

129 348 439 399 mixobarbarae‚
467 349 599 406 quibus
620 349 815 392 Cedrenus
834 350 963 400 utitur,
995 349 1245 407 explicantur,
1276 349 1479 408 dignitates
1498 351 1618 393 eecle-

128 418 303 461 siastieae
326 418 513 475 palatinae
535 426 572 460 et
595 418 775 460 militares
798 425 1041 474 exponuntur.
1101 434 1174 476 quo
1204 419 1243 462 in
1263 418 1516 464 concinnando
1536 435 1621 462 usus

62 483 75 540 J
127 502 201 542 non
229 503 307 529 sum
336 502 455 545 opera
475 486 652 537 Mem-sii,
683 501 794 542 quem
822 485 997 543 plerique
1024 487 1090 531 alii
1119 487 1182 543 qui
1214 495 1325 545 rapto
1350 488 1476 531 vivunt
1500 488 1622 530 solent

128 556 366 607 exscribere,
397 556 465 599 sed
485 556 547 599 vel
569 563 740 599 auctores
759 555 919 597 nondum
939 555 1059 598 editos
1081 555 1144 598 vel
1164 556 1260 599 alios
1280 557 1430 599 omnino
1449 565 1622 599 auctores

127 626 177 667 ad
205 625 450 668 testimonium
477 624 617 678 cito.*)
675 624 855 666 accedunt
883 625 995 667 etiam
1023 625 1066 668 R.
1090 624 1131 666 P.
1152 625 1278 668 Iacobi
1299 625 1403 668 Goar
1423 627 1554 668 variae
1582 627 1621 668 in

129 695 341 738 Cedrenum
360 694 703 737 animadversiones
723 692 1013 744 eruditissimae,
1034 708 1131 750 quae
1151 709 1226 736 non
1243 694 1428 737 modicam
1445 695 1621 738 Cedreno

129 764 251 806 lucem
270 764 451 807 adferent.
509 771 699 821 postremo
719 776 918 804 numerosa
934 777 1133 819 operarum
1150 763 1284 805 menda
1309 763 1526 815 sustulimus,
1547 779 1620 821 quo

129 841 206 876 tam
223 835 367 877 auctior
387 834 504 878 editio
525 847 635 890 quam
654 830 888 875 emendatior
906 846 1026 888 opera
1055 838 1185 874 nostra
1201 830 1383 888 prodiretss
1444 833 1619 876 Cedreno

130 903 244 960 igitur
264 902 412 952 fruere,
448 916 558 960 quem
583 909 714 951 antea,
746 913 845 957 pene
872 899 1052 950 dixerim,
1087 915 1178 943 auro
1199 909 1328 944 eontra
1355 900 1517 945 veniisse
1545 917 1620 943 non

133 973 301 1030 ignoras,
360 971 570 1015 Cedrenum
590 977 764 1026 sequetur
783 968 1042 1026 Theophanes
1070 969 1263 1013 multorum
1291 972 1389 1014 votis
1419 972 1618 1028 expetitus,

133 1056 242 1098 quem
263 1056 311 1083 ex
330 1040 436 1098 regis
455 1038 762 1082 Christianissimi
793 1038 1025 1081 bibliotheca
1045 1036 1082 1079 in
1102 1038 1224 1081 lucem
1243 1039 1417 1089 edemuS,
1448 1055 1519 1082 una
1540 1054 1622 1082 cum

134 1110 321 1153 Anastasii
339 1108 625 1152 Bibliothecarii
653 1107 811 1150 historia
830 1107 1098 1150 Ecclesiastiea
1123 1106 1303 1150 hactenus
1335 1109 1493 1159 inedita,
1524 1123 1622 1166 quae

132 1179 318 1222 beneficio
343 1177 555 1221 cardinalis
576 1174 866 1219 Eminentissimi
886 1177 919 1219 F
922 1177 1079 1219 rancisci
1100 1177 1302 1220 Barberini
1330 1177 1379 1219 ad
1399 1193 1467 1220 nos
1486 1193 1620 1235 perve-

131 1250 197 1290 nit.
256 1254 455 1305 sequentur
483 1254 519 1290 et
546 1247 612 1289 alii
640 1260 689 1288 ex
709 1245 825 1288 variis
855 1244 1096 1287 bibliothecis
1115 1246 1230 1295 eruti,
1261 1262 1353 1303 quos
1371 1262 1445 1289 non
1465 1248 1622 1290 interire

130 1324 301 1374 quantum
320 1308 551 1373 reipublicae
570 1316 763 1359 literariae
795 1313 938 1359 intersit
970 1314 1012 1357 hi
1032 1322 1168 1358 tantum
1187 1314 1397 1372 intelligunt
1413 1315 1475 1372 qui
1493 1316 1622 1359 literas

131 1394 289 1430 tractant
317 1385 388 1430 vel'
409 1385 550 1433 fovent.
611 1384 711 1428 vale.
1386 1376 1398 1384 ⁷

220 1582 256 1627 *)
280 1582 365 1617 Non
388 1591 574 1628 possumus
608 1578 701 1615 citra
731 1578 866 1614 crimen
896 1578 1029 1625 ingrati
1052 1577 1251 1626 praeterire
1273 1581 1438 1616 auctores
1470 1590 1618 1625 graeco—

130 1642 323 1686 barbaros,
349 1640 478 1686 quibus
503 1639 560 1675 usi
583 1650 702 1674 sumus
719 1637 757 1672 in
774 1637 842 1673 hoc
861 1637 1050 1683 glossario,
1075 1637 1177 1673 nobis
1194 1637 1344 1672 utendos
1367 1639 1471 1673 datos
1494 1650 1539 1672 ex
1562 1638 1619 1672 bi·

129 1699 307 1735 bliotheca
330 1698 401 1734 viri
424 1696 609 1734 clarissimi
633 1700 670 1732 et
692 1695 923 1733 eruditissimi
947 1695 1070 1733 Iacobi
1092 1696 1255 1733 Mentelli
1286 1696 1414 1733 medici
1437 1696 1619 1734 Parisien-

129 1757 191 1797 sis.
243 1758 427 1794 Fabrotus
450 1756 490 1794 in
514 1757 612 1793 calce
638 1755 801 1792 Nicetae.
