1742 3184
381 198 782 246 HISTORIARUM
811 199 1210 246 GOMPENDIUM.
1441 202 1540 249 385

62 311 279 373 καταλάβῃ
297 312 459 368 αὗτοῦς.
527 314 711 374 πρόσθες
728 316 900 371 ἀνομίαν
918 316 981 359 ἐπὶ
1000 316 1076 373 τὴν
1095 315 1268 373 ἀνομίαν
1289 317 1443 371 αὐτῶν,
1477 322 1545 362 καὶ

61 385 121 440 μὴ
146 385 442 429 εἶσελθέτωσαν
462 386 505 428 ἓν
525 384 761 444 δικαιοσύνῃ
784 403 873 430 σου.
943 385 1307 446 ἔξαλειφθήτωσαν
1329 388 1373 431 ἐκ
1392 390 1539 444 βίβλου
1561 394 1594 429 D

63 452 243 506 ζώντων,
279 456 347 497 καὶ
377 455 481 510 μετὰ
513 455 679 499 δικαίων
703 456 764 512 μὴ
793 453 1086 514 γραφήτωσαν.
1155 456 1448 515 διασκόρπισον
1467 459 1544 501 αὐ-

59 522 158 573 τοὺς
185 524 228 565 ἐν
257 528 307 580 τῇ
335 523 506 579 δυνάμει
537 542 636 578 σου,
673 528 742 568 καὶ
773 524 979 579 κατάβαλε
1011 525 1163 578 αὖτοὺς
1192 524 1214 570 ὅ
1241 524 1544 585 ὖπερασπιστής

27 603 49 639 5
58 609 140 646 μου
158 590 284 650 κύριε.
355 595 424 636 καὶ
443 592 803 652 συλληφθήτωσαν
820 596 862 638 ἐν
879 600 931 653 τῇ
947 593 1206 657 ὑπερηφανίᾳ
1228 596 1362 640 αὐτῶν
1383 598 1424 639 ἓν
1442 596 1545 654 ὀργῇ

59 663 310 714 συντελείας,
352 664 421 706 καὶ
459 663 507 706 οὗ
547 664 608 720 μὴ
642 662 869 723 ὖπάρξωσι.
937 667 1005 707 καὶ
1034 663 1257 722 γνώσονται
1289 664 1351 710 ὅτι
1387 663 1410 708 ὃ
1442 667 1544 717 θεὸς

59 729 241 784 δεσπόζει
260 735 335 774 τοῦ
350 733 500 787 Ἰακὼβ
518 735 585 776 καὶ
604 738 687 777 τῶν
707 733 892 791 περάτων
909 738 982 790 τῆς
999 734 1120 791 γῆς.”
1152 735 1224 794 ἐφ’
1250 732 1312 786 οἷς
1331 733 1539 792 δήπουθεν

58 801 348 859 διασπαρέντες
374 803 539 854 ἐνδίκως
565 801 851 860 ἔπιγνῶσονται
873 802 1035 855 πάντως
1055 803 1116 848 ὅτι
1138 803 1239 856 θεός
1260 806 1368 848 ἔστιν
1389 803 1410 847 ὅ
1429 807 1539 863 Χρι-

56 870 153 921 στὸς
184 875 260 914 τοῦ
295 872 452 930 πατρὸς
481 872 617 916 αὐτῶν
644 873 815 928 Ἰακώβ.
885 873 992 917 οὕτω
1024 875 1069 931 γὲ
1097 874 1181 929 μὴν
1207 875 1276 917 καὶ
1309 872 1331 916 ὅ
1359 873 1540 930 θεόπτης

2 950 47 986 10
57 943 249 996 Μωϋσῆς
264 940 510 996 στηλιτεύων
528 940 637 998 ὑμᾶς
654 941 710 994 ὥς
726 943 954 1000 βδελυροὺς
973 946 1040 986 καὶ
1062 942 1247 1002 ἄφρονας
1265 945 1333 987 καὶ
1350 942 1538 1001 ἀγνώμο-

54 1027 129 1061 νας
146 1009 225 1068 ἕφη
249 1007 399 1054 “τε’κνα
421 1011 621 1067 μωμητά,
655 1013 771 1070 γενεὰ
793 1013 938 1056 σκολιὰ
960 1015 1028 1055 καὶ
1050 1013 1370 1069 διεστραμμένη,
1405 1017 1538 1056 ταῦτα
1559 1023 1589 1057 Ρ
1613 1024 1682 1058 220

52 1081 180 1137 κυρίῳ
213 1079 532 1137 ἄνταποδίδοτες
568 1076 686 1134 οὗτος
717 1082 819 1133 λαὸς
849 1083 991 1140 μωρὸς
1017 1084 1087 1125 καὶ
1123 1082 1214 1136 οὐχὶ
1248 1080 1392 1139 σοφός.
1463 1083 1537 1125 οὐκ

53 1148 178 1200 αὐτὸς
197 1143 316 1200 οὗτός
330 1166 406 1194 σου
425 1152 560 1209 πατὴρ
580 1150 778 1207 ἓκτήσατό
798 1169 842 1195 σε
859 1154 926 1194 καὶ
948 1152 1113 1207 ἐποίησέ
1123 1169 1167 1195 σε
1182 1153 1249 1194 καὶ
1263 1151 1416 1196 ἴπλασὲ
1428 1169 1472 1194 σε
1485 1152 1533 1206 5³³

50 1218 272 1262 κάντεῦθεν
292 1218 457 1272 εἰκότως
476 1224 601 1279 φησὶν
618 1220 639 1265 ὅ
658 1221 759 1273 θεός
780 1219 936 1274 ι(εἷπον,
968 1223 1175 1279 διασπερῶ
1196 1218 1358 1273 αὐτούς,
1388 1220 1536 1264 παύσω

0 1294 40 1330 15
53 1289 105 1343 δὴ
129 1290 172 1340 ἐξ
194 1288 427 1346 ἀνθρώπων
444 1291 490 1333 τὸ
509 1289 770 1346 μνημόσυνον
789 1290 969 1334 αὖτῶν.”
1040 1293 1109 1334 καὶ
1131 1291 1269 1346 μέντοι
1290 1293 1358 1333 καὶ
1382 1288 1404 1332 ὅ
1427 1294 1534 1334 κλει-

48 1357 119 1408 νὸς
141 1355 346 1415 Ἱερεμίας
371 1358 486 1413 μάλα
514 1362 746 1417 σαφηνίζων
770 1363 830 1411 τίς
856 1355 975 1412 οὗτός
998 1361 1107 1403 ε’στιν
1125 1358 1146 1402 ὅ
1164 1364 1296 1404 ταῦτα
1316 1359 1534 1410 πεπονθὼς

47 1425 129 1483 ὕφ’
159 1425 297 1480 ὗμῶν,
333 1427 436 1482 λέγει
465 1428 654 1482 “πνεῦμα
681 1430 761 1486 πρὸ
790 1429 1011 1485 προσώπου
1038 1428 1155 1485 ὗμῶν
1183 1428 1368 1487 Χριστὸς
1394 1427 1533 1486 κύριος

48 1493 290 1552 συνελήφθη
326 1495 371 1538 ἓν
401 1502 491 1547 ταῖς
522 1499 746 1555 διαφοραῖς
774 1495 913 1552 ὑμῶν,
957 1492 1008 1540 οὗ
1041 1497 1226 1552 εἴπομεν,
1272 1499 1314 1540 ἓν
1349 1502 1399 1554 τῇ
1436 1502 1533 1558 σκιᾷ

49 1565 178 1607 αὐτοῦ
208 1566 251 1607 ἓν
283 1570 369 1615 τοῖς
397 1564 581 1608 mum?
650 1571 822 1609 τοιαῦτα
848 1571 946 1623 γοῦν
973 1568 1042 1609 καὶ
1067 1564 1089 1609 ὃ
1112 1570 1311 1621 ἀολομῶν
1340 1561 1464 1617 αὖθις
1486 1568 1531 1609 ἐκ

0 1632 270 1692 ξθπροσῶπου
295 1631 412 1688 ὖμων
438 1639 520 1678 τῶν
542 1634 765 1691 θεομάχων
789 1634 1016 1694 διαρρήδην
1038 1634 1322 1694 προαγορεύει,
1359 1634 1530 1693 φάσκων

38 1702 366 1762 αε’νεδρεύσωμεν
394 1704 466 1747 τὸν
491 1706 672 1758 δίκαιον,
708 1705 772 1750 ὅτι
808 1705 1063 1764 δύσχρηστος
1085 1704 1183 1761 ἡμῖν
1207 1707 1293 1749 ε’στὶ
1316 1706 1384 1747 καὶ
1409 1705 1524 1747 ἒναν-
1547 1711 1576 1745 Β

43 1778 202 1816 τιοῦται
228 1780 314 1824 τοῖς
340 1772 474 1831 ἔργοις
501 1772 619 1830 ἡμῶν
646 1777 714 1818 καὶ
748 1776 927 1828 ὀνειδίζει
955 1773 1067 1831 ἡμᾶς
1096 1773 1301 1832 ἁμαρτίας
1320 1773 1433 1833 νόμῳ
1456 1776 1525 1816 καὶ

43 1843 326 1900 ἐπαγγέλλεται
347 1848 494 1899 γνῶσιν
515 1843 617 1899 ἔχειν
634 1849 741 1888 θεοῦ
762 1847 831 1888 καὶ
851 1846 981 1888 παῖδα
1001 1845 1142 1903 κυρίου
1161 1843 1307 1888 ἑαυτὸν
1325 1843 1526 1899 ὀνομάζει.

42 1975 323 2011 excandescente
357 1974 472 2011 animo
504 1988 567 2012 eos
600 1977 755 2013 adorire.
805 1978 896 2013 adde
929 1989 1048 2013 eorum
1080 1976 1239 2022 peccatis
1272 1979 1440 2023 peccata,
1478 1988 1525 2011 ne

40 2028 137 2058 tuam
161 2021 332 2056 iustitiam
355 2022 545 2068 attingant.
594 2029 842 2070 expungantur
863 2027 909 2062 de
932 2024 1022 2060 libro
1044 2024 1262 2067 viventium,
1292 2028 1328 2057 et
1349 2023 1444 2056 inter
1465 2021 1523 2056 iu-

40 2074 116 2105 stos
149 2079 269 2103 eorum
298 2068 440 2103 nomina
469 2081 539 2104 non
565 2071 780 2106 scribantur.
829 2071 965 2117 dissipa
996 2083 1057 2105 eos
1080 2070 1117 2105 vi
1142 2075 1224 2115 tua,
1260 2081 1302 2103 ac
1326 2068 1441 2103 deiice
1460 2078 1524 2102 eos

65 2119 223 2150 rotector
244 2126 341 2149 meus
366 2127 387 2149 o
411 2116 511 2150 deus.
560 2117 707 2160 (Psalm.
727 2119 790 2163 58)
824 2118 1135 2165 deprehendantur
1167 2116 1206 2150 in
1237 2117 1333 2150 fastu
1367 2125 1451 2159 suo,
1486 2120 1524 2149 et

37 2174 76 2196 1n
97 2161 154 2196 ira
176 2160 326 2204 excidii,
351 2173 396 2195 ne
421 2166 576 2197 exstent.
609 2163 660 2198 ita
680 2165 909 2210 experientur
929 2166 1030 2200 deum
1048 2164 1178 2198 Iacobo
1198 2167 1235 2196 et
1255 2161 1383 2195 finibus
1401 2166 1523 2195 terrae

37 2204 252 2255 imperare-’³
298 2207 461 2243 nimirum
496 2209 563 2244 hoc
596 2210 767 2256 innuens,
803 2211 903 2259 ipsos
940 2211 1034 2246 iusto
1068 2209 1126 2244 dei
1161 2208 1294 2244 iudicio
1326 2207 1521 2253 dispersos,

37 2254 280 2291 intellecturos
311 2254 491 2290 Christum
522 2267 600 2291 esse
631 2258 734 2292 deum
763 2259 878 2304 patris
900 2258 1057 2304 ipsorum
1081 2255 1218 2291 Iacobi.
1266 2254 1389 2289 eodem
1415 2253 1522 2288 etiam

37 2301 140 2337 modo
164 2313 230 2336 vos
253 2301 408 2336 traducit
429 2301 570 2346 Moses,
604 2302 637 2338 is
661 2304 723 2349 qui
745 2305 849 2340 deum
872 2305 983 2350 vidit,
1008 2308 1047 2338 ut
1069 2303 1226 2348 impuros
1251 2306 1288 2335 et
1311 2299 1459 2335 stolidos
1484 2305 1522 2334 et

37 2348 211 2394 ingratos.
258 2344 370 2383 “filii’'
393 2348 510 2393 inquit
530 2345 831 2395 “reprehensione
851 2351 970 2397 digni,
1002 2361 1149 2396 pravum
1171 2359 1284 2394 genus
1306 2358 1348 2381 ac
1370 2356 1520 2392 perver-

38 2406 136 2440 sum,
167 2394 339 2430 haeccine
361 2394 503 2430 domino
524 2397 750 2442 rependitis?
783 2398 935 2444 populus
958 2398 1027 2431 iste
1049 2397 1170 2431 fatuus
1193 2400 1248 2429 est
1270 2404 1385 2439 neque
1410 2392 1518 2437 sapit.

35 2453 81 2477 an
105 2453 176 2477 non
201 2442 288 2476 deus
312 2446 417 2487 pater
440 2446 495 2476 est
517 2446 620 2489 tuus,
656 2444 718 2491 qui
742 2449 780 2479 te
805 2444 875 2480 sibi
898 2443 1060 2490 paravit,
1095 2441 1156 2488 qui
1179 2447 1216 2475 te
1240 2439 1347 2484 fecit,
1382 2444 1418 2474 te
1441 2440 1519 2473 for-

35 2484 207 2524 mavitT’
256 2492 448 2533 eapropter
476 2494 574 2524 recte
608 2491 815 2536 pronuntiat
847 2492 934 2526 deus
958 2490 1082 2533 (Deut.
1105 2489 1167 2533 32)
1189 2483 1308 2530 “dixi,
1345 2485 1519 2520 disiician

35 2547 118 2579 eos,
154 2533 300 2570 aboiebo
325 2546 369 2569 ex
393 2535 591 2570 hominibus
615 2549 733 2572 eorum
759 2533 998 2572 memoriam.''
1046 2540 1083 2569 et
1105 2534 1247 2580 quidem
1270 2531 1426 2577 inclytus
1457 2531 1520 2566 ille

33 2581 204 2616 Ieremias
228 2581 411 2616 admodum
435 2581 570 2616 diserte
591 2583 756 2629 exprimit
778 2585 936 2630 quisnam
963 2582 1010 2617 sit
1031 2582 1091 2616 ille
1113 2581 1175 2626 qui
1200 2580 1251 2614 ita
1276 2591 1298 2614 a
1319 2578 1422 2614 vobis
1439 2582 1518 2614 tra-

34 2634 149 2664 ctatus
170 2633 244 2663 est:
275 2623 483 2675 “spiritus‚”
514 2628 632 2674 inquit
662 2630 818 2675 (Thren.
838 2631 899 2676 4),
931 2627 1082 2663 “faciem
1107 2631 1260 2662 vestram
1287 2624 1517 2671 praecedens,

31 2675 218 2718 Christus,
243 2674 518 2720 comprehensus
537 2679 591 2710 est
608 2677 847 2722 perversitate
870 2682 1012 2720 vestra,
1035 2675 1067 2709 is
1093 2674 1138 2709 de
1161 2684 1230 2719 quo
1254 2672 1426 2716 diximus,
1451 2672 1517 2707 sub

32 2722 156 2757 umbra
179 2722 256 2756 eius
281 2733 345 2757 nos
368 2719 465 2756 inter
486 2727 611 2767 gentes
636 2720 912 2760 ambulaturos.'’
959 2733 1002 2757 ac
1033 2732 1155 2756 rursus
1180 2718 1348 2754 solomon
1370 2718 1409 2753 in
1428 2729 1514 2778 per-

34 2779 123 2803 sona
146 2773 287 2813 vestra,
313 2768 487 2813 quomodo
508 2769 635 2804 essetis
656 2770 722 2805 deo
744 2768 988 2814 adversaturi,
1010 2766 1187 2815 praedicit
1210 2765 1318 2812 (Sap.
1337 2766 1397 2810 2):
1441 2763 1512 2799 ‘in-

32 2811 224 2850 sidiemur''
246 2814 363 2860 inquit
384 2811 518 2850 “iusto.
568 2820 623 2850 est
657 2816 748 2851 enim
771 2817 875 2853 nobis
898 2815 1155 2859 incommodus,
1189 2818 1296 2858 atque
1317 2811 1424 2847 factis
1445 2823 1512 2846 no-

32 2861 116 2896 stris
144 2862 375 2907 adversatur,
407 2867 599 2907 nostraque
627 2874 671 2897 ex
698 2862 778 2909 lege
805 2868 955 2909 peccata
976 2861 1080 2897 nobis
1104 2860 1316 2907 exprobrat:
1349 2858 1512 2894 notitiam

31 2907 92 2943 dei
125 2907 195 2942 sibi
228 2908 356 2952 sumit,
388 2919 498 2954 seque
529 2908 638 2944 filium
660 2909 720 2946 dei
741 2910 911 2946 nominat.
958 2908 1079 2956 arguit
1099 2912 1238 2945 nostras
1263 2905 1511 2953 cogitatione-3,

87 2961 222 3009 (ἴσοις.
252 2961 428 2999 Cedrenus
457 2966 539 2999 tom.
568 2963 597 2999 1.
1175 2956 1231 3001 25
