1742 3184
211 197 312 246 744
693 196 935 243 GEORGII
969 195 1217 242 CEDRENI

210 316 253 358 ἐν
268 313 462 374 μετουσίᾳ
481 310 744 370 τυγχάνοντες
771 310 986 369 ἄφθαρτοι
1009 307 1196 355 καθόλου
1220 312 1287 354 καὶ
1316 308 1521 355 ἀθάνατοι
1543 311 1688 367 διαμέ-

208 401 338 428 νουσι.
407 385 475 426 καὶ
506 382 603 426 πότε
631 383 699 425 καὶ
727 385 806 424 ποῦ
833 380 976 424 λοιπὸν
1005 380 1079 436 τὴν
1111 380 1552 438 ἀποκαραδοκουμένην
1582 382 1689 437 ζωὴν

208 453 374 497 αἰώνιον
394 454 462 496 καὶ
483 451 687 510 ἀκήρατον
707 457 795 502 τοῖς
811 457 969 501 πιστοῖς
990 450 1095 493 κατὰ
1115 450 1189 502 τὰς
1204 452 1326 502 θείας
1341 450 1507 510 γραφὰς
1523 451 1561 494 οἱ
1579 456 1689 507 θνη-

205 525 269 567 τοὶ
291 525 358 566 καὶ
380 526 496 579 ψυχῇ
519 523 587 564 καὶ
606 518 767 576 σώματι
786 518 993 571 τεύξονται
1005 539 1021 575 ,·
1065 521 1135 563 καὶ
1161 520 1265 577 πρὸς
1294 518 1427 579 τούτῳ
1449 521 1627 564 ἴστωσαν
1649 521 1687 564 οἳ

208 592 413 648 ἀλόγιστοι
431 593 498 634 καὶ
521 589 691 641 τάλανες
720 588 776 640 ὥς
798 589 959 633 οὐδέπω
986 590 1106 647 μέχρι
1126 591 1194 632 καὶ
1216 587 1394 648 τήμερον
1413 595 1489 646 τῆς
1510 594 1720 641 παλαιᾶςό

207 662 342 705 αὐτῶν
367 662 435 704 καὶ
454 660 583 703 ἀθέου
605 658 762 715 πλάνης
779 656 1086 716 ἀπηλλάγησαν,
1126 659 1222 702 ἀλλ’
1245 660 1287 702 ἐν
1305 657 1568 717 προσχήματι
1587 664 1690 703 θεο-

207 733 369 787 σεβείας
401 731 742 786 εἷδωλολατρυῦσι
770 727 1028 784 λεληθότως,
1083 730 1151 771 καὶ
1183 728 1255 772 τὸν
1289 729 1608 787 ἐγκεκρυμμένον
1636 734 1688 788 τῇ

204 800 408 860 θρησκεία
429 798 565 842 αὐτῶν
583 797 705 841 δόλον
723 803 798 842 τοῦ
816 796 1046 856 ἀρχεκάκου
1066 799 1260 853 δαίμονος
1277 798 1363 842 οὔδ’
1381 797 1488 850 ὅλως
1507 800 1546 842 οἶ
1563 797 1689 842 ἀνού-

153 873 183 909 Β
208 887 349 914 στατοι
375 870 443 911 καὶ
465 867 717 924 ἀπόπληκτοι
736 867 1058 924 ἐπιγινώσκουσι.
1125 866 1253 910 πάλαι
1268 868 1343 923 μὲν
1363 868 1443 927 γὰρ
1469 870 1690 912 εἷδωλολα-

204 943 393 995 τροῦντες
421 939 488 980 καὶ
516 942 567 996 τῇ
589 938 693 996 παρ’
717 936 910 993 Ἓλλησιν
933 938 1156 996 Ἀφροδίτῃ
1180 938 1398 996 λεγομένῃ,
1433 939 1616 982 τουτέστι
1636 943 1688 996 τῇ
1700 945 1742 983 10

201 1007 351 1066 ἡδονῇ,
377 1011 721 1065 προσκυνοῦντες,
748 1009 815 1050 καὶ
835 1006 906 1050 τὸν
927 1008 1079 1065 ἀστέρα
1096 1005 1249 1063 ταύτης
1265 1008 1338 1051 τὸν
1355 1005 1569 1066 ἑωσφόρον
1587 1007 1688 1051 εἶναι

203 1081 524 1134 μυθολογοῦσιν,
567 1076 619 1133 ἣν
643 1076 693 1133 δὴ
718 1079 787 1119 καὶ
807 1077 985 1135 Κουβὰρ
1006 1082 1057 1135 τῇ
1080 1075 1236 1120 ἑαυτῶν
1254 1075 1504 1136 κακεμφάτῳ
1520 1076 1686 1136 γλώσσῃ

202 1145 552 1202 ἐπονομάσαντες,
588 1145 686 1205 ὅπερ
703 1147 789 1190 ἐστὶ
809 1145 981 1204 μεγάλη,
1012 1147 1216 1201 διέμειναν
1237 1147 1314 1198 ἕως
1332 1146 1424 1206 ἄρτι
1442 1147 1519 1203 τὴν
1532 1148 1686 1206 Ἀφρο-

203 1218 318 1273 δίτην
337 1216 439 1260 θεὸν
459 1214 737 1271 ὀνομάζοντες.
813 1217 884 1259 ’ίνα
916 1217 962 1259 δὲ
989 1216 1049 1272 μὴ
1081 1215 1263 1272 δόξωμέν
1291 1235 1375 1261 τισι
1405 1218 1687 1274 ψευδολογεῖν,

201 1288 493 1345 σαφηνίσωμεν
512 1286 559 1329 τὸ
578 1286 683 1343 μέγα
705 1285 840 1329 αὐτῶν
855 1284 1095 1344 μυστήριον.
1166 1285 1247 1341 ἔχει
1271 1287 1317 1330 δὲ
1338 1284 1365 1342 ἦ
1387 1286 1494 1338 λέξις
1510 1292 1585 1342 τῆς
1601 1306 1686 1343 μυ-
1698 1297 1742 1332 15

188 1356 334 1414 ’σαρᾶς
356 1357 490 1399 αὐτῶν
511 1357 578 1398 καὶ
604 1354 876 1411 παμβεβήλου
898 1359 1131 1414 προσευχῆς
1152 1354 1282 1407 οὕτως
1308 1354 1446 1399 “ama
1473 1355 1581 1400 ἀλλά
1608 1357 1687 1401 οὗά

200 1426 358 1483 κουβὰρ
380 1425 526 1470 rima?
582 1427 650 1468 καὶ
672 1425 718 1468 τὸ
736 1426 813 1480 μὲν
833 1425 939 1468 ἀλλᾶ
962 1426 1069 1468 ἀλλᾶ
1088 1423 1349 1483 ἑρμηνεύεται
1370 1423 1392 1468 ὅ
1411 1425 1512 1478 θεὸς
1530 1425 1552 1470 ὃ
1571 1426 1686 1481 θεός,

147 1493 178 1529 C
201 1495 247 1538 τὸ
272 1496 316 1537 δὲ
340 1494 415 1537 οὖά
436 1496 585 1550 μεῖζον,
632 1494 679 1538 τὸ
709 1496 754 1537 δὲ
784 1494 943 1553 κουβάρ
967 1494 1124 1552 μεγάλη
1146 1494 1236 1550 ἤτοι
1263 1493 1410 1551 σελήνη
1437 1497 1507 1539 καὶ
1529 1496 1685 1555 Ἀφρο-

200 1565 304 1620 δίτη.
333 1563 432 1622 ὅπερ
450 1565 558 1609 ἐστὶν
571 1563 714 1617 οὕτως,
733 1562 754 1606 ὅ
773 1565 874 1616 θεὸς
892 1562 912 1608 ὃ
932 1565 1031 1615 θεὸς
1047 1566 1193 1620 μείζων
1211 1566 1280 1608 καὶ
1298 1563 1326 1621 ἦ
1341 1563 1513 1622 μεγάλη,
1528 1565 1595 1609 εἴτ’
1612 1561 1685 1610 οὖν

191 1634 428 1692 Ἀφροδίτη,
463 1632 578 1684 θεός.
646 1636 714 1676 καὶ
731 1637 851 1678 τοῦτο
872 1636 1082 1692 σαφηνίζει
1103 1633 1129 1690 ἡ
1149 1634 1337 1691 ἐπαγωγὴ
1358 1639 1431 1678 τοῦ
1451 1638 1682 1679 τελευταίου
1694 1643 1742 1679 20

199 1704 319 1746 ἀλλᾶ.
364 1703 467 1762 ἅπερ
486 1704 647 1746 ἅπαντα
663 1704 1012 1761 ἕπικεκρυμμένως
1028 1709 1078 1762 τῇ
1096 1702 1267 1760 ἰδιότητι
1288 1708 1361 1759 τῆς
1379 1702 1535 1748 ἕαυτιῦν
1550 1705 1683 1761 γλώτ-

196 1790 271 1828 της
292 1777 501 1816 λαλοῦσιν.
553 1773 659 1815 ἀλλιὶ
682 1773 779 1823 τοὺς
800 1774 875 1827 μὲν
891 1771 1109 1830 χοιρώδεις
1126 1774 1195 1815 καὶ
1218 1771 1490 1827 τελματώδεις
1510 1776 1576 1816 καὶ
1598 1794 1682 1831 μη-

199 1842 267 1883 δὲν
290 1842 510 1903 πλεόνπῆς
531 1839 679 1897 ἣδονῆς
699 1843 767 1884 καὶ
789 1840 998 1899 ῥαστώνης
1019 1841 1178 1893 εἲδότας
1201 1842 1403 1900 ἀφέμενος
1422 1840 1444 1885 ὅ
1466 1841 1598 1900 λόγος,
1627 1843 1683 1897 ὥς

196 1908 511 1967 ἀνεπαισθήτως
526 1915 771 1964 νοσοῦντας,
801 1911 903 1970 πρὸς
922 1911 975 1955 τὰ
995 1909 1089 1968 ἑξῆς
1109 1916 1183 1968 τῆς
1203 1911 1384 1971 ἱστορίας
1393 1914 1593 1972 χωρείτω.

193 2029 265 2065 qua
299 2019 444 2066 decepti
476 2019 679 2057 existimant
710 2033 749 2056 se
779 2021 944 2057 interitus
976 2023 1157 2067 expertem
1186 2021 1296 2057 vitam
1319 2025 1428 2070 atque
1452 2022 1682 2061 immortalem

192 2065 290 2101 inter
315 2067 443 2112 pocula
466 2073 504 2103 et
526 2068 692 2102 convivia
716 2072 870 2103 acturos,
919 2067 980 2103 ubi
1004 2073 1120 2103 autem
1156 2075 1195 2104 et
1222 2069 1362 2115 quando
1394 2075 1542 2107 aeterna
1565 2078 1601 2107 et
1623 2073 1682 2108 in-

191 2118 363 2158 corrupta
385 2114 481 2159 vita,
517 2126 622 2160 quam
655 2115 766 2150 sacris
799 2114 914 2150 literis
945 2115 1150 2161 promissam
1173 2115 1225 2161 pii
1250 2122 1350 2152 certa
1371 2128 1437 2163 spe
1461 2124 1680 2165 exspectant,

191 2157 254 2194 isti
286 2165 323 2195 et
358 2172 508 2207 corpore
538 2166 574 2196 et
607 2161 723 2196 anima
745 2161 911 2196 mortales
936 2161 1209 2207 adipiscentur?
1256 2162 1325 2197 hoc
1350 2175 1491 2210 quoque
1514 2166 1606 2200 fatui
1629 2166 1682 2201 illi

191 2210 301 2251 atque
324 2206 443 2241 miseri
467 2207 594 2253 sciant,
631 2208 726 2254 quod
749 2209 938 2243 etiamnum
962 2213 1086 2243 vetere
1109 2220 1173 2243 suo
1198 2212 1234 2244 et
1256 2209 1366 2256 impio
1392 2222 1514 2246 errore
1537 2211 1682 2248 liberati

191 2263 262 2286 non
283 2258 378 2298 sunt,
402 2255 465 2289 sed
491 2255 556 2288 sub
579 2254 764 2300 religionis
812 2259 974 2290 raetextu
997 2255 1089 2290 salsa
1113 2255 1232 2290 colunt
1257 2257 1409 2300 numina,
1435 2269 1478 2292 ac
1497 2257 1535 2292 in
1554 2271 1597 2293 ea
1615 2261 1681 2294 ab·

190 2298 301 2334 ditum
330 2299 511 2335 daemonis
546 2301 696 2336 omnium
730 2313 785 2336 ma
800 2313 898 2337 orum
931 2301 1087 2336 auctoris
1118 2302 1234 2337 dolum
1259 2314 1346 2348 prae
1370 2303 1479 2339 nimia
1503 2305 1681 2341 dementia

190 2355 233 2379 nc
256 2350 403 2392 stupore
426 2347 520 2381 nullo
546 2348 648 2382 modo
672 2348 971 2383 animadvertunt.
1008 2360 1085 2382 cum
1106 2348 1196 2383 enim
1220 2349 1415 2395 antiquitus
1440 2350 1530 2386 falsa
1553 2363 1681 2398 super-

191 2390 337 2427 stitione
368 2394 507 2429 seducti
537 2394 712 2429 Venerem
744 2396 962 2429 Graecorum
977 2420 987 2438 ‚
1011 2394 1049 2430 id
1072 2400 1129 2430 est
1151 2394 1385 2442 voluptatem,
1410 2397 1540 2432 divinis
1566 2399 1680 2434 hono-

188 2437 287 2473 ribus
312 2439 506 2484 coluerint,
543 2441 750 2487 stellamque
774 2441 850 2476 eius
875 2441 1078 2476 Luciferum
1102 2453 1183 2476 esse
1206 2442 1358 2477 fabulati
1380 2444 1472 2487 sint,
1498 2456 1600 2490 quam
1623 2451 1678 2487 et-

188 2483 258 2518 iam
275 2496 295 2519 a
311 2487 551 2531 magnitudine
572 2487 697 2522 Kubar
718 2499 783 2522 sua
804 2487 927 2533 inepta
949 2487 1071 2533 lingua
1094 2488 1374 2534 appellaverunt,
1397 2490 1437 2525 in
1455 2491 1548 2526 hunc
1566 2503 1680 2537 usque

189 2530 283 2566 diem
302 2532 436 2567 Veneri
459 2546 585 2568 nomen
609 2534 668 2569 dei
691 2534 862 2570 tribuunt.
912 2534 1007 2580 quod
1031 2546 1076 2569 ne
1100 2536 1158 2569 cui
1181 2534 1366 2571 videamur
1387 2537 1536 2582 fingere,
1562 2538 1679 2585 expli-

189 2578 344 2613 cabimus
375 2591 536 2626 magnum
563 2593 684 2616 eorum
720 2581 941 2625 mysterium.
990 2582 1102 2616 verba
1127 2583 1324 2617 obscoenae
1348 2595 1468 2618 eorum
1492 2590 1529 2619 et
1554 2586 1680 2630 profa-

188 2623 354 2659 nissimae
379 2626 596 2672 precationis
621 2628 709 2662 haec
732 2633 816 2663 sunt
834 2624 940 2662 “Aua
962 2626 1041 2662 Ana
1064 2628 1124 2663 Ua
1147 2629 1271 2664 Kubar
1293 2628 1386 2665 Alla.
1418 2629 1511 2665 -Alla
1531 2631 1621 2677 Ana,
1645 2631 1678 2666 si

187 2668 458 2718 interpreteris,
493 2678 549 2708 est
571 2674 658 2708 deus
683 2675 784 2712 deus.
832 2674 892 2709 Ua
914 2674 1039 2709 maior.
1087 2675 1213 2710 Kubar
1234 2687 1382 2721 magna,
1414 2676 1493 2711 sive
1526 2676 1610 2713 luna
1641 2683 1679 2714 et

188 2714 322 2751 Venus.
347 2719 400 2754 ita
421 2732 506 2765 ergo
527 2720 650 2755 habet:
676 2721 763 2755 deus
784 2721 871 2755 deus
893 2720 1005 2755 maior
1028 2724 1067 2755 et
1088 2733 1227 2766 magna,
1247 2721 1409 2758 nimirum
1432 2723 1553 2759 Venus
1573 2725 1675 2760 deus.

187 2766 294 2807 atque
323 2764 390 2799 hoc
421 2766 498 2801 Alla
532 2766 569 2800 in
602 2768 674 2801 fine
707 2768 882 2802 adiectum
915 2765 1074 2812 indicat,
1109 2779 1201 2813 quae
1225 2769 1342 2803 omnia
1373 2770 1594 2816 proprietate
1618 2771 1675 2806 sui

186 2810 357 2843 sermonis
382 2813 555 2847 occultata
580 2814 822 2858 pronuntiant.
871 2813 934 2848 sed
959 2812 1074 2848 oratio
1099 2819 1241 2859 nostra,
1277 2816 1404 2851 missos
1427 2816 1564 2851 faciens
1588 2829 1675 2863 por—

185 2853 284 2889 cinos
307 2855 396 2891 istos
424 2863 461 2892 et
480 2859 654 2894 belluinos
679 2860 857 2903 homines,
895 2859 958 2905 qui
981 2865 1126 2906 praeter
1148 2860 1364 2908 voluptatem
1388 2867 1426 2899 et
1453 2863 1562 2899 otium
1586 2862 1673 2898 nihil

184 2900 301 2937 sciunt
324 2914 367 2938 ac
390 2903 467 2940 sine
491 2917 596 2941 sensu
618 2906 792 2953 laborant,
818 2906 990 2943 historiae
1011 2906 1184 2953 reliquum
1207 2913 1387 2954 pertexat.
