1742 3184
208 165 309 216 314
687 153 927 214 G'Eossen
964 167 1210 214 cEDRENI

209 281 404 340 λαβόντες
425 283 464 327 οἳ
482 283 689 329 ε’πίσκοποι
699 316 713 337 ,
757 282 781 327 ὅ
805 301 846 327 τε
867 287 1126 339 Σαμοσατῶν
1145 285 1213 328 καὶ
1237 282 1258 328 ὃ
1281 288 1355 341 τῆς
1369 282 1583 342 Ἐδέσσης,
1617 288 1686 329 καὶ

210 355 344 413 ἕτεροί
360 371 463 405 τινες
483 358 564 397 τῶν
583 355 766 410 εὖλαβῶν
789 353 836 397 τὸ
864 352 977 410 ἅγιον
1005 355 1131 398 ἐκεῖνο
1154 352 1421 410 ἀπεικόνισμα
1446 355 1576 402 καὶτὸ
1590 371 1687 413 χρι-

209 422 445 483 στόγραφον
466 425 734 467 ἐπιστολίδιον
762 422 915 478 εἷ’χοντο
938 428 1011 477 τῆς
1030 421 1151 473 ὁδοῦ·
1199 425 1266 467 καὶ
1287 415 1410 468 πάλιν
1431 423 1579 482 ἄπειρα
1601 425 1686 468 ἐτε-

208 496 316 536 λεῖτο
341 491 553 547 θαύματα.
609 492 664 545 ὥς
686 493 731 535 δὲ
751 491 1005 548 κατήντησαν
1028 493 1069 535 ἐν
1091 497 1148 552 τῷ
1169 498 1249 536 τῶν
1267 491 1501 549 ὃπτιμάτὼν
1519 494 1686 548 θέματι,

207 563 251 606 ἐν
278 565 337 622 τῷ
358 566 431 618 τῆς
452 560 653 605 θεοτὸκου
674 566 760 620 ναῷ
789 567 846 620 τῷ
866 562 1068 615 Εὗσεβιόυ
1093 563 1312 621 λεγομένῳ,
1347 564 1491 607 πολλοὶ
1513 567 1720 621 προσελ-5

206 630 353 683 θόντες
376 632 480 686 μετὰ
502 633 674 682 πίστεως
694 631 773 674 ἀπὸ
796 629 1139 683 ποικίλωννόσων
1162 631 1358 687 ἴαθησαν.
1418 630 1521 675 ἔνθα
1541 634 1614 675 καί
1627 649 1690 682 τις

207 705 444 759 προσῆλθεν
462 699 541 744 ὑπὸ
561 702 753 756 ὃαιζιιονος
773 700 1060 756 ἐνοχλούμενος
1068 733 1082 754 ,
1118 702 1186 744 καὶ
1201 700 1299 746 τάδε
1319 701 1436 745 οἱονεὶ
1457 701 1690 759 ἀπεφοίβα-

295 769 351 786 (C,
396 770 406 785 Ι

206 788 275 816 σεν
328 774 532 826 απολαβε,
569 769 1020 822 Κωνσταντινούπολις,
1066 768 1192 821 δόξαν
1233 772 1303 813 καὶ
1332 768 1494 828 χαράν,
1541 769 1689 813 καὶσὺ

1574 837 1588 852 ζ

207 840 559 898 πορφυρογὲννητε
588 840 663 895 τὴν
693 841 905 894 βασιλείαν
933 838 1054 883 σου.υ
1125 842 1193 883 καὶ
1221 839 1413 898 παραυτὰ
1441 837 1545 895 ἰάθη
1570 856 1591 881 ο
1617 838 1690 882 ι’ίν-

208 914 395 967 θρωπος.
446 914 497 966 τῇ
519 910 563 952 δὲ
584 907 628 952 ιε’
649 914 722 952 τοῦ
743 907 989 965 Αὐγούστου
1008 907 1151 964 μηνός,
1172 910 1276 953 κατὰ
1296 909 1342 953 τὸ
1366 908 1491 967 ,ςυνβ’
1514 909 1603 959 {tog
1618 912 1691 964 τῆς
1703 917 1742 953 10

62 989 92 1024 Ρ
118 988 184 1025 179
207 982 283 1022 τοῦ
301 977 457 1033 κόσμου
481 979 684 1034 γενέσεως,
705 979 930 1032 κατέλαβον
942 979 1014 1021 τὸν
1027 980 1068 1021 ἐν
1081 979 1335 1035 Βλαχὲρναις
1346 978 1444 1022 ναὸν
1455 982 1529 1034 τῆς
1538 976 1692 1034 ’ὑπερα-

208 1050 299 1106 γιάς
311 1046 508 1091 θεοτόκου
524 1048 562 1090 οἱ
575 1047 620 1091 τό
637 1047 750 1103 ἅγιον
765 1047 1104 1102 διακομιζόμενοι,
1124 1047 1147 1091 ὃ
1165 1050 1232 1102 καὶ
1247 1049 1481 1102 σεβασμίως
1497 1049 1564 1091 καὶ
1578 1064 1693 1104 περι-

208 1121 350 1174 χαρῶς
367 1116 576 1172 ὑπεδέχθη
604 1119 673 1160 καὶ
693 1115 981 1174 προσεκυνήθη
1007 1115 1122 1173 παρά
1143 1134 1184 1160 τε
1201 1121 1283 1160 τῶν
1300 1116 1504 1171 βασιλέων
1524 1118 1592 1159 καὶ
1613 1119 1695 1159 τῶν

213 1190 255 1231 ἐν
273 1187 374 1230 τέλει
394 1188 464 1229 καὶ
485 1190 566 1230 τῶν
591 1190 743 1229 λοιπῶν
764 1185 940 1229 πάντων.
992 1190 1044 1243 τῇ
1066 1187 1109 1229 δὲ
1133 1185 1326 1243 ἐπαύριον
1344 1185 1450 1240 μετὰ
1466 1185 1536 1228 τὸν
1557 1181 1694 1228 ἄσπα-

213 1257 319 1312 σμὸν
351 1258 418 1299 καὶ
447 1255 521 1312 τὴν
543 1253 818 1314 προσκύνησιν
840 1253 1037 1312 ἀράμενοι
1057 1255 1131 1311 τὴν
1159 1259 1233 1299 τοῦ
1257 1257 1446 1314 Χριστοῦ
1476 1253 1611 1298 εἲκόνα
1630 1255 1693 1297 ἐπὶ
1707 1263 1742 1301 1ξ

213 1330 295 1370 τῶν
318 1325 442 1380 ὤμων
469 1323 491 1368 ὅ
519 1342 562 1368 τε
595 1325 805 1383 ἀρχιερεὺς
831 1323 1122 1382 Θεοφύλακτος
1143 1326 1210 1367 καὶ
1233 1324 1270 1367 οἱ
1293 1323 1496 1377 νεάζοντες
1514 1328 1697 1379 βασιλεῖς

217 1394 261 1451 (ὃ
285 1395 363 1453 γὰρ
384 1395 512 1451 γε’ρων
538 1395 596 1437 δι’
624 1395 841 1437 ἀσθένειαν
867 1395 1144 1448 ἀπελείπετο),
1181 1393 1286 1437 ἀλλὰ
1311 1395 1378 1436 καὶ
1400 1393 1439 1436 οἳ
1459 1398 1533 1448 τῆς
1551 1410 1697 1451 γερουε-

213 1467 304 1516 σιάς
319 1464 493 1515 ἅπαντες
501 1464 605 1519 μετὰ
617 1464 768 1515 παντὸς
779 1469 853 1507 τοῦ
867 1468 940 1519 τῆς
952 1464 1166 1518 ἐκκλησίας
1179 1461 1467 1521 πληρώματος,
1480 1467 1529 1520 τῇ
1540 1479 1698 1519 προση-

213 1534 340 1591 κούσῃ
359 1535 590 1592 δορυφορίᾳ
611 1534 875 1591 παρέπεμπον
896 1533 1015 1589 μέχρι
1037 1537 1109 1587 τῆς
1123 1533 1319 1589 χρυσείας
1338 1529 1504 1589 πόρτης.
1560 1532 1698 1575 κάκεῖ-

160 1611 190 1646 Β
215 1608 291 1647 θεν
312 1602 434 1645 πάλιν
455 1601 753 1658 ἀναλαβόμενοι
775 1600 926 1656 ὁμοίως
942 1601 1046 1656 μετὰ
1063 1605 1244 1656 ψαλμῶν
1272 1603 1341 1645 καὶ
1365 1599 1504 1656 ὕμνων
1523 1601 1742 1647 naama-2(

212 1678 290 1728 βον
310 1672 381 1715 τὸν
398 1669 652 1728 περιώνυμον
679 1672 868 1727 μέγιστον
886 1670 983 1713 ναὸν
1004 1675 1077 1726 τῆς
1099 1668 1216 1726 ἁγίας
1235 1673 1399 1730 σοφίας.
1467 1668 1552 1714 εἶτα
1571 1670 1698 1724 ἀνῆλε-

212 1746 294 1785 θον
315 1743 371 1792 εἷς
400 1741 471 1784 τὸν
492 1741 689 1804 βασιλέα,
726 1742 794 1783 καὶ
816 1741 857 1782 ἓν
879 1745 936 1798 τῷ
958 1739 1190 1796 θεομητρὸς
1212 1745 1300 1798 ναῷ
1323 1738 1453 1797 Φάρῳ
1477 1740 1696 1787 κατέθεντο

212 1812 260 1856 τὸ
281 1812 414 1866 τίμιον
435 1812 502 1853 καὶ
527 1809 642 1866 ἅγιον
670 1809 890 1865 ἔκτύπωμα
919 1814 992 1852 τοῦ
1025 1811 1166 1867 κυρίου
1193 1808 1310 1864 ἡμῶν
1335 1809 1470 1866 Ἰησοῦ
1495 1811 1698 1867 Χριστοῦ,

307 1932 355 1967 22
376 1926 612 1974 θεομήτορος
624 1928 645 1963 ?

216 2034 347 2071 Amera
366 2033 582 2068 concedente
595 2058 605 2076 ,
631 2029 792 2078 episcopi
814 2031 1064 2067 samosatenus
1088 2032 1293 2066 Edessenus
1315 2030 1445 2077 aliique
1470 2029 1523 2078 pii
1545 2034 1702 2066 sanctam

217 2082 313 2116 illam
342 2080 496 2125 effigiem
528 2091 570 2113 ac
604 2078 787 2125 epistolam
820 2090 841 2112 a
865 2079 1008 2113 Christo
1045 2079 1210 2125 scriptam
1242 2079 1382 2112 Edessa
1405 2078 1608 2112 auferentes
1634 2077 1703 2112 iter

217 2127 373 2173 ingressi
395 2131 490 2162 sunt.
537 2136 660 2160 rursus
686 2130 757 2160 tum
779 2124 920 2161 infinita
948 2130 1029 2160 sunt
1055 2125 1153 2160 edita
1177 2124 1358 2160 miracula.
1406 2135 1483 2159 cum
1515 2124 1702 2170 pervenis-

218 2179 299 2210 sent
322 2174 367 2208 ad
390 2171 554 2219 templum
578 2171 637 2206 dei
660 2170 856 2216 genitricis,
881 2172 974 2216 quod
1000 2176 1054 2206 est
1075 2171 1112 2206 in
1132 2171 1336 2217 optimatum
1355 2171 1502 2216 regione
1525 2182 1566 2205 ac
1585 2171 1703 2210 Euse-

217 2221 273 2257 bii
296 2220 449 2265 dicitur,
477 2218 577 2253 multi
599 2219 671 2253 fide
698 2217 854 2264 praediti
875 2218 1086 2253 accedentes
1107 2230 1128 2255 a
1153 2218 1263 2255 variis
1287 2218 1418 2253 morbis
1441 2220 1523 2257 sunt
1546 2216 1702 2252 liberati.

218 2267 272 2302 ibi
297 2267 403 2302 etiam
428 2265 571 2311 quidam
592 2264 744 2301 accessit
773 2264 833 2310 qui
863 2276 885 2299 a
916 2265 1084 2300 daemone
1107 2266 1323 2309 vexabatur,
1357 2269 1464 2310 atque
1492 2265 1579 2303 haec
1603 2263 1706 2309 quasi

209 2313 344 2349 divino
365 2313 536 2347 instinctu
558 2310 771 2348 vaticinatus
798 2314 854 2346 est
873 2307 1018 2356 “recipe
1043 2310 1373 2356 Constantinopolis
1400 2309 1547 2355 gloriam
1572 2314 1609 2346 et
1630 2309 1706 2349 lae-

220 2360 357 2404 titiam,
393 2364 504 2405 tuque
526 2358 867 2404 Porphyrogennete
897 2362 993 2393 tuum
1021 2354 1205 2402 mgnum?
1250 2357 1442 2402 statimque
1465 2361 1609 2395 sanatus
1635 2360 1706 2395 est.

222 2406 282 2442 die
300 2406 435 2441 decima
455 2405 580 2451 quinta
592 2403 755 2450 Augusti,
780 2415 870 2440 anno
888 2404 1006 2439 mundi
1023 2404 1126 2448 6452,
1150 2403 1178 2437 ii
1201 2403 1262 2449 qui
1284 2415 1419 2439 sacram
1440 2403 1628 2447 imaginem
1650 2403 1706 2441 fe-

221 2455 360 2498 rebant,
385 2452 599 2487 Blachernas
619 2451 664 2485 ad
682 2451 802 2488 aedem
824 2450 1050 2486 beatissimae
1074 2451 1132 2485 dei
1151 2450 1336 2496 genitricis
1358 2453 1613 2495 pervenerunt.
1654 2449 1707 2487 ibi

221 2504 367 2546 accepta
392 2503 448 2533 est
468 2502 675 2533 reverenter
698 2509 741 2532 ac
764 2508 889 2542 magno
914 2509 992 2532 cum
1014 2497 1167 2543 gaudio,
1193 2498 1411 2542 adorataque
1434 2507 1456 2533 a
1479 2494 1707 2540 Caesaribus,

220 2558 244 2580 a
267 2544 475 2591 proceribus
500 2549 537 2580 et
558 2543 707 2590 reliquis
731 2543 902 2579 omnibus.
950 2544 1125 2590 postridie
1146 2548 1228 2588 post
1248 2542 1493 2578 salutationem
1518 2547 1555 2579 et
1577 2543 1706 2579 adora-

220 2592 366 2635 tionem,
390 2591 545 2626 humeris
570 2591 643 2626 suis
663 2590 834 2627 sublatam
852 2589 1039 2635 imaginem
1064 2590 1200 2626 Christi
1222 2601 1374 2629 summus
1397 2589 1559 2634 pontifex
1583 2589 1705 2623 Theo-

220 2637 410 2684 phylactus
434 2643 472 2672 et
496 2636 720 2682 imperatoris
751 2636 817 2671 filii
849 2636 985 2680 (senex
1009 2637 1101 2672 enim
1123 2635 1366 2677 imbecillitate
1388 2635 1640 2678 detinebatur)
1665 2646 1707 2669 ac

223 2690 412 2729 praeterea
439 2689 623 2719 senatores
657 2695 776 2719 omnes
808 2694 886 2721 cum
921 2682 1089 2719 universa
1125 2682 1442 2718 ecclesiasticorum
1471 2683 1597 2726 turba,
1637 2692 1707 2726 quo

226 2730 331 2763 decet
352 2729 519 2766 comitatu
541 2741 653 2776 usque
683 2729 728 2765 ad
756 2735 893 2775 portam
916 2730 1068 2765 Auream
1092 2731 1326 2767 deduxerunt.
1372 2728 1456 2765 inde
1481 2729 1602 2764 eodem
1622 2726 1708 2769 ritu,

226 2774 370 2822 psalmis
394 2780 431 2810 et
453 2776 592 2820 hymnis
615 2775 802 2820 adhibitis,
837 2776 883 2818 ad
912 2777 1030 2813 nobile
1064 2781 1100 2812 et
1130 2776 1314 2812 maximum
1345 2775 1488 2810 divinae
1510 2772 1709 2820 sapientiae

227 2821 393 2866 templum
417 2821 629 2857 detulerunt.
678 2828 804 2869 postea
827 2823 873 2860 ad
894 2821 1143 2869 imperatorem
1164 2823 1416 2866 ascenderunt,
1452 2826 1490 2857 et
1519 2822 1557 2858 in
1578 2820 1709 2864 Pharo,

229 2879 320 2915 quae
342 2871 398 2903 est
421 2868 528 2913 aedes
551 2868 657 2905 divae
679 2869 852 2917 virginis,
882 2871 1118 2919 venerandam
1142 2875 1250 2917 atque
1271 2880 1408 2906 sectam
1430 2866 1566 2906 Christi
1584 2866 1709 2911 imagi·
