1742 3184
209 134 275 183 24
689 132 931 182 GEORGII
965 130 1211 178 CEDRENI

210 254 280 301 καὶ
309 250 494 307 ποταμὸν
525 250 753 308 διορίζοντα
778 250 905 294 αὐτοῦ
928 249 979 293 τὰ
1005 247 1099 308 δρία
1122 249 1192 301 τὸν
1213 244 1453 308 Εὐφράτην.
1521 248 1629 303 Χαμ
1649 247 1695 291 δὲ

207 326 266 381 τῷ
285 322 460 380 δευτέρῳ
479 320 607 364 αὐτοῦ’
623 321 722 379 υἱῷ,
758 319 894 376 ἄγοντι
916 319 1005 371 ἔτος
1025 317 1101 373 υζ,
1125 319 1249 363 ἔδωκε
1271 319 1345 374 τὴν
1367 318 1469 375 πρὸς
1486 315 1604 361 νότον
1623 320 1693 361 καὶ

206 393 329 445 λίβαν
360 393 428 435 καὶ
457 391 581 449 μέρος
612 395 685 445 τῆς
714 388 868 441 δύσεως
899 389 980 432 ἀπὸ
1003 387 1345 448 Ῥινοκουρούραιν
1366 392 1440 444 τῆς
1460 386 1692 444 Αἰγύπτου,

206 463 440 505 Αἰθιοπίαν
459 462 526 503 καὶ
543 459 756 517 Αἴγυπτον
775 461 843 502 καὶ
861 456 1046 515 Λιβύην,
1075 459 1274 517 Ἀφρικὴν
1293 460 1361 502 καὶ
1383 458 1691 517 Μαυριτανίαν,

209 529 285 582 ἕως
300 516 554 589 (Ηρακλείων
578 533 736 586 στηλῶν
759 528 848 585 ἤτοι
871 529 947 580 ἕως
966 533 1039 579 τοῦ
1061 531 1226 572 δυτικοῢ
1248 530 1315 572 καὶ
1335 529 1534 583 Λιβυκοῦ
1558 528 1688 571 ὠκεα-
1702 533 1725 570 5

88 604 117 639 P
144 604 188 641 12
208 605 304 653 νοῦ,
352 600 536 656 ποταμὸν
558 601 602 643 δὲ
624 601 849 656 διορίζοντα
871 598 941 641 τὸν
960 602 1135 651 Νεῖλον,
1185 598 1231 650 ὃς
1252 600 1319 641 καὶ
1341 600 1382 640 Γ
1380 603 1455 642 εῶν
1482 599 1550 641 καὶ
1570 601 1693 654 Χρυ-

206 668 387 729 σορρόας
408 671 574 727 λέγεται.
640 667 788 727 Ἰάφεθ
816 669 860 711 δὲ
889 672 948 727 τῷ
977 670 1100 728 τρίτῳ
1133 669 1262 712 αὐτοῦ
1289 669 1389 727 υἱῷ,
1435 667 1574 725 ἄγοντι
1604 668 1694 719 ἔτος

206 738 303 792 υκε’,
340 739 419 782 ἀπὸ
445 740 618 795 Μηδίας
646 738 698 782 τὰ
726 739 830 796 πρὸς
853 737 1002 796 ἄρκτον
1025 740 1093 781 καὶ
1112 739 1275 793 δυσμὰς
1297 739 1373 790 ἕως
1391 739 1602 796 Γαδείρων
1623 740 1693 781 καὶ

207 811 490 867 Βρεττανικῶν
512 808 668 865 νήσων,
706 808 919 865 Ἀρμενίαν
932 808 1113 866 Ἰβηρίαν
1131 808 1295 852 Πόντον
1319 806 1510 862 Κόλχους
1526 809 1596 851 καὶ
1618 807 1694 859 τὰς

206 879 301 922 κατ’
322 877 456 934 Ἰόπην
474 877 617 936 χώρας
638 879 705 933 καὶ
733 876 883 934 νήσους
903 879 978 929 ἕως
997 872 1171 929 Ἰταλίας
1192 881 1259 921 καὶ
1280 880 1321 920 Γ
1318 882 1469 922 αλλιῶν
1484 876 1692 929 Ἱσπανίας
1705 882 1742 918 10

204 934 247 992 τε
265 950 332 991 καὶ
353 950 627 1005 Κελτιβηρίας
645 949 711 990 καὶ
731 949 996 991 Λυσιτανῶν.
1068 947 1175 992 οὕτω
1192 950 1364 1007 μερίσας
1381 950 1448 991 καὶ
1475 947 1693 1006 ἐγγράφως

204 1018 472 1072 διαθέμενος,
502 1017 564 1069 ’ὥς
587 1035 736 1075 φασιν,
782 1016 1033 1074 ἓπαναγνούς
1053 1036 1095 1062 τε
1122 1019 1261 1070 αὐτοῖς
1287 1019 1361 1075 τὴν
1384 1016 1592 1074 διαθήκην
1615 1018 1693 1061 αὖ·

202 1091 278 1131 τοῦ
301 1088 600 1144 ἓσφραγίσατο,
646 1087 747 1144 παρ’
785 1085 917 1146 ἑαυτῷ
944 1088 1161 1143 κατασχὼν
1194 1090 1270 1140 ἕως
1295 1093 1368 1132 τοῦ
1401 1087 1545 1146 ,βφςβ’
1577 1088 1692 1139 ἔτους

201 1156 284 1200 ἀπὸ
311 1156 466 1211 Ἀδάμ,
509 1159 550 1200 ἐν
573 1151 606 1215 ᾧ
630 1160 697 1200 καὶ
719 1156 938 1213 ἐκοιμήθη.
1006 1159 1165 1213 μέλλων
1190 1159 1234 1201 δὲ
1255 1162 1446 1202 τελευτᾶν
1468 1159 1690 1201 ἐνετείλατο

201 1232 287 1277 τοῖς
315 1228 445 1284 τρισὶν
471 1226 576 1278 υἲοΐς
604 1227 730 1270 αὐτοῦ
751 1227 907 1282 μηδένα
928 1228 1114 1271 ἐπελθεῖν
1139 1235 1224 1279 τοῖς
1248 1233 1321 1271 τοῦ
1352 1229 1535 1285 ἀδελφοῦ
1563 1226 1691 1285 ὁρίοις
1705 1233 1742 1268 15

202 1297 270 1338 καὶ
292 1294 475 1348 ἀτάκτως
503 1298 717 1351 ἐνεχθῆναι
736 1296 838 1353 πρὸς
858 1295 928 1339 τὸν
958 1298 1116 1354 ἕτερον,
1164 1296 1221 1348 ὥς
1246 1297 1393 1340 τούτου
1420 1299 1690 1354 γενησομένου

149 1372 180 1408 Β
205 1366 333 1408 αι’τίου
357 1364 537 1416 στάσεως
560 1365 698 1416 αὐτοῖς
723 1367 791 1408 καὶ
821 1366 1008 1421 πολέμων
1027 1371 1109 1409 τῶν
1130 1367 1234 1424 πρὸς
1257 1366 1473 1422 ἀλλήλους.
1544 1367 1619 1421 τὴν
1647 1368 1692 1411 δὲ

202 1434 408 1490 διαθήκην
433 1436 560 1478 αὐτοῦ
579 1436 727 1478 δέδωκε
749 1439 808 1493 τῷ
830 1436 926 1490 Σὴμ
956 1434 1010 1486 ὥς
1039 1435 1285 1496 πρωτοτόκῳ
1306 1437 1382 1495 υἱῷ
1406 1439 1474 1479 καὶ
1495 1441 1692 1495 θεοφιλε-

202 1505 329 1563 στέρῳ
339 1536 353 1556 ,
400 1503 445 1555 ὃς
465 1506 532 1547 καὶ
555 1505 630 1560 τὴν
657 1503 876 1560 ἡγεμονίαν
901 1506 1106 1557 διεδέξατο
1126 1507 1222 1560 μετ’
1249 1506 1373 1550 αὐτὸν
1394 1509 1461 1549 καὶ
1480 1507 1556 1559 τὰς
1577 1509 1691 1559 ἐξαι-

201 1574 342 1632 ρέτους
361 1578 442 1616 τῶν
464 1573 566 1631 παρ’
593 1573 722 1616 αὐτοῦ
742 1574 934 1630 εὖλογιῶν
956 1573 1242 1633 ἐκληρώσατο,
1277 1574 1333 1628 ὡς
1356 1578 1424 1620 καὶ
1443 1578 1486 1620 ἐν
1502 1582 1555 1635 τῇ
1566 1579 1608 1619 Γ
1604 1578 1686 1622 ενέ-
1698 1583 1742 1620 20

201 1660 262 1687 σει
283 1643 460 1701 φέρεται.
530 1643 598 1685 καὶ
619 1641 822 1699 ἐκοιμήθη
843 1645 884 1686 ἐν
902 1642 986 1702 ὄρει
1003 1643 1203 1703 Λούβαρ.

335 1711 412 1754 Ἔν
431 1712 475 1754 δὲ
494 1717 551 1771 τῷ
572 1711 718 1770 stipqa'
750 1712 828 1756 ἔτει
848 1718 921 1757 τοῦ
940 1706 1119 1769 κόσμου,
1159 1714 1251 1771 ἤτοι
1273 1714 1379 1770 μετὰ
1401 1715 1595 1760 διακόσια
1611 1716 1689 1774 {my

201 1785 275 1838 τῆς
296 1785 484 1838 τελευτῆς
496 1786 605 1836 Νῶε,
635 1784 874 1842 νεωτερίσας
897 1781 918 1827 ὁ
939 1789 1012 1828 τοῦ
1030 1784 1137 1841 Χὰμ
1156 1785 1246 1838 υἱὸς
1263 1785 1442 1829 Χαναὰν
1459 1787 1584 1844 ἐπέβη
1603 1794 1690 1839 τοῖς

199 1913 378 1950 definiret.
428 1916 560 1951 Chamo
583 1919 699 1952 autem
723 1918 877 1955 secundo
903 1930 966 1954 suo
989 1919 1087 1966 filio,
1112 1932 1239 1956 annum
1264 1920 1385 1966 agenti
1410 1921 1688 1968 quadringente-

201 1961 325 1996 simum
347 1964 543 2009 septimum,
566 1970 698 1999 terram
720 1965 858 2001 addixit
879 1978 970 2012 quae
993 1968 1122 2003 Austro
1148 1974 1185 2002 et
1210 1967 1332 2003 Africo
1359 1974 1415 2003 est
1437 1970 1621 2015 exposita,
1652 1974 1688 2005 et

199 2013 336 2053 partem
357 2010 582 2055 Occidentis,
618 2023 638 2045 a
662 2011 892 2048 Rinocoruris
916 2014 1094 2060 Aegypti,
1127 2014 1353 2061 Aethiopiam
1384 2016 1586 2062 Aegyptum
1621 2016 1689 2050 Li-

198 2055 305 2099 byam
330 2055 484 2092 Africam
509 2057 756 2093 Mauritaniam
771 2086 781 2104 ,
805 2071 918 2105 usque
940 2061 985 2095 ad
1007 2061 1183 2096 columnas
1208 2062 1375 2097 Herculis
1389 2089 1398 2106 ‚
1421 2074 1486 2097 seu
1509 2075 1620 2109 usque
1642 2064 1690 2099 ad

197 2101 379 2138 occiduum
404 2115 444 2138 ac
462 2104 618 2139 Africum
644 2116 810 2140 oceanum
836 2106 1000 2151 fluvium,
1039 2108 1100 2153 qui
1124 2109 1200 2143 eius
1225 2108 1358 2144 dicioni
1382 2109 1552 2144 terminus
1579 2116 1687 2155 esset,

196 2146 315 2183 Nilum
339 2151 540 2196 constituit,
568 2151 628 2197 qui
650 2151 744 2186 idem
770 2153 874 2187 Geon
897 2160 934 2188 et
957 2154 1226 2199 Chrysorrhoas
1251 2155 1374 2202 (quasi
1399 2156 1594 2202 aurifluus)
1620 2170 1687 2203 ap-

195 2193 358 2239 pellatur.
405 2197 529 2243 Iapeto
554 2198 660 2233 tertio
685 2198 759 2233 filio
783 2211 910 2234 annum
933 2201 1054 2246 agenti
1077 2202 1159 2247 425,
1185 2203 1349 2238 attribuit
1371 2204 1541 2249 quicquid
1565 2216 1587 2238 a
1605 2205 1686 2239 Me-

196 2240 257 2275 dia
276 2242 319 2276 ad
338 2245 614 2288 septentrionem
638 2250 674 2280 et
699 2245 785 2280 solis
810 2258 972 2282 occasum
997 2249 1164 2293 pertinet,
1192 2261 1301 2294 usque
1325 2250 1368 2285 ad
1390 2251 1511 2285 Gades
1530 2250 1686 2286 insulas-

196 2298 265 2332 que
284 2288 529 2336 Britannicas,
562 2292 761 2327 Armeniam
793 2293 946 2329 Iberiam
978 2295 1130 2330 Pontum
1168 2296 1319 2331 Colchos
1356 2303 1463 2343 atque
1496 2298 1684 2333 ulteriores

197 2333 360 2378 regiones
396 2342 503 2382 atque
537 2338 670 2373 insulas
703 2351 815 2385 usque
850 2341 894 2375 ad
917 2341 1075 2386 Italiam,
1111 2342 1249 2378 Gallias
1282 2344 1491 2390 Hispaniam
1524 2345 1685 2380 Celtibe-

196 2380 283 2415 riam
311 2387 347 2416 et
363 2381 567 2420 Lusitanos.
615 2397 692 2420 cum
715 2387 760 2421 ad
782 2385 875 2421 hunc
898 2389 1036 2423 modum
1059 2388 1244 2425 divisisset
1264 2391 1469 2438 scriptoque
1494 2403 1592 2426 suam
1616 2404 1685 2426 vo-

195 2424 363 2463 luntatem
385 2434 534 2466 testatus
559 2438 666 2476 esset,
689 2438 728 2468 ut
750 2433 963 2480 perhibent,
986 2435 1022 2470 id
1045 2435 1114 2471 illis
1138 2436 1323 2483 recitavit,
1349 2444 1456 2483 atque
1478 2444 1564 2485 post
1586 2439 1684 2473 obsi-

196 2478 339 2516 gnatum
366 2486 474 2520 penes
503 2490 542 2513 se
569 2479 723 2514 detinuit
745 2491 856 2526 usque
881 2482 927 2516 ad
951 2493 1078 2517 annum
1102 2485 1146 2519 ab
1170 2484 1304 2519 Adamo
1328 2486 1440 2530 2592,
1480 2496 1549 2530 quo
1572 2486 1684 2521 vitam

195 2519 326 2573 finivit.
374 2524 561 2560 moriturus
589 2526 702 2561 tribus
729 2526 813 2561 filiis
845 2528 919 2563 suis
951 2530 1131 2565 mandavit
1155 2542 1199 2566 ne
1224 2531 1303 2577 quis
1327 2543 1449 2566 eorum
1475 2531 1599 2567 fratris
1623 2544 1684 2567 re-

196 2576 335 2620 gionem
359 2567 544 2605 invaderet
567 2584 691 2608 eumve
715 2572 846 2608 iniuria
869 2575 988 2621 aliqua
1008 2577 1194 2612 afficeret:
1228 2578 1387 2625 alioquin
1421 2578 1490 2613 hoc
1520 2579 1572 2614 eis
1607 2579 1685 2614 dis-

196 2613 391 2648 cord1arum
413 2622 448 2650 et
468 2618 636 2654 bellorum
658 2620 904 2656 intestinorum
925 2634 1061 2658 causam
1086 2623 1283 2660 allaturum.
1308 2630 1556 2660 testamentum
1575 2626 1683 2661 Semo

197 2657 330 2705 quippe
356 2666 472 2696 aetate
496 2676 538 2698 ac
560 2666 693 2710 pietate
717 2668 916 2713 praestanti
939 2670 1106 2705 tradidit:
1143 2671 1174 2705 is
1200 2672 1234 2706 ei
1257 2672 1295 2707 in
1322 2671 1473 2718 imperio
1495 2673 1682 2718 successit,

197 2709 304 2750 atque
333 2707 476 2743 eximias
507 2713 784 2759 prosperitates,
821 2726 910 2761 quas
935 2717 970 2751 ei
991 2722 1157 2763 precatus
1180 2718 1299 2754 fuerat
1322 2725 1449 2765 pater,
1481 2719 1684 2755 hereditate

196 2758 413 2835 conspolitusl.)
430 2760 504 2800 est,
536 2760 629 2803 quod
660 2760 764 2796 etiam
786 2761 824 2797 in
847 2763 984 2798 Genesi
1007 2763 1177 2811 scriptum
1202 2770 1332 2801 exstat.
1381 2765 1544 2802 humatus
1567 2766 1684 2809 estin

194 2807 277 2832 mon
295 2810 314 2833 e
368 2811 390 2834 u
417 2811 491 2836 aro.

288 2845 389 2882 Anno
413 2847 531 2887 mundi
550 2850 653 2916 2792,
678 2853 780 2891 annis
803 2855 848 2893 ab
873 2855 973 2895 obitu
994 2856 1101 2895 Noae
1123 2858 1300 2906 ducentis,
1324 2858 1451 2896 ehami
1471 2859 1566 2897 filius
1585 2859 1689 2897 Cha-.
