1742 3184
194 213 294 262 306
677 211 918 258 GEORGII
952 207 1201 254 CEDRENI

159 332 162 335 ’
190 325 442 388 Ἀπριλλίου
481 325 533 382 λ’,
579 329 728 372 Μαΐου
759 322 838 377 λα’,
879 322 1056 366 Ἰουνίου
1087 319 1139 376 λ’,
1176 322 1356 365 ’Ἰουλίου
1386 318 1467 376 λα’,
1510 319 1681 380 Αὐγού-

195 416 295 443 στου
313 396 393 451 λα’,
416 395 696 453 Σεπτεμβρίου
717 392 767 445 λ’,
798 393 1051 450 Ὀκτωβρίου
1071 390 1152 444 λα’,
1179 392 1417 449 Νοεμβρίου
1433 390 1484 445 λ’,
1520 394 1683 447 Δεκεμ-

194 470 314 527 βρίου
351 458 430 516 λαὶ,
469 463 732 521 Ἰανουαριόυ
767 459 816 514 ς’,
863 460 969 516 ὁμοῦ
998 460 1101 505 σπε’.
1169 459 1322 512 ταύτας
1348 459 1474 518 &queste
1505 463 1568 504 ἐπὶ
1602 466 1682 505 τῶν

195 536 318 586 ἑπτά,
345 534 470 590 λέγων
500 531 622 576 ἕπτάϊ
645 530 689 587 μ’
719 530 801 582 σῖτ’,
830 532 967 573 λοιπαὶ
998 528 1043 573 ε’.
1113 528 1289 587 ἔγνωμεν
1311 524 1384 574 οὖν
1409 528 1466 580 ὥς
1488 531 1531 573 ἓν
1557 528 1586 573 ε’
1610 536 1683 586 τῆς

141 612 171 648 Β
197 600 428 660 ἑβδομάδος
453 600 587 662 ἡμέρᾳ
618 601 848 655 ἐβαπτίσθη
884 598 905 642 ὃ
940 597 1093 655 κύριος.
1163 599 1269 642 καθ’
1301 598 1351 654 ἣν
1380 596 1536 656 ἡμέραν
1562 599 1717 650 αὖτὸς5

195 674 217 719 ὃ
247 671 386 730 κύριος
419 672 664 728 προσέταξεν
693 671 898 725 ἐξαγαγεῖν
927 669 980 711 τὰ
1005 668 1140 712 ὕδατα
1173 666 1321 725 ἑρπετὰ
1349 672 1499 722 ψυχῶν
1531 670 1684 721 ζωσιόν,

196 743 322 792 αὐτὸς
353 742 417 783 ἐπὶ
450 740 657 799 συντελείᾳ
687 743 769 782 τῶν
801 735 960 781 αἰώνων
985 738 1218 794 ε’βαπτίσθη
1244 738 1312 780 καὶ
1336 734 1476 793 ἧγίασε
1500 737 1549 781 τὸ
1569 735 1684 795 ὕδωρ

198 813 265 857 καὶ
287 809 484 864 ζωοποιόν
502 807 601 864 ἡμῖν
620 805 910 865 ἀπειργάσατο.

335 878 463 923 Μετὰ
491 878 537 921 δὲ
568 877 615 920 τὸ
646 881 952 932 βαπτισθῆναι,
988 877 1056 918 καὶ
1087 879 1364 932 πειρασθῆναι
1390 872 1470 918 ὕπὸ
1499 878 1574 918 τοῦ
1597 878 1687 918 Σα-

199 953 304 995 τανᾶ
336 949 378 991 ἓν
411 952 462 1005 τῇ
496 944 662 1005 ἐρήμῳ,
696 948 764 988 καὶ
787 950 949 1000 νικῆσαι
973 945 1044 988 τὸν
1068 944 1333 1001 πειράζοντα,
1368 945 1606 1002 παρεγένετο
1631 946 1687 995 εἲς
1701 950 1742 987 10

199 1019 274 1075 τὴν
295 1017 522 1060 Γαλιλαίαν
545 1013 762 1073 κηρύσσων
778 1015 824 1058 τὸ
844 1015 1073 1071 εὐαγγέλιον
1092 1019 1167 1069 τῆς
1187 1015 1419 1067 βασιλείας,
1456 1015 1523 1057 καὶ
1552 1011 1689 1056 κελεύ-

202 1105 280 1139 σας
308 1086 405 1136 τοῧς
429 1085 629 1141 μαθητὰς
651 1083 947 1135 πιστεύσαντας
970 1085 1038 1126 καὶ
1062 1084 1306 1137 δεξαμένους
1332 1083 1377 1126 τὸ
1403 1081 1593 1141 κήρυγμα
1615 1087 1691 1138 τῆς

204 1157 411 1211 εὐσεβείας
445 1155 631 1198 ἀνελθεῖν
662 1154 752 1208 μετ’
793 1153 920 1197 αὐτοῦ
957 1155 1014 1204 εἰς
1047 1150 1347 1210 Ἱεροσόλυμα,
1404 1150 1599 1209 ἑορτάσαι
1642 1152 1689 1194 τὸ

202 1225 370 1281 νομικὸν
398 1221 552 1280 πάσχα.
622 1221 708 1266 εἶτα
735 1223 925 1274 θέλοντες
950 1226 1099 1279 γνῶναι
1128 1225 1262 1278 ποστῇ
1281 1225 1355 1264 τοῦ
1377 1220 1507 1277 μηνὸς
1531 1220 1692 1279 ἔφθασε

152 1310 184 1346 c
208 1294 313 1340 κατὰ
333 1293 379 1337 τὸ
398 1293 532 1351 παρὸν
549 1290 673 1351 ,εφλζ
692 1292 807 1343 ἔτους
816 1324 829 1345 ,
858 1290 988 1349 ἀρχὴν
1005 1292 1195 1348 εἰληφυῖα
1214 1290 1294 1333 ἀπὸ
1317 1287 1382 1333 κα’
1399 1294 1475 1334 τοῦ
1491 1291 1690 1348 Μαρτίου
1705 1298 1742 1334 15

205 1362 334 1422 μηνός
342 1396 354 1416 ,
389 1361 416 1418 ’ἢ
438 1362 489 1405 ιδ’
511 1366 585 1406 τοῦ
607 1359 771 1420 πρώτου
792 1361 923 1416 μηνὸς
939 1364 1012 1415 τῆς
1031 1359 1221 1416 σελήνης,
1256 1358 1309 1403 τὰ
1328 1358 1454 1418 ,εφλςί
1475 1358 1694 1417 ὓφείλομεν

208 1435 272 1477 ἐπὶ
291 1436 374 1476 τῶν
397 1430 472 1474 ιθ’.
516 1433 653 1474 λοιπαὶ
675 1428 723 1483 ζ’.
766 1429 919 1482 ταύτας
943 1427 1396 1482 ἑνδεκαπλασιάζοντες,
1425 1430 1602 1486 γίνονται
1625 1426 1696 1482 οζ’.

208 1503 356 1558 ἔκβαλε
386 1499 613 1560 τριακάδας
640 1500 748 1552 δύω,
786 1500 910 1557 λέγων
929 1501 1004 1551 -δὶς
1031 1496 1067 1541 λ’
1098 1496 1155 1550 ξ’·
1190 1500 1328 1540 λοιπαὶ
1354 1496 1417 1551 ιζ’.
1485 1497 1695 1556 πρόσβαλε

208 1570 376 1621 ταύταις
396 1576 504 1628 τρεῖς
522 1570 597 1620 τὰς
617 1569 697 1626 πρὸ
719 1573 800 1611 τῶν
822 1567 1074 1627 φωστήρων,
1108 1566 1188 1625 πρὸ
1209 1565 1379 1623 σελήνης
1398 1565 1446 1620 ζ’,
1481 1568 1549 1610 καὶ
1569 1565 1602 1620 ζ’
1621 1567 1698 1618 τὰς

199 1641 294 1686 ’ἀπὸ
322 1638 402 1692 κα’,
438 1641 507 1682 καὶ
538 1639 665 1693 αὐτῆς
693 1642 766 1680 τοῦ
795 1639 993 1696 Μαρτίου
1018 1634 1160 1692 μηνός.
1214 1633 1319 1691 ὅμοῦ
1345 1634 1432 1691 μδ’.
1482 1634 1609 1694 ὕφελε
1636 1634 1742 1683 λ’·Ξ(

213 1711 353 1754 λοιπαὶ
386 1705 453 1751 ιδ’.
522 1708 591 1750 καὶ
625 1707 810 1764 ἔφθασεν
841 1705 868 1763 ἦ
904 1705 956 1750 ιδ’
990 1710 1064 1749 τοῦ
1092 1702 1256 1763 πρώτου
1280 1705 1409 1762 μηνὸς
1430 1709 1504 1760 τῆς
1530 1703 1701 1761 σελήνης

213 1782 267 1837 τῇ
284 1776 343 1831 κζ’
362 1780 436 1820 τοῦ
455 1777 655 1834 Μαρτίου
674 1775 816 1831 μηνός.
886 1773 971 1819 εἶτα
985 1776 1176 1826 θέλοντες
1192 1779 1342 1831 γνῶναι
1363 1776 1430 1818 καὶ
1452 1776 1548 1835 ποίᾳ
1567 1773 1701 1835 ἡμέρᾳ

215 1846 402 1906 ἔφθασεν
421 1843 449 1901 ἡ
469 1845 573 1901 αὗτὴ
595 1844 755 1897 ιδ”κτοῖς
776 1842 918 1904 ἐφλξ,
953 1846 1229 1904 προστίθεμεν
1246 1844 1292 1888 τὸ
1311 1845 1526 1903 τέταρτον,
1553 1842 1701 1903 damry,

219 2021 311 2060 Maii
327 2021 372 2057 31
386 2046 398 2066 ,
429 2019 525 2055 Iunii
545 2020 613 2066 30,
645 2018 728 2055 Iulii
747 2020 813 2065 31,
847 2018 998 2065 Augusti
1017 2019 1083 2064 31,
1114 2018 1336 2065 Septembris
1359 2019 1424 2064 30,
1449 2020 1620 2055 Octobris
1643 2020 1704 2066 31,

218 2066 435 2107 Novembris
457 2067 524 2112 30,
554 2067 760 2102 Decembris
783 2067 851 2112 31,
880 2065 1039 2100 Ianuarii
1061 2067 1096 2100 6.
1144 2077 1277 2101 summa
1296 2067 1379 2103 285.
1427 2066 1518 2102 haec
1547 2079 1613 2112 per
1643 2079 1704 2102 se-

220 2114 420 2164 ptenarium
455 2113 597 2159 divide,
632 2113 699 2149 hoc
730 2116 847 2159 pacto.
894 2113 1027 2158 septies
1057 2110 1104 2147 40
1136 2118 1218 2147 sunt
1237 2113 1319 2148 280.
1366 2117 1504 2149 restant
1535 2113 1705 2160 quinque.

220 2163 275 2200 sic
308 2159 507 2196 invenimus
539 2161 663 2207 quinta
696 2160 914 2206 septimanae
941 2158 999 2194 die
1030 2158 1207 2194 dominum
1225 2159 1339 2194 fuisse
1359 2159 1588 2205 baptizatum.
1635 2170 1706 2205 qua.

223 2209 318 2244 enim
340 2207 400 2243 die
422 2206 501 2253 ipse
526 2206 681 2242 iusserat
703 2217 813 2252 aquas
835 2205 1033 2252 producere
1056 2205 1219 2251 reptilia,
1255 2205 1420 2241 animalia
1451 2206 1630 2251 viventia,
1663 2217 1709 2240 ea.

223 2255 263 2291 in
284 2255 355 2290 fine
376 2254 572 2335 seg-ulmum
597 2253 702 2289 etiam
723 2252 925 2299 baptizatus
948 2263 1072 2298 aquam
1093 2253 1334 2298 consecravit,
1357 2257 1467 2299 utque
1484 2253 1587 2288 nobis
1611 2256 1708 2288 esset

222 2302 369 2338 vivifica
393 2313 412 2335 e
441 2300 526 2336 ecit.

318 2347 511 2392 Postquam
541 2344 744 2392 baptizatus
775 2344 814 2379 in
844 2343 1037 2380 solitudine
1061 2357 1082 2380 a
1109 2345 1244 2381 Satana
1275 2348 1433 2381 tentatus
1455 2344 1502 2380 de
1524 2356 1567 2380 eo
1589 2343 1708 2380 victo-

224 2393 315 2430 riam
343 2393 502 2437 rettulit,
537 2393 576 2427 in
607 2392 802 2427 Galilaeam
834 2392 1015 2437 profectus
1043 2395 1117 2436 est,
1151 2391 1274 2439 ibique
1294 2392 1425 2427 laetum
1447 2391 1494 2427 de
1515 2403 1627 2437 regno
1648 2391 1709 2427 dei

226 2439 387 2476 nuntium
417 2439 566 2484 dididit,
603 2438 864 2484 discipulosque
895 2438 957 2484 qui
987 2438 1211 2474 crediderant
1243 2443 1280 2474 et
1313 2437 1460 2484 pietatis
1484 2438 1710 2484 praeconium

227 2486 382 2533 amplexi
400 2491 520 2531 erant,
545 2497 664 2521 secum
681 2484 931 2530 Hierosolyma
950 2484 1166 2520 adscendere
1183 2485 1289 2520 iussit
1305 2485 1350 2519 ad
1368 2484 1502 2531 pascha
1518 2485 1710 2520 secundum

228 2533 320 2578 legis
352 2532 610 2579 praescriptum
642 2531 901 2567 celebrandum.
949 2531 1018 2566 iam
1041 2532 1073 2566 si
1096 2531 1242 2567 velimus
1277 2542 1490 2576 cognoscere
1517 2536 1626 2577 quota
1651 2531 1710 2565 die

228 2579 359 2613 mensis
381 2579 565 2614 incidisset
576 2578 625 2613 ,in
648 2582 869 2626 praesentem
899 2589 1025 2613 annum
1050 2578 1166 2622 5537,
1197 2578 1333 2612 initium
1365 2581 1469 2613 nacta
1493 2589 1515 2612 a
1537 2577 1711 2623 vigesima

229 2625 354 2660 Martii
383 2624 461 2670 die,
497 2625 634 2660 decima
663 2629 790 2671 quarta
818 2623 894 2659 dies
925 2624 1029 2669 primi
1061 2620 1191 2659 mensis
1213 2624 1367 2668 lunaris,
1402 2623 1599 2659 dividemus
1619 2623 1711 2659 5536

232 2682 300 2717 per
333 2671 395 2705 192
433 2676 644 2717 supererunt
675 2672 711 2708 7.
758 2669 860 2706 huius
896 2670 1126 2717 undecuplum
1160 2675 1215 2706 est
1245 2672 1304 2707 77.
1350 2669 1407 2706 bis
1440 2670 1488 2706 tri
1515 2670 1608 2715 ‘nta‚
1643 2669 1712 2704 hoc

234 2719 291 2750 est
313 2717 379 2760 60,
402 2716 486 2752 inde
505 2718 625 2753 aufer:
651 2719 836 2753 restabunt
859 2717 914 2752 17.
962 2717 1051 2752 adde
1073 2717 1128 2751 his
1151 2721 1246 2761 tres,
1270 2727 1363 2762 quae
1387 2721 1469 2752 ante
1490 2683 1711 2751 ffiminarium

234 2761 364 2796 coitum
388 2769 489 2798 sunt:
520 2769 603 2799 ante
625 2763 739 2800 lunam
762 2765 805 2809 7,
839 2769 876 2798 et
901 2763 988 2798 alias
1018 2765 1040 2799 7
1066 2764 1111 2798 ab
1141 2763 1314 2808 vigesima
1344 2763 1456 2809 prima
1485 2762 1608 2797 Martii
1637 2761 1711 2796 die.

232 2818 367 2843 summa
396 2809 454 2843 44.
501 2810 583 2845 hinc
615 2810 700 2845 tolle
731 2811 796 2846 30:
832 2814 1023 2855 supersunt
1049 2809 1105 2845 14.
1153 2809 1274 2856 itaque
1304 2810 1440 2845 decima
1460 2814 1586 2855 quarta
1606 2808 1713 2854 primi

232 2852 363 2888 mensis
392 2853 496 2889 lunae
527 2857 603 2891 dies
634 2856 759 2892 incidit
786 2857 824 2891 in
856 2856 1063 2901 vigesimum
1092 2855 1278 2901 septimum
1308 2855 1430 2890 Martii
1452 2856 1557 2892 diem.
1605 2865 1712 2901 porro

231 2898 394 2936 volentes
430 2911 644 2947 cognoscere
683 2908 791 2950 quota
832 2901 908 2940 dies
943 2902 1162 2949 septimanae
1192 2902 1322 2949 fuerit,
1364 2903 1453 2940 adde
1481 2902 1712 2949 quadrantem
