1742 3184
202 172 303 231 6572
523 207 528 211 -
689 181 933 228 GEoRGn
961 176 1208 226 CEDREM

202 297 344 356 ἑτέραν
371 294 572 354 βουλήν.”
645 297 668 342 ὃ
700 298 748 342 δέ
777 313 880 356 φησι
915 294 1067 340 “ποίαν
1095 293 1254 353 ταύτην
1264 295 1315 353 ,·”
1361 298 1430 340 καὶ
1464 295 1485 340 ὃ
1522 291 1686 353 ἀληθὴς

202 367 383 425 ἐλεήμων
410 368 650 425 ἀπεκρίνατο
679 365 831 424 ἐδεῦρο
856 366 913 417 εἷς
931 366 1006 422 τὴν
1025 366 1255 423 ἐκκλησίαν,
1291 367 1358 409 καὶ
1380 367 1468 409 εἶπέ
1489 364 1580 409 ”οὖκ
1605 368 1686 421 εῗμὶ

201 438 281 495 ἐγὼ
309 436 421 495 κύριε
450 434 471 480 ὅ
504 435 680 493 ποιήσας
705 435 779 492 τὴν
797 435 1071 492 ἐλεημοσύνην
1090 437 1255 492 ἐκείνην,
1292 435 1386 479 ἀλλ’
1413 430 1532 486 οὗτός
1554 437 1639 479 ἐστι
1649 434 1683 487 ‚³

200 510 268 551 καὶ
289 508 451 565 παρέξω
471 524 535 549 σοι
559 506 633 558 τὰς
651 503 870 562 τριάκοντα
890 506 1033 563 λίτρας
1051 505 1241 557 εὖθέως.”
1315 503 1337 548 ὅ
1361 506 1407 548 δὲ
1430 506 1688 562 ταλαίπωρος

200 579 350 628 ἐκεῖνος
369 576 592 632 ἄνθρωπος
613 576 862 630 συνθέμενος
878 579 999 619 τοῦτο
1025 577 1093 618 καὶ
1114 575 1219 634 πρὸς
1235 575 1309 631 τὴν
1327 575 1542 631 ἐκκλησίαν
1560 575 1684 616 ἀπελ-
1697 580 1720 615 5

149 657 181 692 C
208 645 313 699 θεόν,
348 646 394 689 τὸ
419 646 591 702 χρυσίον
623 647 665 687 ἐν
681 646 801 703 χερσὶ
826 644 966 699 λαβὼν
989 646 1055 687 καὶ
1079 645 1151 688 τὸν
1171 643 1291 702 λόγον
1311 643 1447 696 εἲπῶν,
1482 645 1524 687 ἐν
1542 647 1601 702 τῷ
1621 645 1687 694 ἐξ-

202 716 400 774 έρχεσθαι
434 713 559 756 αὐτὸν
591 715 725 757 πεσὼν
754 713 867 772 παρὰ
898 714 973 770 τὴν
1004 713 1136 771 πύλην
1163 719 1239 771 τῆς
1259 715 1473 769 ἐκκλησίας
1493 713 1689 756 ἀπέθανε.

201 790 284 828 τῶν
304 786 505 841 κληρικῶν
528 784 574 826 δὲ
595 783 872 840 ἐκπλαγέντων
892 785 960 826 καὶ
978 782 1142 827 πάντων
1161 788 1243 827 τῶν
1267 781 1529 841 εὖρεθέντων,
1565 799 1688 840 προε-

199 855 394 912 τρέποντο
430 852 502 895 τὸν
535 851 675 910 κύριον
705 858 787 898 τῶν
817 851 1082 908 νομισμάτων
1116 858 1257 908 λαβεῖν
1289 851 1407 896 αὐτά.
1478 850 1500 894 ὅ
1536 853 1581 894 δὲ
1614 852 1688 894 οὐκ

1362 920 1373 936 Ι
1429 919 1478 936 (ἒξ

200 925 393 978 ἐπείσθη,
430 922 537 965 ἀλλὰ
567 930 653 974 τοῖς
682 929 860 978 πτωχοῖς
888 928 1020 967 ταῦτα
1051 923 1244 977 διένειμεν
1276 925 1398 965 εῗπων
1461 939 1482 964 ο
1512 921 1612 971 θεὸς
1637 921 1684 963 οὔ
1699 925 1742 961 10

198 991 529 1049 μυκτηριζεται.”
600 990 627 1047 ἡ
655 993 735 1049 γὰρ
767 992 869 1050 πρὸς
895 993 967 1035 τὸν
998 992 1099 1035 θεὸν
1127 992 1342 1049 ἐπαγγελία
1372 990 1420 1035 οὗ
1440 989 1567 1046 μόνον
1591 989 1688 1047 ἄχρι

197 1060 424 1120 χρημάτων
448 1061 554 1103 ἀλλὰ
577 1064 644 1104 καὶ
667 1062 788 1118 μέχρι
811 1060 934 1118 λόγου
957 1060 1112 1119 φθάνει
1131 1064 1201 1105 καὶ
1223 1061 1513 1120 προαιρέσεως.
1585 1058 1689 1102 ἀνά-

198 1149 275 1188 γκη
293 1132 428 1175 τοίνυν
449 1130 691 1174 ἀποδιδόναι
710 1129 866 1181 πάντας
884 1132 937 1174 τὰ
959 1131 1231 1188 ἐπηγγελμένα
1255 1131 1359 1188 πρὸς
1375 1128 1490 1183 θεόν,
1524 1129 1599 1185 τὴν
1613 1130 1689 1183 μὲν

200 1202 411 1257 παρθένον
430 1200 505 1255 τὴν
520 1202 763 1258 παρθενίαν,
799 1201 873 1256 τὴν
892 1202 936 1244 δὲ
959 1203 1133 1259 ἐγκρατῆ
1152 1201 1228 1257 τὴν
1248 1198 1497 1259 ἐγκράτειαν,
1530 1199 1625 1248 τοὺς
1646 1198 1688 1240 ἐν

148 1281 180 1317 D
201 1269 322 1329 γάμῳ
344 1269 419 1325 τὴν
440 1269 715 1328 σωφροσύνην
738 1272 806 1313 καὶ
827 1270 901 1325 τὴν
921 1271 1027 1329 πρὸς
1047 1268 1250 1326 ἀλλήλους
1270 1269 1391 1325 τιμὴν
1415 1271 1482 1311 καὶ
1511 1266 1683 1325 ἀγάπην,
1699 1270 1742 1306 15

198 1342 268 1383 καὶ
290 1339 406 1390 τέλος
427 1338 584 1391 πάντας
603 1340 678 1396 τὴν
698 1342 755 1392 εἷς
773 1339 875 1383 θεὸν
897 1342 1031 1384 πίστιν
1057 1341 1126 1383 καὶ
1146 1338 1362 1395 εὐλάβειαν
1383 1340 1452 1382 καὶ
1476 1336 1688 1382 δικαιοσύ-

196 1428 271 1466 νην
294 1411 362 1452 καὶ
385 1409 568 1466 ἀνδρίαν.

339 1479 426 1521 Καὶ
450 1479 492 1520 ἐν
511 1478 793 1539 Ἀλεξανδρεία
813 1478 857 1521 δὲ
878 1475 1032 1535 ἐγένετό
1051 1496 1090 1522 τι
1111 1482 1311 1522 τοιοῦτον.
1379 1474 1599 1527 ἐπίσκοπός
1627 1493 1689 1528 τις

198 1548 377 1604 εὐλαβὴς
397 1546 506 1590 πάνυ
530 1550 701 1604 πλησίον
720 1547 824 1603 ἔχων
843 1547 933 1591 τινὰ
954 1546 1184 1606 φιλόσοφον
1201 1546 1407 1606 Εὗάγριον
1425 1545 1688 1602 καλούμενον,

197 1617 360 1675 ἑταῖρον
387 1617 462 1672 μὲν
492 1618 619 1661 αὐτοῦ
652 1617 866 1674 γενόμενον
897 1618 939 1659 ἐν
961 1625 1047 1668 τοῖς
1070 1619 1396 1674 παιδευτηριόις,
1433 1616 1614 1672 τ’.Ελληνοι
1643 1616 1688 1658 δὲ
1699 1618 1742 1654 20

194 1687 270 1743 τὴν
301 1687 553 1744 θρησκείαν,
609 1686 656 1729 ὃν
687 1685 707 1729 ὃ
738 1688 957 1738 ἐπίσκοπος
988 1691 1229 1742 μεταθεῖναι
1257 1685 1510 1742 βουλόμενος
1542 1687 1586 1728 ἐκ
1617 1689 1692 1740 τῆς

196 1757 494 1810 εἶδωλομανίας
519 1755 624 1813 πρὸς
642 1756 716 1811 τὴν
737 1761 810 1798 τοῦ
832 1759 1021 1813 Χριστοῦ
1042 1757 1177 1799 πίστιν
1198 1760 1377 1810 συνεχῶς
1399 1758 1689 1813 προσεκαλεῖτο

195 1827 266 1868 καὶ
291 1825 501 1881 διελέγετο.
570 1830 643 1867 τοῦ
674 1826 719 1867 δὲ
750 1824 808 1880 μὴ
842 1825 1091 1880 πειθομένου
1113 1825 1220 1867 ἀλλὰ
1239 1826 1307 1867 καὶ
1327 1827 1523 1882 σφοδρῶς
1544 1826 1693 1879 δυσχε-

1386 1892 1412 1908 ‘t
1423 1893 1443 1908 ‘l
1617 1892 1628 1908 Ι

200 1895 434 1953 ραίνοντος,
467 1895 589 1936 εἷπεῖν
609 1893 766 1950 λέγεται
784 1894 826 1936 ἐν
845 1898 922 1955 μιᾷ
939 1894 1043 1952 πρὸς
1058 1894 1129 1937 τὸν
1147 1895 1365 1938 ἐπίσκοπον
1418 1910 1558 1946 οντως,
1579 1911 1693 1951 κυριε

199 2014 288 2039 vere
308 2002 510 2038 misericors
533 2002 595 2037 ille
619 1999 817 2048 “agedum'’
840 2003 914 2048 ait,
943 2000 1007 2038 “in
1028 2003 1196 2049 templum
1221 2003 1302 2047 abi,
1336 2006 1373 2039 et
1393 2015 1464 2039 non
1487 2007 1545 2047 te,
1568 2014 1690 2038 verum

189 2062 256 2085 ‘me
282 2050 385 2085 istam
409 2050 447 2084 in
497 2060 646 2095 auperes
673 2049 858 2094 elargitum
881 2050 995 2085 fuisse
1019 2050 1204 2096 pecuniam
1229 2050 1353 2085 dicito.
1401 2051 1481 2096 ipse
1513 2050 1581 2085 tibi
1613 2055 1690 2084 sta-

197 2097 264 2131 tim
294 2097 341 2132 30
367 2096 446 2131 illas
470 2062 582 2131 l’ibras
612 2092 795 2131 reddam.”
849 2096 1075 2132 consentiens
1099 2097 1224 2131 infelix
1246 2096 1306 2132 ille
1331 2098 1376 2132 ad
1398 2096 1564 2143 templum
1589 2097 1692 2141 abiit,

197 2154 357 2188 auroque
391 2148 539 2188 accepto
570 2143 622 2177 ita
653 2142 707 2177 uti
740 2142 830 2177 alter
853 2148 1090 2189 praeceperat
1113 2143 1250 2178 locutus
1277 2148 1345 2179 est.
1392 2143 1477 2178 inde
1502 2143 1691 2189 egrediens

197 2190 244 2225 ad
273 2188 387 2234 ipsam
419 2188 542 2235 templi
573 2193 713 2234 portam
748 2194 908 2225 mortuus
937 2190 1106 2225 concidit.
1154 2190 1295 2225 clericis
1328 2190 1374 2225 ad
1407 2190 1461 2224 rei
1497 2190 1691 2225 novitatem

197 2235 423 2282 stupentibus
447 2235 679 2281 omnibusque
704 2235 783 2270 aliis
807 2236 869 2282 qui
892 2242 965 2271 tum
988 2237 1083 2271 forte
1107 2237 1276 2280 aderant,
1301 2236 1577 2282 iubentibusque
1599 2235 1691 2272 alte-

196 2294 273 2318 rum
297 2282 482 2328 pecuniam
505 2282 669 2327 recipere
692 2294 813 2327 suam,
851 2283 910 2318 ille
934 2295 1005 2318 non
1030 2283 1309 2330 obtemperavit,
1345 2284 1409 2318 sed
1436 2295 1571 2318 omnem
1595 2283 1691 2318 inter

196 2340 329 2374 egenos
355 2329 490 2374 divisit,
516 2329 612 2375 quod
635 2329 772 2364 diceret
795 2330 898 2364 deum
923 2341 993 2364 non
1017 2330 1094 2375 pati
1118 2342 1261 2366 sannas.
1309 2329 1483 2376 promissa
1507 2329 1599 2364 enim
1621 2330 1690 2364 deo

193 2387 266 2410 non
288 2380 422 2410 tantum
447 2375 644 2421 pecuniam,
669 2376 731 2410 sed
756 2377 869 2410 verba
891 2377 997 2411 etiam
1019 2375 1307 2422 voluntatemque
1329 2375 1505 2421 obligant3
1530 2382 1568 2411 et
1583 2376 1690 2421 quid·

196 2420 282 2467 quid
305 2421 409 2456 homo
435 2423 502 2457 deo
526 2421 704 2467 pollicitus
729 2422 851 2467 suerit,
875 2422 913 2457 id
936 2428 1123 2468 praestare
1149 2434 1238 2470 opus
1263 2422 1383 2467 habet,
1409 2422 1512 2468 virgo
1536 2422 1691 2467 virgini-

194 2472 327 2513 tatem,
365 2469 549 2503 continens
585 2468 859 2513 continentiam,
896 2469 959 2515 qui
989 2469 1027 2504 in
1050 2469 1270 2504 matrimonio
1296 2469 1444 2514 vivunt,
1483 2469 1691 2515 pudicitiam

193 2519 421 2560 mutuumque
444 2527 597 2550 amorem
623 2520 659 2550 et
681 2516 863 2562 honorem,
888 2515 1042 2563 denique
1065 2527 1185 2551 omnes
1207 2516 1312 2551 fidem
1334 2516 1401 2551 deo
1424 2521 1461 2550 et
1482 2515 1691 2561 religionem

195 2566 233 2595 et
251 2561 425 2596 iustitiam
446 2567 483 2597 et
505 2562 765 2597 fortitudinem.

288 2607 534 2643 Alexandreae
568 2620 676 2654 porro
707 2608 789 2643 talis
821 2620 879 2643 res
913 2608 1058 2644 accidit.
1108 2608 1296 2655 episcopus
1327 2609 1469 2655 quidam
1504 2609 1690 2644 admodum

193 2652 381 2697 religiosus
414 2655 568 2690 vicinum
604 2655 758 2689 habebat
792 2656 966 2700 quendam
999 2655 1265 2702 philosophum,
1308 2655 1505 2700 Evagrium
1535 2656 1689 2700 nomine,

195 2700 360 2734 Graecae
382 2701 630 2747 superstitioni
653 2702 852 2747 addictum,
886 2703 948 2747 qui
975 2701 1014 2736 in
1046 2702 1168 2737 schola
1199 2701 1328 2737 sodalis
1362 2702 1530 2747 episcopo
1556 2702 1687 2737 fuerat.

194 2743 288 2779 hunc
311 2746 499 2792 episcopus
524 2759 546 2782 a
570 2760 725 2782 vaesano
750 2748 921 2783 falsorum
944 2748 1121 2783 numinum
1145 2748 1241 2783 cultu
1262 2749 1306 2783 ad
1328 2749 1432 2783 fidem
1452 2748 1690 2783 Christianam

195 2791 386 2825 traducere
418 2793 566 2839 cupiens
597 2795 790 2829 identidem
822 2796 1062 2841 provocabat,
1103 2806 1251 2840 cumque
1284 2806 1326 2828 eo
1357 2795 1575 2840 disputabat.
1625 2795 1691 2830 sed

198 2835 429 2883 philosophus
463 2852 579 2886 neque
609 2841 828 2875 concedebat
851 2845 887 2876 et
910 2842 1024 2886 magis
1047 2841 1229 2895 magisque
1251 2852 1360 2876 verae
1383 2841 1548 2886 religioni
1570 2840 1689 2874 infen-

199 2893 260 2919 sus
281 2883 510 2925 reddebatur.
567 2888 719 2934 quodam
742 2887 801 2924 die
822 2889 939 2924 fertur
961 2888 1167 2935 episcopum
1190 2899 1229 2923 ln
1251 2887 1341 2924 haec
1363 2889 1475 2924 verba
1496 2887 1689 2924 allocutus:
