1742 3184
213 208 314 261 486,
691 204 931 254 GEORGII
955 202 1202 249 GEDRENI

211 328 280 370 καὶ
308 321 530 383 ἡγούμενος
557 325 602 368 ἔκ
628 326 772 381 μηρῶν
799 320 948 373 αὗτοῦ,
991 319 1068 370 ἕως
1089 316 1140 362 ἂν
1161 316 1266 375 ἔλθῃ
1295 314 1319 360 ὃ
1347 312 1578 370 ἀπόκειται,
1612 318 1682 360 καὶ

212 395 338 446 αὐτὸς
353 395 580 453 προσδοκία
602 392 757 437 ἐθνῶνί
807 389 829 434 ὃ
851 391 895 433 δὲ
908 390 1088 440 Ἡσαΐας
1105 388 1183 446 ἔφη
1211 385 1298 429 ςκαὶ
1321 384 1433 429 ἔσται
1453 384 1478 442 ἦ
1500 386 1588 443 ῥίζα
1607 391 1680 429 τοῦ

208 464 364 510 Ἰεσσαὶ
382 466 450 507 καὶ
470 462 491 507 ὃ
509 461 772 517 ἀνιστάμενος
791 459 929 518 ἄρχειν
948 459 1104 502 ἐθνῶν·
1139 457 1196 500 ἐπ’
1218 455 1331 514 αὐτῷ
1348 454 1449 510 ἔθνη
1473 455 1678 498 ἐλπιοῦσιῖ

209 536 278 578 καὶ
308 538 440 577 ταῦτα
468 533 543 588 μὲν
574 532 690 588 ὀλίγα
717 530 820 587 πρὸς
844 527 1049 579 ἀπόδειξιν
1074 530 1155 571 τῶν
1183 525 1419 583 γενομένων,
1454 529 1567 569 πᾶσα
1589 522 1678 580 δὲῆ

210 603 352 660 γραφὴ
372 603 594 657 πέπλησται
606 633 620 653 ,
655 600 915 655 διελέγχουσα
932 597 1006 653 τὴν
1028 595 1226 653 ὑμετέραν
1248 594 1450 638 ἀπιστίαν.
1518 595 1580 645 τίς
1600 592 1679 651 γάρ
1692 600 1715 637 5

158 681 190 717 C
214 690 310 717 ποτε
331 676 412 716 τῶν
430 673 472 714 ἓν
491 676 581 721 ταῖς
599 671 736 721 θείαις
761 674 941 726 γραφαῖς
969 665 1265 725 ἱστορουμένων
1289 663 1456 707 δικαίων
1484 664 1553 705 καὶ
1579 680 1684 720 προ-

211 745 353 800 φητῶν
369 738 492 797 ἁγίων
512 741 555 782 ἐκ
573 739 782 796 παρθένου
808 735 936 793 μόνης
967 735 1057 791 ἴσχε
1081 734 1156 790 τὴν
1178 734 1386 791 γέννησιν;
1420 732 1528 783 τίνος
1547 732 1592 775 δὲ
1610 735 1684 787 τῆς

209 808 429 868 γεννήσεως
457 809 712 866 προέδραμεν
741 807 873 864 ἀστὴρ
906 807 948 849 ἐν
980 806 1190 863 οὐρανοῖς,
1237 804 1306 847 καὶ
1336 802 1408 846 τὸν
1438 802 1684 858 γεννηθέντα

212 878 429 934 διεσήμανε
459 882 511 936 τῇ
539 878 753 934 οἰκουμένῃ
762 895 778 932 ‚·
819 877 880 927 τίς
909 875 953 918 δὲ
983 871 1203 930 βασιλεύς,
1236 874 1332 931 πρὶν
1360 873 1525 926 ἰσχῦσαι
1546 874 1684 913 καλεῖν

210 949 367 1005 πατέρα
397 946 424 1003 ἢ
451 948 609 1006 μητέρα
618 979 631 1000 ,
680 947 914 1001 ἐβασίλευσε
953 946 1022 987 καὶ
1054 940 1231 1000 τρόπαια
1261 941 1366 984 κατὰ
1397 944 1479 986 τῶν
1519 940 1681 997 ἐχθρῶν
1697 943 1741 979 10

210 1017 377 1075 εἰ’ληφε;
416 1018 477 1068 τίς
503 1011 574 1060 οὖν
604 1015 687 1074 ἄρα
705 1016 840 1072 γε’γονε
869 1012 1063 1069 βασιλεὺς
1080 1013 1121 1055 ἓν
1135 1010 1310 1068 Ἰσραὴλ
1333 1009 1404 1067 ἐφ’
1438 1007 1484 1053 ὃν
1508 1010 1561 1052 τὰ
1583 1009 1684 1064 ἔθνη

208 1085 343 1129 πάντα
367 1086 442 1141 τὴν
471 1087 616 1129 ἐλπίδα
641 1086 867 1136 τέθεινται,
908 1085 977 1126 καὶ
1007 1082 1097 1137 οὐχὶ
1116 1084 1275 1136 μᾶλλον
1295 1080 1406 1138 αὐτῷ
1423 1078 1684 1133 ἠναντιοῦντο

207 1154 494 1211 πανταχόθεν,·
531 1155 607 1206 ἕως
621 1155 699 1212 γὰρ
722 1155 936 1198 συνίστατο
957 1149 1249 1209 Ἰερουσαλήμ,
1284 1147 1462 1202 πόλεμος
1482 1146 1686 1197 ἄσπονδος

205 1219 257 1280 ἦν
278 1225 439 1277 αὐτοῖς,
475 1226 542 1268 καὶ
566 1223 806 1279 διεμάχοντο
836 1222 940 1279 πρὸς
966 1221 1037 1265 τὸν
1062 1219 1238 1277 Ἰσραὴλ
1263 1215 1470 1274 Ἀσσύριοι
1491 1217 1566 1271 μὲν
1587 1217 1685 1259 θλί-

206 1298 369 1348 βοντες,
412 1292 635 1350 Αἰγύπτιοι
665 1294 711 1335 δὲ
742 1290 976 1344 διώκοντες,
1019 1292 1302 1344 πολεμοῦντες.
1371 1285 1399 1342 ἢ
1428 1286 1518 1341 οὐχὶ
1551 1283 1573 1328 ὃ
1612 1285 1685 1341 μὲν
1698 1287 1742 1326 15

154 1371 187 1408 D
211 1363 354 1417 Δαβὶδ
378 1369 464 1414 τοῖς
492 1363 745 1417 Ζῑίῐωαβίταις
771 1360 957 1416 ἐπολέμει
989 1360 1057 1402 καὶ
1087 1360 1340 1412 ἐπολεμεῖτο,
1390 1353 1411 1398 ὃ
1446 1356 1492 1398 δὲ
1519 1355 1688 1406 Ἰωσίας

205 1432 302 1483 τοὺς
326 1433 496 1488 πλησίον
518 1429 876 1490 παρεφυλάττετος
921 1430 989 1472 καὶ
1007 1428 1145 1483 μέντοι
1166 1428 1233 1469 καὶ
1251 1426 1429 1479 Ἐζεκίας
1447 1425 1595 1467 ε’δειλία
1612 1425 1687 1480 τὴν

207 1502 443 1554 ἀλαζονείαν
469 1506 543 1545 τοῦ
573 1501 850 1558 Σεναχηρείμ,
907 1500 973 1541 καὶ
1006 1501 1066 1555 τῷ
1097 1497 1171 1551 μὲν
1207 1495 1351 1551 Ἰησοῦ
1380 1493 1419 1536 οἳ
1448 1493 1688 1550 Ἀμορραῖοι

206 1571 467 1625 ἠναντιοῦντο
478 1602 491 1623 ,
527 1574 586 1629 τῷ
605 1571 649 1613 δὲ
666 1572 839 1626 Μωῢσῇ
858 1566 1079 1622 ὃἈμαλὴκ
1097 1562 1444 1622 ἀντεστρατεύετο,
1473 1565 1542 1605 καὶ
1562 1561 1688 1614 ὅντως

207 1638 413 1682 ἄσπονδον
436 1635 486 1694 ἦν
507 1644 567 1697 τῷ
582 1639 758 1696 Ἰσραὴλ
777 1637 879 1695 πρὸς
900 1636 953 1679 τὰ
985 1635 1087 1691 ἔθνη
1117 1635 1164 1679 τὸ
1195 1638 1269 1690 τῆς
1298 1634 1458 1692 φιλίας,
1490 1629 1546 1683 ὥς
1566 1633 1684 1689 μέχρι
1697 1634 1742 1671 20

205 1713 279 1752 νῦν
297 1712 555 1765 μαρτυροῦσι
575 1708 628 1750 τὰ
647 1705 917 1764 γράμματα.”
971 1706 1040 1748 καὶ
1063 1704 1100 1747 οἶ
1121 1709 1375 1762 γραμματεῖς
1398 1702 1687 1759 ἀποκριθέντες

207 1775 318 1820 εἷπον
342 1775 447 1819 “οὗκ
477 1776 720 1835 ἀρνούμεθα
749 1774 806 1826 ὡς
828 1778 959 1818 ταῦτα
983 1775 1057 1828 μὲν
1076 1771 1210 1817 πάντα
1227 1773 1472 1828 γέγραπται,
1506 1773 1689 1828 προσδο-

207 1850 341 1901 κῶμεν
368 1846 414 1888 δὲ
439 1845 510 1888 τὸν
538 1846 709 1901 μηδέπω
728 1840 1055 1902 παραγενόμενον
1075 1841 1176 1885 θεὸν
1192 1839 1357 1898 Myon-'²
1432 1837 1454 1882 ὃ
1476 1839 1520 1882 δὲ
1539 1841 1689 1894 Σίλβε-

207 1987 290 2021 sus,
323 1979 511 2022 antequam
540 1975 572 2011 is
609 1975 733 2011 veniat
761 1975 819 2010 cui
848 1974 1009 2021 reposita
1032 1972 1148 2008 omnia
1175 1974 1275 2007 sunta
1306 1970 1345 2006 in
1369 1982 1412 2006 eo
1436 1981 1535 2016 spem
1554 1974 1691 2017 ponent

207 2019 371 2068 gentes.”
416 2023 546 2058 Esaias
570 2033 713 2068 quoque
737 2023 833 2069 (cap.
861 2022 921 2066 11)
943 2017 1099 2056 “existet
1120 2019 1223 2054 radix
1245 2019 1388 2062 Iessae,
1424 2023 1461 2051 et
1483 2023 1607 2063 surget
1629 2017 1691 2064 qui

207 2068 414 2104 nationibus
446 2068 658 2116 imperabit:
693 2070 730 2103 in
755 2081 798 2103 eo
823 2080 922 2115 spem
944 2072 1079 2113 ponent
1102 2061 1266 2111 gentes.”
1312 2064 1399 2098 haec
1423 2074 1537 2109 pauca
1559 2065 1605 2099 ad
1629 2076 1693 2098 eo-

207 2127 285 2151 rum
312 2126 403 2160 quae
431 2116 528 2151 facta
550 2119 633 2150 sunt
655 2115 988 2150 demonstrationem
1011 2112 1201 2160 protulisse
1225 2110 1395 2146 sufficiat.
1443 2121 1550 2155 porro
1578 2115 1693 2146 autem

206 2167 283 2197 tota
304 2161 491 2207 Scriptura
514 2162 620 2208 plena
643 2167 698 2196 est
719 2160 1055 2197 demonstrationum
1078 2164 1221 2194 vestrae
1242 2156 1477 2192 infidelitatis.
1503 2156 1582 2202 quis
1599 2156 1693 2192 enim

206 2219 360 2253 unquam
382 2220 502 2243 eorum
527 2214 727 2243 sanctorum
752 2213 813 2243 aut
838 2213 979 2252 vatum,
1013 2205 1075 2252 qui
1101 2204 1213 2240 sacris
1242 2203 1356 2238 literis
1379 2202 1622 2247 celebrantur,
1647 2215 1692 2239 ex

206 2254 283 2290 sola
306 2255 446 2300 virgine
470 2259 573 2290 natus
599 2254 835 2302 perhibetur?
883 2254 981 2289 cuius
1012 2251 1147 2288 natales
1175 2250 1371 2298 praecessit
1393 2249 1430 2284 in
1454 2249 1550 2284 caelo
1576 2249 1691 2294 stella,

206 2312 299 2346 quae
333 2302 461 2336 mundo
495 2301 651 2347 genitum
681 2301 884 2336 indicaret?
932 2299 1010 2346 quis
1034 2304 1234 2334 vestrorum
1257 2308 1391 2341 regum,
1415 2300 1601 2340 antequam
1626 2308 1691 2341 pa-

206 2352 327 2382 rentes
353 2348 558 2382 nominatim
581 2348 760 2395 appellare
783 2351 918 2393 posset,
941 2346 1107 2392 regnavit
1131 2351 1168 2380 et
1191 2345 1236 2379 de
1260 2343 1421 2377 hostibus
1447 2347 1595 2388 tropaea
1615 2348 1690 2377 sta-

207 2393 306 2428 tuit?
355 2394 434 2439 quis
457 2394 610 2441 denique
633 2406 698 2429 rex
721 2395 791 2429 fuit
807 2392 1009 2438 Israelicus,
1032 2392 1070 2427 in
1094 2403 1163 2437 quo
1187 2401 1285 2436 spem
1309 2400 1407 2424 suam
1431 2394 1557 2433 gentes
1581 2388 1691 2422 collo-

208 2442 362 2476 carent?
409 2440 478 2477 imo
510 2448 626 2476 autem
655 2453 774 2476 omnes
807 2440 970 2475 nationes
993 2438 1220 2484 undiquaque
1251 2441 1404 2471 vestram
1428 2441 1568 2479 gentem
1589 2435 1693 2470 bellis

207 2486 434 2532 infestarunt,
458 2499 634 2533 nunquam
655 2487 898 2523 desinentibus
918 2485 1083 2532 quamdiu
1105 2483 1353 2527 Hierosolyma
1375 2481 1489 2516 stetit.
1522 2481 1692 2516 Israelum

210 2533 302 2567 enim
326 2533 474 2569 adsiduo
496 2534 638 2580 Assyrii
662 2537 934 2581 oppresserunt,
966 2531 1136 2578 Aegyptii
1161 2530 1291 2576 aliique
1314 2526 1436 2574 populi
1456 2526 1556 2562 bellis
1580 2540 1692 2562 vexa-

209 2583 304 2613 runt.
353 2592 469 2615 nonne
492 2587 528 2616 et
550 2581 708 2616 Davidus
733 2580 910 2615 Moabitas
944 2579 1035 2614 bello
1068 2577 1194 2624 petiit,
1228 2574 1456 2618 vicissimque
1492 2575 1535 2609 ab
1561 2573 1612 2609 eis
1637 2579 1694 2608 est

209 2625 302 2661 bello
328 2625 539 2672 impetitus?
585 2639 702 2663 nonne
724 2627 839 2661 Iosias
866 2625 1003 2660 vicinos
1028 2624 1179 2659 metuit?
1226 2633 1342 2656 nonne
1371 2619 1605 2655 Senacheribi
1636 2620 1693 2654 ia-

212 2671 378 2706 ctantiam
401 2673 576 2709 Ezechias
602 2674 791 2709 extimuit?
838 2684 954 2707 nonne
984 2677 1020 2707 et
1050 2672 1236 2706 adversum
1261 2668 1402 2702 Iosuam
1423 2666 1631 2711 Amorraei,
1656 2671 1694 2701 et

212 2716 393 2753 Amalecus
418 2726 540 2754 contra
560 2721 696 2756 Mosem
718 2721 871 2755 adversa
893 2718 996 2763 signa
1018 2716 1200 2752 tulerunt?
1247 2714 1336 2748 adeo
1361 2712 1455 2748 nulla
1479 2724 1631 2758 unquam
1654 2712 1692 2746 in

212 2762 305 2797 hunc
337 2775 447 2810 usque
482 2766 574 2802 diem
605 2779 674 2813 pax
704 2766 798 2801 inter
821 2766 991 2800 Israelum
1025 2770 1061 2799 et
1091 2767 1215 2808 gentes
1239 2759 1356 2806 potuit
1379 2759 1561 2804 componi;
1595 2759 1691 2804 quod

212 2809 333 2844 doceri
357 2815 475 2855 potest
497 2825 542 2848 ex
567 2813 838 2848 commentariis.
874 2817 947 2848 tum
971 2810 1229 2856 respondentes
1251 2805 1391 2842 scribae
1414 2806 1598 2841 dixerunt:
1620 2816 1691 2839 non

211 2854 404 2890 infitiamur
425 2856 496 2891 ista
520 2860 635 2894 omnia
659 2872 739 2895 esse
762 2858 906 2904 scripta,
932 2862 1175 2912 exspectamus
1197 2858 1313 2888 autem
1336 2854 1484 2888 verbum
1503 2852 1575 2894 dei,
1598 2852 1691 2895 quod

213 2902 364 2939 noudum
387 2901 424 2937 in
446 2915 585 2940 carnem
608 2906 721 2942 venit.
770 2905 947 2942 silvester
973 2903 1087 2940 dixin
1122 2907 1159 2938 et
1191 2900 1366 2947 quomodo
1401 2910 1473 2935 non
1507 2897 1694 2934 audivistis
