1742 3184
219 234 323 284 216.
552 243 555 245 ’
614 248 618 250 ·
700 234 942 280 ’ΘΕΟΒΘΠ
974 224 1223 278 CEDRENI

217 351 286 409 ξ’τη
308 348 382 408 μβ’
404 353 471 395 καὶ
503 350 619 396 ἄλλοι
641 350 735 408 μετ’
769 349 892 393 αὐτὸν
920 345 974 405 η’.
1035 347 1095 391 ’τὰ
1125 347 1170 391 δὲ
1198 343 1330 390 πάντα
1361 343 1430 402 ἔτη
1457 344 1696 402 κατέσχενῆ

217 424 354 467 αὐτῶν
375 421 481 479 ἀρχὴ
499 419 595 465 τκε’.
1334 421 1343 435 “
1525 421 1540 436 “

345 490 438 535 ’Ότι
464 493 505 534 ἓν
536 497 622 541 τοῖς
648 486 813 546 χρόνοις
846 485 986 529 Σαοὺλ
1020 490 1182 543 πρῶτον
1214 483 1351 542 ἀγῶνα
1384 484 1422 527 οἳ
1447 485 1620 528 Πισαῖοι
1653 483 1695 526 ἕν

208 559 416 620 Ὀλυμπίᾳ
440 559 709 615 κατεβάλοντο
733 559 800 600 καὶ
821 557 893 599 Διὶ
910 556 1120 613 Ὀλυμπίῳ
1153 555 1350 610 κοσμικὴν
1371 552 1536 612 πρώτην
1560 553 1694 595 ἐπετέ-

215 634 338 674 λεσαν
370 628 526 687 ἑορτήν.
596 630 784 671 ἐντεῦθεν
812 625 917 669 κατὰ
947 625 1126 682 τέσσαρα
1159 623 1226 679 ἔτη
1258 624 1328 666 τὸν
1358 624 1496 679 ἀγῶνα
1526 624 1592 665 καὶ
1621 623 1728 677 τὴνό

216 697 360 756 ἑορτὴν
394 700 686 748 ἐπιτελοῦντες,
737 692 1023 751 Ὀλυμπιάδας
1061 693 1137 744 τὰς
1169 695 1482 751 τετραέτηρίδας
1517 694 1697 746 καθεξῆς

214 768 438 826 ἦρίθμουν.
508 768 549 809 ἓν
572 765 633 817 οἷς
651 763 816 822 χρόνοις
835 756 903 807 καῖ
927 761 1145 821 Κορίνθιοι
1172 763 1276 818 μετὰ
1305 763 1402 813 τοὺς
1424 762 1697 815 Λακεδαιμο-

163 844 195 880 Β
215 839 328 888 ’νίους
347 833 867 891 τοπαρχοῦντες,“Ελλήιίιίν
885 834 1151 888 ἐβασίλευσαν
1170 832 1221 874 τὰ
1242 830 1375 874 πάντα
1394 830 1464 886 ἴτη
1489 829 1580 886 τιη’.
1629 832 1697 873 καὶ

213 907 318 963 μετὰ
337 904 561 963 Δάρδανον
580 903 771 947 τόνἿλου
790 903 880 945 υἱὸν
898 904 964 945 καὶ
986 902 1055 945 τὸν
1071 899 1296 957 Δαρδάνου
1314 900 1696 955 υἷὸνΛαομὲδοντα

215 977 410 1034 Πριάμος
431 973 451 1017 ὃ
474 974 773 1030 Λαομέδοντος
802 976 875 1027 τῆς
900 975 1076 1028 Φρυγῶν
1105 969 1247 1028 χώρας
1277 968 1542 1027 ἀνηγορεύετο
1572 974 1696 1023 βασι·
1707 972 1742 1007 1(

216 1044 322 1096 λεῦς.
392 1043 482 1087 τότε
506 1046 573 1086 καὶ
601 1043 646 1086 τὸ
671 1041 893 1098 Δάρδανον
924 1042 991 1083 καὶ
1023 1040 1069 1083 τὸ
1096 1039 1220 1083 Ἴλιον
1247 1041 1313 1082 καὶ
1343 1037 1369 1095 ἡ
1404 1041 1537 1097 Τροία
1568 1041 1635 1081 καὶ
1667 1036 1715 1094 ἦ

214 1119 328 1157 πᾶσα
354 1111 474 1171 χώρα
508 1114 691 1170 Φρυγίας
720 1113 783 1154 ἐπὶ
812 1115 893 1153 τῶν
921 1107 1083 1167 ἡμερῶν
1105 1107 1462 1165 ἓκπεπολιόρκηται
1482 1106 1696 1166 Πριάμου.

213 1182 240 1238 ’ἢ
266 1183 309 1226 δὲ
337 1184 447 1225 αἰτία
470 1187 543 1237 τῆς
565 1179 863 1236 καταδηώσεως
886 1180 1152 1235 Ἀλέξανδρος
1182 1177 1202 1220 ὃ
1236 1177 1478 1235 καὶ’Πάρις.
1547 1177 1694 1220 τούτου

212 1252 292 1308 γὰρ
310 1252 571 1307 γεννηθέντος
591 1249 670 1293 ὑπὸ
690 1248 888 1307 Πριάμου
905 1248 1094 1305 χρησμὸς
1116 1248 1228 1306 αὐτῷ
1253 1248 1494 1290 ἀναδίδοται
1514 1251 1696 1298 τοιοῦτος

207 1317 388 1375 αἐτέχθη
411 1337 476 1364 σοι
493 1318 634 1377 Πάρις
655 1318 878 1374 ὁύσπαρις·
906 1315 1217 1374 τριακοντούτης
1237 1316 1316 1374 γὰρ
1336 1315 1547 1373 γενόμενος
1566 1315 1694 1359 ὀλέσει
1707 1323 1742 1357 1ε

214 1391 426 1445 βασιλείαν
448 1388 667 1446 Φρυγῶν.”
741 1387 868 1438 εὐθὺς
889 1381 959 1429 οὖν
981 1385 1214 1443 ὃΠρίαμος
1228 1386 1510 1442 Ἀλέξανδρον
1525 1401 1695 1442 μετονο-

214 1457 352 1514 μάσας
383 1457 564 1513 ἔπεμψεν
596 1460 653 1508 εἷς
683 1454 809 1514 ἀγρόν
816 1488 830 1508 ,
866 1458 1061 1512 Μανδρῶ
1086 1453 1323 1511 λεγόμενον,
1356 1459 1695 1512 γαλακτοτροφη-

214 1532 342 1582 θῆναι
363 1529 431 1570 καὶ
458 1528 690 1581 αὐξηθῆναι
720 1525 834 1582 παρὰ
859 1523 1023 1582 γηπόνῳ
1045 1526 1142 1576 τινί,
1179 1523 1298 1580 ἄχρις
1327 1519 1374 1566 οὗ
1400 1524 1451 1567 τὰ
1474 1523 1694 1580 τριάκοντα

162 1601 194 1636 C
218 1596 285 1652 ἔτη
316 1601 391 1640 τοῦ
411 1599 604 1654 χρησμοῦ
632 1595 835 1652 παρέλθῃ.
904 1594 1064 1647 ἐποίησε
1097 1594 1141 1635 δὲ
1170 1595 1238 1635 καὶ
1269 1599 1399 1647 τεῖχος
1427 1594 1531 1649 μέγα
1561 1594 1603 1636 ἓν
1635 1598 1695 1652 τῷ

213 1666 348 1723 ἀγρῷ,
396 1664 420 1707 ὃ
441 1666 508 1707 καὶ
527 1662 691 1719 Πάριον
712 1660 935 1717 ὠνόμασεν.
1003 1664 1087 1705 ἐκεῖ
1103 1660 1124 1705 ὁ
1142 1660 1281 1719 Πάρις
1307 1661 1471 1718 διάγων,
1505 1652 1693 1718 εὐμαθής
1702 1673 1742 1712 '20

213 1751 256 1777 τε
283 1735 374 1790 περὶ
403 1732 457 1776 τὰ
489 1732 716 1790 γράμματα
751 1730 962 1788 γενόμενος
992 1733 1060 1773 καὶ
1097 1734 1283 1781 παιδείας
1314 1731 1361 1774 οὐ
1391 1736 1465 1787 τῆς
1492 1731 1694 1788 τυχούσης

214 1799 443 1858 μετασχών,
489 1800 804 1858 ἐγκωμιαστικὸν
835 1799 955 1857 λόγον
986 1802 1054 1843 καὶ
1085 1799 1212 1855 ὕμνον
1245 1803 1301 1851 εἷς
1330 1800 1408 1856 τὴν
1431 1801 1694 1858 Ἀφρόδίτην

219 1870 453 1924 διετάξατο,
498 1870 574 1927 τὴν
594 1871 817 1926 ἐπιθυμίαν
839 1870 966 1926 αὐτὴν
987 1870 1112 1927 λέγων
1135 1868 1235 1913 εἶναι
1256 1871 1298 1923 ἕξ
1321 1865 1371 1926 ἧς
1395 1872 1464 1913 καὶ
1485 1871 1603 1914 τέκνα
1625 1873 1692 1914 καὶ

213 2052 252 2087 in
270 2047 567 2085 Lacedaemonios*
585 2046 709 2096 gessit,
735 2057 843 2083 annos
862 2045 919 2093 4⁶2,
944 2050 982 2083 et
1003 2051 1085 2095 post
1105 2045 1199 2082 illum
1222 2047 1367 2083 fuerunt
1387 2046 1449 2083 alii
1473 2052 1552 2084 octo
1571 2060 1690 2096 reges.

215 2097 360 2133 duravit
382 2097 420 2131 id
441 2108 586 2142 regnum
606 2108 714 2131 annos
733 2095 816 2133 325.

308 2143 409 2178 Sauli
434 2148 593 2190 tempore
621 2143 770 2198 primum
802 2145 978 2176 certamen
1001 2139 1123 2175 Pisaei
1158 2140 1202 2175 ad
1227 2139 1427 2186 Olympiam
1451 2140 1693 2187 instituerunt,

213 2189 364 2235 Iovique
387 2189 553 2236 Olympio
575 2201 721 2245 prlmam
744 2188 921 2223 solennem
945 2187 1177 2222 festivitatem
1196 2187 1478 2223 celebraverunt.
1501 2188 1584 2223 inde
1603 2199 1691 2234 qua-

213 2236 384 2271 drienniis
409 2236 556 2281 singulis
578 2237 615 2270 1d
633 2235 843 2271 sacrificium
866 2234 1056 2278 iterantes,
1082 2233 1193 2268 lustra
1216 2233 1463 2280 olympiadum
1483 2235 1623 2269 nomihe
1647 2236 1691 2270 ab

216 2295 257 2317 eo
281 2282 383 2317 initio
409 2287 694 2318 numeraverunt.
742 2293 810 2327 quo
833 2288 992 2326 tempore
1017 2279 1122 2314 etiam
1147 2280 1325 2314 Corinthii
1348 2286 1429 2326 post
1453 2279 1693 2316 Laceda‘enfo—

213 2329 311 2374 nios,
345 2329 491 2374 regione
513 2329 551 2363 in
574 2340 671 2364 suam
695 2333 905 2374 potestatem
929 2326 1090 2371 redacta,
1114 2327 1289 2361 Graeciae
1312 2338 1457 2371 regnum
1481 2336 1591 2362 annos
1616 2339 1690 2362 om—

213 2375 297 2410 nino
325 2374 393 2411 318
428 2376 667 2410 obtinuerunt.
715 2380 752 2409 et
776 2379 856 2420 post
872 2373 1072 2407 Dardanum
1096 2372 1139 2407 Ili
1162 2374 1208 2408 F.
1234 2385 1275 2419 ac
1301 2373 1574 2408 Laomedontem
1597 2375 1690 2408 Dar-

214 2422 297 2456 dani
319 2422 364 2456 F.
389 2420 547 2457 Priamus
572 2420 820 2456 Laomedontis
846 2420 890 2454 F.
911 2419 1092 2463 Phrygiae
1116 2431 1180 2453 rex
1204 2419 1401 2454 declaratus
1427 2425 1494 2454 est.
1530 2421 1596 2455 sub
1620 2429 1695 2465 quo

214 2466 414 2502 Dardanum
426 2469 539 2507 ,Ilium
572 2469 686 2503 Troia
717 2479 758 2501 ac
789 2471 863 2501 tota
886 2465 1044 2510 Phrygia
1075 2466 1194 2500 excisa
1218 2471 1330 2500 sunt.·
1362 2477 1500 2500 causam
1523 2467 1556 2500 ei
1579 2467 1691 2501 deva-

214 2514 359 2548 stationi
393 2516 557 2560 praebuit
579 2514 795 2557 Alexander,
830 2511 899 2547 alio
935 2511 1073 2546 nomine
1108 2511 1210 2546 Paris
1241 2512 1368 2546 dictus.
1416 2512 1447 2546 is
1479 2523 1554 2547 cum
1587 2517 1690 2547 natus

215 2559 356 2594 Priamo
382 2567 495 2606 esset,
527 2561 598 2597 tale
629 2560 802 2596 oraculum
832 2557 926 2604 patri
956 2563 1011 2592 est
1034 2558 1172 2592 allatum
1194 2555 1322 2593 “Paris
1345 2558 1470 2593 infelix
1494 2559 1562 2593 tibi
1585 2564 1689 2594 natus

217 2609 291 2649 est,
326 2606 385 2651 qui
409 2618 498 2642 anno
528 2608 655 2643 aetatis
679 2618 765 2642 suae
785 2604 968 2650 ‘trigesimo
993 2604 1170 2649 Phrygiae
1191 2616 1335 2649 regnum
1360 2602 1523 2651 perdet.”
1569 2605 1689 2640 statim

216 2649 338 2695 itaque
360 2653 519 2689 Priamus
542 2667 619 2690 eum
643 2653 782 2689 nomine
804 2650 994 2685 Alexandri
1017 2653 1198 2695 affectum,
1235 2652 1272 2685 in
1296 2651 1479 2697 praedium
1503 2651 1559 2686 cni
1583 2651 1688 2686 Man-

217 2695 282 2729 dro
311 2708 452 2744 nomen,
488 2701 663 2746 agricolae
697 2699 831 2735 cuidam
862 2695 954 2732 lacte
985 2697 1145 2732 alendum
1179 2702 1215 2731 et
1245 2692 1460 2732 educand'um
1493 2698 1686 2743 mandavit,

217 2741 330 2777 donec
345 2745 391 2778 30
408 2747 488 2780 anni
508 2747 647 2782 oraculo
670 2743 845 2790 designati
867 2744 1115 2791 praeterirent.
1142 2748 1257 2778 arcem
1281 2755 1422 2789 quoque
1445 2744 1481 2777 in
1502 2755 1588 2789 agro
1613 2756 1688 2778 ma-

216 2799 319 2831 gnam
342 2793 535 2836 exstruxit,
566 2796 660 2839 quod
677 2793 819 2827 Parium
841 2789 1044 2835 appellavit.
1092 2789 1144 2825 ibi
1165 2792 1296 2835 degens
1319 2790 1442 2834 Paris,
1467 2802 1543 2825 cum
1569 2795 1605 2825 et
1630 2790 1687 2824 in-

216 2833 321 2878 genio
346 2842 440 2871 esset
461 2839 559 2874 felici
582 2846 618 2875 et
639 2838 861 2875 institutione
884 2846 953 2870 non
974 2835 1113 2880 vulgari
1135 2837 1368 2881 formaretur,
1393 2836 1588 2871 orationem
1607 2836 1686 2871 lau-

215 2879 384 2916 datoriam
407 2887 444 2917 et
467 2884 630 2929 hymnum
654 2887 692 2921 in
712 2885 885 2918 Venerem
908 2882 1124 2928 composuit,
1158 2878 1380 2918 dicens·'eam
1395 2884 1488 2918 ‘esse
1509 2883 1686 2930 eupidita-

215 2931 305 2970 tem,
336 2940 427 2973 quae
447 2929 580 2968 liberos
603 2931 814 2976 sapientiam
842 2933 880 2965 et
902 2933 997 2965 artes
1020 2929 1114 2975 apud
1131 2929 1298 2965 homines
1315 2932 1352 2965 et
1373 2930 1480 2966 bruta
1502 2933 1687 2977 proci-een
