1676 3138
573 158 1012 204 DEDICATlO.
1477 177 1545 206 vn

59 275 263 317 Germania
295 273 398 318 bello
432 272 601 318 diuturno
636 282 799 327 vexata,
834 289 1014 334 agrorum
1048 277 1363 334 populationibus,
1400 278 1547 321 urbium·

61 344 324 388 vastationibus
351 348 550 393 concussa,
590 344 856 401 imperatorem
883 345 1032 388 miseris
1066 347 1199 390 dudum
1233 348 1422 405 imperare
1452 364 1538 390 coe-

60 413 162 469 pisse
182 428 256 455 non
273 412 460 455 diffitetur.
491 412 588 455 baec
613 413 720 456 latius
751 422 997 470 exsequentur
1023 414 1156 458 horum
1170 424 1376 474 temporum
1394 416 1538 460 diserti.

58 496 137 538 ego
153 482 248 540 stylo
267 481 484 526 remissiore
502 482 610 539 attigi
629 490 765 524 tantum
778 516 790 532 ,
819 491 857 526 et
876 483 974 540 quod
993 482 1145 541 longum
1165 494 1264 527 esset
1284 501 1331 529 ea
1349 485 1539 543 prosequi,

59 558 96 591 et
119 549 216 606 qnod
235 549 398 594 verebar
423 565 472 593 ne
494 550 678 594 fastidium
699 560 917 595 nasceretur
938 567 987 594 ex
1017 552 1197 610 plurimis
1254 555 1396 598 caelum
1425 555 1540 611 igitur

58 618 259 661 ambitione
276 618 452 662 affectent
472 621 593 663 exteri
614 622 840 677 (quanquam
861 621 1148 678 expilationibus
1177 624 1320 666 caelum
1349 639 1421 666 non
1441 624 1536 680 peti·

57 695 134 737 tur,
165 687 233 730 sed
261 687 452 746 religione
481 696 518 731 et
536 689 700 745 pietate,
731 703 826 746 quae
854 704 971 747 reges
990 689 1327 734 Christianissimos
1355 691 1465 732 astris
1484 691 1537 732 in·

57 757 214 809 serunt),
242 756 367 799 aliena
387 771 507 815 regna
526 758 638 799 avido
666 758 789 800 animo
819 759 1046 814 pervadant:
1078 760 1249 816 quamdiu
1277 761 1387 802 stabit
1415 758 1540 801 Gallia

57 824 284 868 validissima
312 832 498 870 terrarum
525 841 614 883 pars
653 828 782 883 (quam
808 828 991 885 pereundi
1018 827 1167 886 legibus
1194 828 1279 871 aliis
1307 843 1416 886 quam
1442 841 1539 884 (piae

56 894 141 936 orbi
170 902 355 938 terrarum
382 895 579 952 impositae
617 904 718 947 sunt,
751 897 908 940 satorum
940 898 996 939 vis
1024 904 1179 939 aeterna
1206 897 1268 939 vel
1297 897 1425 953 potius·
1447 896 1538 937 deus

55 962 213 1005 satorum
233 963 377 1007 arbiter
410 972 449 1007 et
480 963 715 1020 dispensator
735 967 893 1020 exemit)
916 974 1052 1022 coepta
1085 966 1141 1007 eis
1167 980 1348 1022 nunquam
1374 981 1424 1007 ex
1451 972 1540 1006 voto

55 1032 265 1075 succedent.
325 1047 407 1075 cum
431 1041 555 1076 autem
581 1035 842 1078 serenissimus
867 1036 1042 1092 princeps
1067 1041 1195 1075 noster
1223 1049 1310 1090 spes
1341 1035 1450 1076 totius
1468 1046 1535 1089 ge-

53 1100 156 1141 neris
175 1099 324 1144 humani
343 1101 546 1152 adolescit,
575 1118 657 1146 cum
684 1104 797 1146 animi
819 1105 899 1147 eius
918 1104 974 1145 vis
993 1103 1186 1161 augescit,
1215 1103 1325 1153 Tibi,
1357 1102 1535 1144 Cardina-

54 1167 101 1209 lis
119 1168 438 1221 Eminentissime,
464 1187 603 1214 summa
630 1187 755 1216 rerum
776 1174 960 1229 permissa
985 1180 1063 1223 est,
1095 1173 1198 1215 cuius
1230 1171 1325 1215 fides
1356 1171 1394 1214 in
1415 1169 1537 1213 rebus

55 1236 282 1280 difficillimis
318 1247 502 1296 spectata,
547 1241 650 1284 cuius
681 1241 834 1285 devotio
866 1256 963 1300 erga
1000 1243 1208 1299 principem
1246 1255 1357 1283 omne
1389 1239 1537 1282 vincent

54 1306 276 1364 exemplum.
335 1323 445 1350 nemo
464 1310 502 1351 in
519 1318 708 1366 posterum
725 1309 790 1352 Te·
804 1325 928 1352 rerum
948 1311 1189 1354 moderatore
1206 1318 1281 1353 tam
1299 1324 1450 1352 securus
1472 1322 1537 1364 po-

54 1375 194 1416 tentiae
227 1375 300 1418 erit
328 1383 366 1417 ut
396 1376 527 1420 Gallos
559 1391 659 1435 pene
692 1379 790 1420 inter
820 1378 961 1421 ferrum
993 1388 1031 1422 et
1057 1395 1162 1421 arma
1188 1388 1294 1422 natos
1325 1390 1537 1434 provocare

53 1442 115 1484 vel
134 1442 332 1486 offendere
352 1443 506 1496 audeat,
537 1460 630 1502 qnos
658 1444 843 1502 intelliget
870 1446 1002 1489 nullius
1028 1448 1142 1491 armis
1173 1462 1259 1490 esse
1288 1445 1533 1503 superabiles,

52 1526 163 1554 nemo
191 1511 341 1555 Galliae
373 1515 496 1558 socios
525 1522 586 1557 aut
611 1514 828 1558 foederatos
856 1515 1038 1564 lacesset;
1081 1529 1193 1558 nemo
1226 1516 1366 1558 amicos
1393 1513 1533 1562 laedet,

53 1581 115 1636 qui
155 1579 228 1622 hoc
266 1580 416 1626 Galliae
458 1582 616 1634 debent,
661 1592 699 1626 ut
735 1584 796 1640 qui
828 1599 968 1626 summa
1000 1599 1081 1625 cum
1115 1584 1250 1627 iniuria
1281 1591 1319 1625 et
1352 1583 1534 1624 bonorum

51 1649 213 1691 omnium
246 1649 503 1708 indignatione
535 1651 691 1696 fortunis
710 1652 785 1694 suis
806 1653 907 1702 exuti
926 1652 1027 1696 velut
1053 1652 1142 1695 nudi
1184 1651 1421 1700 exsulabant,
1452 1650 1530 1707 ple-

52 1719 204 1768 nissime
232 1719 389 1763 restituti
419 1721 507 1764 sint:
554 1728 655 1763 tanta
691 1728 747 1763 est
781 1735 862 1763 cnm
881 1722 987 1765 ‚sacri
1016 1722 1175 1764 nominis
1213 1721 1286 1763 Tui
1313 1720 1531 1768 veneratio,

51 1795 126 1829 tum
174 1787 325 1844 imperii
372 1788 508 1832 Gallici
555 1789 716 1832 felicitas
756 1804 910 1847 semper
952 1791 1100 1834 invicta.
1181 1806 1309 1834 verum
1351 1804 1424 1847 quo
1466 1789 1531 1831 im-

52 1855 176 1914 pellor
205 1871 283 1914 ego
320 1856 424 1901 fandi
458 1858 670 1915 impotens?
723 1873 796 1901 non
827 1861 927 1903 enim
951 1860 1098 1903 multum
1129 1860 1312 1903 interesse
1348 1867 1437 1915 puto
1482 1858 1530 1899 si-

48 1941 98 1968 ve
125 1925 207 1983 quis
237 1925 373 1969 samam
410 1927 567 1970 alicuius
604 1927 753 1979 laedat,
807 1930 890 1972 sive
931 1929 1029 1972 inl'ra
1071 1930 1292 1989 dignitatem
1331 1943 1416 1971 eum
1453 1926 1529 1968 lau-

50 1996 125 2039 det.
204 2012 280 2040 non
315 2011 466 2054 possum
502 2003 624 2039 tamen
677 1996 765 2041 heic
802 1999 895 2041 citra
951 1999 1092 2041 crimen
1130 1999 1269 2056 ingrati
1317 1996 1529 2054 praeterire

48 2066 147 2123 quod
185 2067 345 2109 omnium
374 2065 691 2109 commendatione
731 2066 984 2124 dignissimum
1018 2076 1094 2111 est:
1154 2067 1421 2111 bibliothecam
1457 2065 1527 2106 sci-

50 2136 137 2179 licet
168 2135 289 2179 multis
320 2134 501 2178 librorum
547 2133 693 2179 milibus
724 2144 951 2178 constantem
984 2138 1193 2189 instituisti,
1233 2151 1341 2195 quam
1376 2134 1530 2178 eruditis

50 2202 217 2246 omnibus
235 2211 367 2261 patere
386 2203 454 2247 vis.
511 2203 549 2246 in
568 2219 641 2261 qua
659 2204 834 2262 quidquid
856 2205 981 2249 Gallia
1006 2206 1185 2249 bonarum
1213 2208 1343 2249 artium
1373 2202 1528 2245 feracis-

48 2273 161 2322 sima,
195 2273 370 2330 quidquid
401 2271 507 2315 Italia
540 2273 602 2315 vel
637 2273 839 2316 Germania
874 2275 1053 2319 eruditum
1079 2275 1251 2332 protulit,
1288 2273 1457 2321 invenire
1488 2271 1526 2311 in

49 2340 150 2384 sacili
168 2348 235 2382 est.
291 2342 419 2385 omitto
437 2342 636 2398 praeclara
653 2342 720 2385 illa
741 2358 946 2394 marmora,
977 2345 1183 2401 prIncipum
1216 2351 1252 2386 et
1279 2343 1444 2384 virorum
1460 2339 1524 2396 qui

47 2410 168 2452 literis
189 2409 398 2453 claruerunt
413 2419 569 2462 statuas,
605 2427 696 2468 quas
719 2427 799 2455 cum
817 2413 948 2456 videas
975 2421 1012 2456 et
1032 2414 1175 2470 ingenii
1202 2417 1435 2455 monumenta
1468 2408 1522 2449 le-

46 2493 139 2536 gas,
174 2486 280 2536 putes
298 2493 372 2522 non
397 2487 496 2523 muta
519 2494 703 2524 marmora
731 2482 799 2524 sed
821 2483 1000 2532 animata,
1033 2490 1218 2524 eteorum
1240 2495 1314 2522 non
1333 2478 1520 2522 interiisse

46 2561 221 2603 corpora,
251 2547 320 2590 sed
339 2563 420 2591 cum
444 2549 650 2593 animorum
679 2550 779 2594 soetu
809 2552 858 2594 de
887 2551 1121 2608 perennitate
1149 2557 1310 2593 certare.
1340 2562 1412 2605 quo
1441 2546 1518 2603 qui-

46 2611 132 2658 dem
151 2618 315 2674 egregio
334 2616 432 2660 facto
460 2618 687 2662 literatiores
714 2635 877 2677 quosque
890 2619 986 2661 *Tibi
1006 2619 1190 2662 obnoxios
1217 2618 1358 2667 fecisti,
1389 2624 1426 2658 et
1446 2629 1519 2657 non

45 2685 163 2727 minus
180 2686 219 2728 in
238 2699 306 2730 ore
325 2686 509 2729 homimun
529 2688 613 2744 agis
641 2704 751 2746 quam
769 2697 925 2746 propter
951 2688 1046 2730 alias
1065 2689 1274 2731 acerrimae
1301 2685 1435 2728 mentis
1452 2684 1517 2724 do-

43 2761 122 2802 tes;
158 2768 206 2796 ex
239 2755 371 2811 quibus
402 2756 491 2798 boni
523 2770 652 2799 omnes
676 2759 885 2815 intelligunt
909 2764 1010 2799 tanto
1028 2757 1086 2800 Te
1114 2757 1276 2800 caeteris
1305 2753 1519 2796 mortalibus

45 2822 278 2878 superiorem
306 2839 409 2875 esse,
440 2833 575 2882 quanto
605 2825 748 2870 fortuna
780 2826 862 2869 Tua
889 2826 1077 2870 excelsior
1104 2835 1142 2869 et
1173 2825 1424 2884 praestantior
1451 2830 1517 2864 est.
