1742 3184
198 170 301 220 686
683 165 926 216 GEORGII
952 160 1202 212 GEDRENI

197 286 276 331 ὕπ’
301 285 442 331 αῧτοῧ.
509 284 569 342 μὴ
592 284 804 343 ἔπιχαίρῃς
823 284 996 339 α’ίμασι,
1022 281 1082 340 μὴ
1106 278 1287 327 κοινώνει
1309 278 1464 342 φόνοις.
1526 280 1592 337 ’μὴ
1614 299 1692 325 κα-

146 364 178 399 C
201 358 274 402 κὸν
296 359 384 401 ἀντὶ
407 361 536 400 κακοῦ
555 354 788 413 ἀποδώσῃς.
855 353 915 410 μὴ
937 357 1086 412 μηνιῇς
1103 354 1203 406 τινί,
1239 350 1296 404 ὥς
1310 350 1445 409 κάγώ·
1480 350 1593 408 κάγώ
1611 351 1692 409 γὰρ

197 433 357 484 μηνιῶν
391 426 588 478 ἴπταισα,
619 427 688 468 καὶ
727 425 899 483 σφαλεὶς
927 423 1134 478 ἀπέλαβον
1163 421 1269 466 κατὰ
1292 421 1368 473 τὰς
1393 422 1566 477 ἀνομίας
1585 434 1690 476 μου·

199 498 308 541 ἀλλὰ
343 494 564 551 ὄικάσομαι
599 495 642 538 ἓν
680 498 740 554 τῷ
770 498 860 552 θεῷ
890 499 978 545 τοῖς
1005 491 1294 549 ὕποβάλλουσί
1316 508 1390 547 μοι
1417 495 1562 534 ταῦτα.
1630 491 1690 546 μὴ

199 569 390 625 ἔπαρθῇς
419 567 482 609 ἐπὶ
513 569 612 622 τιμῇ
643 568 718 619 τῆς
746 564 958 618 βασιλείας
991 581 1083 607 σου.
1154 562 1285 613 οὕτως
1311 561 1376 617 ἴχε
1406 562 1504 612 τοὺς
1535 557 1725 611 πάνταςδ

196 635 256 689 ὥς
279 634 436 680 ἔαυτόν.
507 638 641 691 γνῶθι
660 635 722 685 τίς
739 628 790 689 ἧς
807 635 874 676 καὶ
893 634 955 685 τίς
974 631 1013 676 εἶ
1026 637 1111 676 νῦν.
1180 633 1240 688 μὴ
1260 629 1524 689 ὑπερήφανος
1539 625 1589 687 ᾖς
1607 636 1693 680 τοῖς

198 705 449 766 ὁμοφύλοις,
485 706 553 748 καὶ
585 704 660 760 οὔχ
689 701 890 761 ἁμάρτῃς.
961 701 1079 754 οἶδας
1110 703 1172 754 τίς
1196 702 1307 758 ἤμην
1332 703 1400 745 καὶ
1420 702 1482 752 τίς
1506 701 1586 755 εἰμὶ
1605 704 1691 752 νῦν,

196 777 271 821 τὸν
298 774 481 819 θάνατον
505 775 548 817 ἐν
573 774 815 832 ὀφθαλμοῖς
837 771 959 831 ὃριῦν.
1026 770 1175 824 πάντες
1196 766 1308 815 οὗτοι
1332 771 1370 814 οἳ
1395 768 1692 829 παριστάμενοι

198 846 342 889 δοῦλοί
361 846 436 888 εἶσι
458 845 527 887 καὶ
543 843 662 887 τέκνα
684 860 775 887 σου.
843 847 903 903 τῷ
925 847 1092 901 στρατῷ
1109 839 1295 901 πρόσεχε.
1366 839 1595 897 ἀνάνδρους
1623 840 1692 882 καὶ

197 915 419 965 ἀσυνέτους
438 913 496 970 μὴ
520 915 789 973 προχειρίζου.
857 910 918 969 μή
942 929 988 956 σε
1008 910 1266 956 πεισάτωσαν
1286 910 1348 954 ὅτι
1368 912 1435 959 καὶ
1456 911 1494 952 οἳ
1514 909 1595 967 πρὸ
1616 912 1693 952 σοῦ
1706 914 1742 951 ic

199 985 331 1037 οὕτως
348 984 585 1042 διεγένοντο.
653 988 786 1027 ταῦτα
804 987 1022 1041 παρεγγυῶ
1040 999 1106 1026 σοι
1124 985 1192 1025 καὶ
1211 984 1401 1039 παραινῶ
1419 979 1498 1038 ἀφ’
1519 973 1576 1022 ὧν
1592 977 1694 1021 ἔπα-

145 1061 178 1097 D
204 1060 300 1099 θον.
351 1055 587 1112 περιουσίας
607 1054 645 1096 οἱ
664 1053 822 1109 ἔχοντες
840 1053 1160 1097 ἀπολαυέτωσαν
1179 1051 1315 1095 αὐτῶν
1325 1051 1555 1108 χρησίμως.
1608 1055 1695 1099 τοῖς

200 1126 260 1182 μὴ
283 1125 421 1180 ἔχουσι
441 1141 485 1167 σε
505 1125 774 1183 προετιζιιησα.
828 1122 903 1178 τὴν
921 1123 1079 1180 μητέρα
1098 1139 1195 1175 σου,
1222 1120 1297 1177 τήν
1315 1120 1416 1164 ποτέ
1433 1136 1510 1164 σου
1529 1119 1695 1169 δέσποι-

202 1213 279 1239 ναν
298 1194 537 1252 γενομένην,
573 1195 697 1249 σε’βου
719 1195 787 1236 καὶ
806 1194 929 1248 τίμα·
966 1195 1114 1244 δοῦλος
1131 1192 1212 1250 γὰρ
1230 1187 1347 1248 ἦσθα
1367 1189 1588 1248 πρότερον,
1623 1192 1696 1231 νῦν

202 1267 250 1309 δὲ
278 1269 395 1322 γενοῦ
426 1264 516 1316 υἱὸς
548 1263 720 1320 αὐτῆς.”
790 1267 922 1306 ταῦτα
951 1261 1134 1314 εἷπόντος
1161 1266 1236 1305 τοῦ
1262 1261 1490 1316 βασιλέως,
1526 1259 1594 1302 καὶ
1619 1262 1694 1301 τοῦ
1708 1263 1742 1299 1ἐ

203 1337 421 1394 Καίσαρος
449 1335 492 1377 ἐν
517 1341 603 1385 τοῖς
630 1335 750 1376 ποσὶν
775 1333 902 1376 αὐτοῦ
922 1331 1139 1385 πεσόντος,
1176 1331 1255 1391 ἔφη
1277 1329 1298 1374 ὃ
1321 1327 1516 1386 βασιλεύς
1533 1326 1602 1371 ιζεἲ
1619 1328 1697 1371 θέ-

202 1407 311 1458 λεις,
347 1405 452 1460 εἶμί,
488 1405 524 1447 εἲ
549 1404 597 1447 οὔ
622 1404 781 1456 θέλεις,
818 1403 866 1445 οὗ
895 1404 964 1456 ζῶ.
1032 1400 1054 1445 ὃ
1082 1402 1184 1453 θεὸς
1207 1400 1228 1445 ὅ
1249 1401 1320 1445 τὸν
1341 1399 1516 1457 οὐρανὸν
1535 1400 1605 1442 καὶ
1623 1398 1697 1453 τὴν

196 1480 273 1533 γῆν
305 1472 483 1530 ποιήσας
513 1472 675 1533 ἐμβάλῃ
708 1476 764 1524 εἰς
786 1472 864 1528 τὴν
884 1473 1060 1531 καρδίαν
1082 1489 1157 1516 σου
1178 1474 1246 1514 καὶ
1268 1470 1399 1523 ἄλλα,
1440 1469 1469 1512 ἃ
1490 1466 1698 1511 ἐπελαθό-

195 1563 281 1601 μην
309 1547 431 1588 εἷπεΐν
462 1544 573 1587 σοι.”
646 1548 721 1599 τῆς
748 1540 873 1587 νόσου
906 1544 951 1586 δὲ
979 1546 1039 1602 τῷ
1066 1545 1237 1597 βασιλεῖ’
1257 1541 1421 1599 βαρέως
1445 1539 1698 1593 ἐπικειμένης

196 1615 290 1671 μετ’
316 1615 364 1656 οὗ
390 1614 495 1656 πολὺ
516 1611 762 1669 ἐτελεύτησε.
831 1613 900 1656 καὶ
929 1613 1052 1668 ἐτέθη
1074 1612 1120 1655 τὸ
1139 1616 1262 1667 σῶμα
1283 1611 1410 1654 αὐτοῦ
1431 1610 1473 1652 ἓν
1491 1613 1552 1667 τῷ
1570 1606 1742 1667 ἧρῴῳρ(

194 1684 494 1728 Ἰουστινιανυῦ
502 1716 517 1737 ,
545 1685 588 1727 ἐν
604 1681 778 1742 λάρνακι
794 1683 1110 1744 Προικοννησίῳ
1120 1714 1135 1735 ,
1162 1681 1268 1738 μετὰ
1286 1682 1448 1739 Σοφίας
1465 1682 1540 1735 τῆς
1555 1695 1697 1735 γυναι·-

198 1754 272 1806 κὸς
296 1754 440 1796 αὐτοῦ.

49 1836 83 1873 P
106 1836 178 1875 392
333 1823 427 1866 Ἐπὶ
455 1819 606 1865 τούτου
632 1825 709 1864 τοῦ
741 1818 1037 1876 εὐσεβεστάτου
1062 1818 1295 1864 Ἰουστίνου
1325 1814 1538 1869 Ἰουδαῖός
1564 1834 1626 1868 τις
1655 1817 1697 1860 ἓν

196 1957 334 1993 honore
354 1954 539 1991 afficiaris.
587 1952 661 1989 noli
685 1954 843 2000 gaudere
866 1953 946 1989 suso
970 1953 1163 1998 sanguine,
1186 1963 1304 1998 neque
1324 1951 1593 1987 homicidiorum
1611 1962 1696 1997 par-

197 2005 315 2051 ticeps
350 2008 441 2038 esto.
490 2000 617 2035 malum
641 2002 732 2035 malo
755 2001 956 2047 rependere
980 2000 1072 2044 noli,
1106 2011 1223 2045 neque
1254 1998 1400 2045 gravius
1425 1998 1588 2044 cuiquam
1613 2009 1696 2032 suc—

196 2062 367 2092 censere3
401 2049 439 2084 id
465 2048 560 2094 quod
584 2059 651 2092 ego
675 2059 753 2083 cum
773 2047 961 2092 fecissem,
996 2046 1115 2082 erravi
1139 2058 1182 2081 ac
1206 2051 1430 2092 peccatorum
1453 2056 1609 2080 meorum
1635 2056 1698 2079 ac-

198 2097 281 2143 cepi
315 2096 533 2140 mercedem,
570 2106 767 2141 quanquam
792 2096 878 2129 deus
902 2094 973 2129 mei
995 2105 1103 2129 causa
1129 2093 1322 2128 ulciscetur
1344 2105 1407 2128 eos
1432 2093 1493 2139 qui
1518 2092 1590 2127 ista
1612 2091 1698 2126 mihi

198 2148 402 2181 suaserunt.
452 2154 498 2177 ne
526 2141 713 2187 superbias
738 2143 783 2177 ob
808 2140 951 2187 imperii
972 2141 1027 2176 tui
1052 2140 1287 2176 maiestatem.
1335 2150 1456 2174 omnes
1480 2139 1603 2174 eodem
1626 2149 1698 2183 quo

199 2196 238 2227 te
262 2190 340 2225 loco
364 2190 472 2224 habe.
522 2188 639 2233 cogita
662 2188 742 2234 quis
765 2187 879 2223 fueris
902 2193 939 2223 et
963 2187 1044 2234 quis
1068 2199 1162 2223 nunc
1187 2187 1252 2224 sis.
1301 2186 1375 2221 noli
1395 2187 1550 2232 superbe
1575 2190 1700 2220 contra

197 2237 352 2284 gentiles
375 2243 456 2272 tuos
482 2235 616 2280 efferri,
641 2247 686 2269 ne
709 2246 851 2282 pecces.
897 2234 968 2270 scis
993 2234 1055 2280 qui
1080 2234 1207 2269 fuerim
1232 2236 1269 2268 et
1289 2233 1369 2278 quis
1388 2244 1482 2268 nunc
1499 2233 1578 2276 sim,
1602 2243 1699 2266 mor-

198 2291 271 2320 tem
297 2288 381 2319 ante
404 2282 525 2318 oculos
550 2283 698 2317 habens.
746 2293 867 2317 omnes
901 2282 939 2316 hi
972 2281 1035 2326 qui
1065 2282 1311 2324 circumstant,
1346 2280 1445 2315 servi
1475 2279 1529 2314 tui
1555 2283 1639 2314 sunt
1663 2282 1701 2312 et

195 2331 251 2367 tui
285 2330 365 2366 filii.
414 2329 592 2364 exercitus
623 2340 741 2363 curam
770 2340 871 2375 gere.
919 2328 1040 2363 molles
1073 2333 1110 2363 et
1141 2327 1384 2372 imprudentes
1416 2338 1462 2361 ne
1494 2325 1700 2372 praeficias.

195 2389 314 2423 neque
339 2389 381 2412 eo
404 2376 472 2411 tibi
495 2376 753 2432 persuadeant,
785 2375 882 2422 quod
913 2375 1054 2421 priores
1076 2380 1113 2410 te
1136 2375 1371 2421 imperatores
1395 2373 1483 2408 tales
1507 2373 1620 2408 'fuisse
1642 2372 1700 2407 di-

197 2429 296 2460 cent.
356 2424 447 2458 haec
480 2423 549 2458 nbi
581 2422 782 2469 praecipio,
817 2433 967 2467 meoque
1000 2423 1148 2457 edoctus
1181 2421 1272 2456 malo
1304 2421 1430 2455 hortor
1461 2424 1502 2454 ut
1530 2419 1575 2454 iis
1610 2424 1699 2456 stes.

196 2471 261 2517 qui
295 2470 493 2516 locupletes
521 2475 622 2514 sunt,
659 2469 787 2516 opibus
814 2468 949 2503 utiliter
978 2469 1156 2504 fruuntur.
1206 2467 1361 2514 praetuli
1388 2472 1426 2501 te
1458 2467 1503 2501 iis
1536 2466 1598 2512 qui
1629 2477 1700 2500 non

195 2517 345 2552 habent.
394 2522 540 2552 matrem
564 2522 680 2561 tuam,
718 2528 810 2562 quae
833 2515 976 2550 domina
999 2515 1189 2561 aliquando
1211 2522 1274 2550 tua
1296 2514 1386 2559 fuit,
1423 2513 1500 2548 cole
1525 2525 1567 2548 ac
1591 2524 1700 2547 reve-

196 2575 300 2599 rere:
325 2575 451 2598 servus
476 2563 568 2598 enim
593 2568 697 2607 ante,
722 2575 816 2598 nunc
838 2563 933 2597 filius
959 2562 1034 2597 eius
1058 2563 1174 2597 factus
1194 2558 1270 2597 es.”
1317 2561 1408 2595 haec
1425 2560 1565 2595 locutus
1583 2559 1698 2606 impe-

196 2615 319 2654 rator,
344 2622 423 2644 cum
447 2611 492 2645 ad
516 2611 626 2657 pedes
654 2609 731 2645 eius
755 2622 795 2645 se
819 2609 1076 2656 prostravisset
1091 2610 1247 2653 Caesar,
1272 2607 1410 2643 addidit
1429 2603 1485 2641 “si
1504 2606 1583 2652 vis,
1602 2617 1699 2641 sum:

198 2656 231 2691 si
263 2668 335 2690 non
366 2657 444 2702 vis,
483 2669 555 2692 non
584 2657 717 2692 vivam.
765 2658 853 2692 deus
885 2656 947 2701 qui
979 2655 1113 2691 caelum
1139 2662 1176 2691 et
1199 2661 1328 2690 terram
1355 2653 1536 2699 condidit,
1568 2654 1607 2687 in
1635 2664 1699 2687 cor

198 2706 298 2737 tuum
328 2702 431 2737 indat
458 2703 528 2739 alia
557 2703 685 2748 etiam,
723 2715 814 2749 quae
846 2703 912 2738 tibi
945 2703 1066 2738 dicere
1090 2702 1219 2737 oblitus
1243 2697 1356 2737 sum-’³
1393 2705 1560 2735 ceterum
1584 2699 1698 2746 impe-

199 2753 298 2783 rator
338 2750 458 2784 morbo
496 2751 770 2796 ingravescente
803 2750 898 2785 haud
930 2749 1037 2785 multo
1072 2754 1155 2795 post
1188 2749 1299 2783 vitam
1333 2747 1521 2783 conclusit.
1569 2757 1700 2792 corpus

200 2794 278 2829 eius
314 2794 352 2828 in
384 2795 491 2831 heroo
516 2796 705 2832 Iustiniani
729 2797 930 2845 depositum
952 2802 1028 2843 est,
1062 2796 1101 2831 in
1125 2807 1208 2831 arca
1232 2793 1496 2838 Proconnesia3
1527 2794 1698 2838 iuxtaque

202 2840 363 2887 Sophia,
389 2853 477 2876 uxor
502 2844 592 2878 eius.

293 2886 375 2923 Hoc
408 2889 544 2926 Iustino
578 2890 777 2937 imperante
803 2889 946 2937 quidam
970 2889 1009 2925 in
1033 2890 1123 2927 urbe
1145 2888 1320 2927 vitrorum
1345 2887 1520 2925 conflator
1543 2884 1696 2922 Iudaeus
