1742 3184
190 159 291 207 632
670 156 910 204 GEORGII
944 153 1190 200 CEDRENI

179 279 250 335 τῷ
266 273 399 334 ἀνδρί.
469 271 540 325 οὓς
557 275 815 330 θαυμαστῶς
844 270 985 329 ἤλεγξε
1008 270 1318 332 δραματουργία
1335 267 1515 329 τοιαύτῃ.
1584 268 1664 329 ἔφη

189 346 269 404 γὰρ
291 345 393 403 πρὸς
411 342 560 394 αὐτούς
578 341 865 401 “γράμματα”
900 341 1024 401 φησίν
1041 339 1271 397 εςἐδεξάμην
1289 339 1468 397 σήμερον
1489 340 1551 384 ὅτι
1570 344 1665 384 Μι-

187 416 301 470 χαὴλ
326 413 347 457 ὅ
377 412 624 470 ἀρχάγγελος
655 410 874 467 τέθνηκε.”
945 414 1028 454 τῶν
1053 410 1098 453 δὲ
1125 408 1319 453 εἰπόντων
1338 409 1539 454 ἀδύνατον
1563 408 1664 453 εἶναι

188 489 309 528 τοῦτο
339 483 416 541 ἔφη
445 482 549 538 πρὸς
578 478 728 532 αὐτούς
755 478 855 524 (ςκαὶ
883 484 970 532 πῶς
990 480 1090 531 θεὸς
1114 480 1269 536 γυμνὸς
1286 477 1533 537 ἐσταυρώθη
1555 479 1658 522 καθ’

190 552 302 608 ἡμᾶς
323 555 390 596 καὶ
411 551 629 602 ἀπέθανεν,
665 553 699 593 εἲ
725 549 784 605 μὴ
813 548 886 592 δύο
909 547 1072 607 φύσεων
1096 543 1147 605 ἦν
1166 546 1374 606 Χριστός,
1422 549 1528 605 εἴπερ
1557 548 1697 604 μηδὲ5

191 622 360 679 ἅγγελος
386 618 696 675 ἀποθνήσκει,·”
740 620 809 662 καὶ
839 618 947 662 οὕτω
977 610 1072 674 μετ’
1107 617 1301 673 αἰσχύνης
1331 617 1592 674 ἀνεχώρησαν
1627 618 1667 660 οἱ

190 697 265 735 τοῦ
282 688 471 747 Σεβήρου
497 690 719 732 ἐπίσκοποι.
787 686 993 743 ,Καβάδης
1010 688 1059 731 δέ
1073 706 1186 739 τινας
1203 692 1283 730 τῶν
1305 688 1346 730 ἒν
1362 689 1538 745 Περσίδι
1555 689 1668 746 Χρι-

180 765 366 804 στιανῶν
389 757 730 815 ἠγκυλοκόπησεν,
766 758 813 800 οἳ
826 758 931 813 μετὰ
950 762 1081 800 ταῦτα
1102 755 1412 815 περιεπάτησαν.

330 832 404 887 Τῷ
426 827 486 884 κγ’
515 827 594 870 ἔτει
616 828 862 878 Βιταλιανὸς
880 827 1135 884 παραλαβὼν
1157 831 1291 870 πᾶσαν
1313 826 1387 882 τὴν
1410 821 1578 884 Θρᾴκην
1599 825 1667 866 καὶ

134 909 168 945 D
193 899 381 941 Σκυθίαν
408 899 476 940 καὶ
502 898 690 949 Μυσίαν,
744 895 847 952 ἔχων
878 897 981 951 μεθ’
1022 894 1172 939 ἑαυτοῦ
1206 899 1369 950 πλῆθος
1405 894 1571 938 Οῧννων
1599 895 1724 936 καὶ10

190 966 458 1025 Βουλγάρων,
491 967 698 1024 παρέλαβε
717 967 785 1008 καὶ
803 966 959 1017 πολλὰς
974 963 1113 1016 πόλεις
1133 967 1201 1008 καὶ
1220 963 1426 1021 Κύριλλον
1445 964 1516 1007 τὸν
1540 981 1669 1021 στρα-

187 1037 310 1093 τηγὸν
335 1034 527 1096 Θρᾴκης,
562 1037 631 1078 καὶ
658 1030 763 1090 ἦλθε
791 1033 1022 1093 πραιδεύων
1048 1035 1124 1086 ἕως
1147 1035 1389 1087 Βυζαντίου.
1452 1031 1669 1076 'Amata'-

187 1122 277 1157 σιος
309 1107 352 1149 δὲ
384 1105 586 1162 ἀπογνοὺς
612 1105 756 1159 πέμπει
780 1105 884 1162 πρὸς
902 1102 1077 1162 εἰρήνην,
1113 1102 1275 1158 ὀμνύων
1294 1103 1369 1146 σὺν
1390 1106 1442 1160 τῇ
1458 1101 1670 1160 συγκλήτῳ

188 1176 286 1226 τοὺς
315 1175 600 1232 ἐξορισθέντας
631 1173 929 1217 ἀνακαλεῖσθαι
958 1175 1027 1216 καὶ
1047 1171 1309 1217 Μακεδόνων
1338 1174 1405 1214 καὶ
1431 1172 1670 1225 Φλαβιανὸν

189 1245 415 1299 ἀπολαβεῖν
441 1243 538 1295 τοὺς
565 1244 693 1293 ἰδίους
721 1241 925 1301 θρόνους,
973 1244 1040 1286 καὶ
1068 1241 1241 1286 σύνοδον
1260 1243 1451 1299 γενέσθαι
1474 1228 1515 1284 ε”ν
1534 1240 1670 1298 ‘Hpa-
1682 1243 1726 1280 15

188 1315 315 1373 κλείᾳ,
335 1314 554 1370 ἐρχομένου
576 1313 644 1355 καὶ
665 1316 738 1355 τοῦ
753 1311 926 1368 Ῥώμης.
952 1311 1271 1367 βεβαιωσάντων
1295 1313 1338 1354 δὲ
1357 1309 1520 1353 πάντων
1540 1315 1672 1353 ταῦτα

189 1384 405 1440 γενέσθαι,
452 1380 474 1425 ὅ
497 1381 742 1432 Βιταλιανός
765 1382 953 1437 ἀπῆλθεν
984 1385 1041 1433 εἷς
1067 1381 1119 1425 τὰ
1151 1381 1237 1423 ἴδια
1263 1381 1478 1437 γενομένης
1500 1379 1673 1436 εἶρήνης.

190 1452 398 1495 ἐλθόντων
422 1452 466 1495 δὲ
483 1448 712 1494 ἐπισκόπων
733 1451 775 1494 ἒν
790 1449 1018 1510 ιΗρακλειίιι
1040 1448 1135 1494 ὡσεὶ
1158 1452 1378 1493 διακοσίων
1397 1451 1441 1492 ἐκ
1462 1449 1674 1508 διαφόρων

189 1520 350 1574 τόπων,
402 1519 424 1564 ὅ
448 1520 602 1575 ἀσεβὴς
618 1520 814 1575 βασιλεὺς
833 1520 1027 1578 παραβὰς
1049 1520 1124 1571 τὰς
1144 1519 1357 1575 συνθήκας
1376 1519 1482 1573 μετὰ
1504 1521 1571 1561 καὶ
1595 1524 1673 1562 Τι-

186 1592 348 1646 μοθέου
380 1588 602 1634 ἐπισκόπου
637 1587 1107 1641 Κωνσταντινουπόλεως
1136 1587 1306 1640 τούτους
1335 1589 1569 1642 ἐνέπαιξαν,
1604 1590 1730 1632 namo

189 1659 454 1717 ἀνεχώρησαν
481 1659 695 1716 ἄπρακτοι.

43 1735 75 1770 Ρ
100 1737 168 1774 361
335 1733 409 1788 Τῷ
435 1726 499 1772 κδ’
533 1728 609 1771 ἔτει
642 1726 663 1771 ὅ
684 1724 931 1776 Βιταλιανὸς
960 1723 1244 1782 ἀγανακτήσας
1264 1723 1369 1768 κατὰ
1387 1723 1673 1769 ’Λναστασίου

192 1798 264 1841 διὰ
281 1798 355 1853 τὴν
375 1798 583 1856 ἐπιορκίαν
602 1796 734 1840 πολλὰ
761 1794 869 1838 κακὰ
889 1801 974 1846 τοῖς
996 1795 1284 1853 στρατοπέδοις
1297 1794 1582 1839 Ἀναστασίου
1604 1797 1674 1838 καὶ

285 1895 331 1931 12
355 1889 584 1939 στρατιώτην
606 1891 637 1926 Ρ

192 1973 344 2009 mirabili
368 1975 563 2008 commento
585 1969 770 2007 refutavit.
817 1970 908 2006 dixit
934 1970 1026 2006 enim
1057 1969 1103 2006 iis
1133 1983 1175 2006 eo
1208 1970 1288 2017 ipso
1312 1970 1371 2007 die
1393 1970 1462 2006 sibi
1484 1970 1605 2006 literas
1629 1970 1675 2006 de

192 2026 304 2055 morte
326 2020 495 2055 Michaeli
525 2019 726 2064 angelorum
758 2018 931 2064 principis
963 2030 1042 2052 esse
1067 2017 1202 2052 allatas.
1251 2022 1399 2064 cumque
1420 2019 1678 2065 responderent

189 2067 282 2103 nullo
308 2078 386 2102 eum
409 2068 512 2101 modo
535 2066 695 2112 potuisse
718 2066 818 2109 mori,
843 2062 1040 2110 “quomodo
1066 2061 1203 2099 autem³⁹
1228 2065 1280 2099 ait
1298 2062 1436 2100 “nudus
1454 2065 1540 2099 deus
1563 2065 1679 2111 potuit

192 2112 370 2158 crucifigi,
396 2114 491 2159 quod
517 2124 581 2147 vos
607 2111 824 2147 affirmatis?
856 2119 892 2146 et
917 2111 1082 2146 Christus
1105 2123 1175 2145 non
1200 2111 1362 2146 constitit
1385 2123 1429 2145 ex
1452 2111 1588 2146 duabus
1612 2123 1677 2145 na-

190 2160 281 2194 turis
291 2161 310 2194 ’ἒ
344 2171 420 2194 cum
453 2172 497 2194 ne
522 2158 666 2203 angelus
690 2158 832 2203 quidem
856 2153 1063 2193 moriatur.”
1111 2157 1164 2192 ita
1187 2169 1262 2192 cum
1289 2159 1463 2192 dedecore
1488 2157 1678 2192 severiani

191 2206 243 2240 illi
266 2206 519 2243 discesserunt.
577 2205 743 2241 cabades
767 2211 883 2239 autem
907 2205 1075 2249 quosdam
1099 2203 1136 2238 in
1161 2204 1310 2238 Perside
1334 2204 1555 2239 Christianos
1580 2205 1679 2239 uncis

180 2253 319 2298 vgladiis
345 2264 420 2287 cum
445 2251 671 2296 concidisset,
698 2251 725 2286 ii
748 2251 859 2285 nihilo
885 2249 1001 2285 secius
1024 2251 1210 2296 postmodo
1236 2251 1564 2285 obambulaverunt.

283 2299 385 2334 Anno
418 2299 463 2335 23
490 2298 684 2333 Vitalianus
717 2301 890 2343 occupata
919 2297 1087 2331 universa
1116 2296 1273 2331 Thracia
1304 2297 1455 2342 Scythia
1487 2303 1523 2332 et
1547 2296 1678 2341 Mysia,

181 2345 323 2380 *ducens
348 2357 464 2380 secum
488 2346 695 2380 Hunnorum
718 2350 754 2378 et
776 2344 1010 2388 Bulgarorum
1035 2355 1180 2388 agmen,
1220 2342 1344 2377 multas
1369 2345 1475 2378 urbes
1500 2349 1534 2378 et
1559 2344 1679 2387 Cyn-il·-

191 2392 263 2427 lum
286 2403 428 2437 quoque
446 2392 625 2426 Thraciae
649 2391 866 2437 praefectum
888 2389 996 2435 cepit,
1022 2401 1064 2423 ac
1088 2390 1289 2435 praedando
1307 2389 1436 2434 Cpolin
1461 2401 1572 2435 usque
1594 2402 1680 2435 pro-

193 2439 315 2477 cessit.
363 2444 436 2473 tum
459 2438 668 2473 Anastasius
701 2438 810 2472 rebus
841 2435 915 2470 suis
945 2435 1140 2481 deploratis
1173 2447 1294 2482 pacem
1322 2448 1387 2481 per
1418 2436 1553 2480 legatos
1577 2436 1680 2482 petit,

192 2485 315 2520 iurans
345 2495 417 2519 uua.
450 2496 526 2520 cum
557 2489 684 2519 senatu
716 2495 755 2517 se
785 2482 963 2528 relegatos
989 2488 1256 2526 revocaturum,
1293 2482 1504 2517 Macedonio
1528 2494 1570 2517 ac
1593 2482 1679 2517 Fla-

191 2532 299 2565 viano
322 2542 405 2565 suos
430 2531 655 2576 episcopatus
678 2529 908 2574 redditurum,
933 2528 1116 2563 concilium
1135 2528 1331 2563 Heracleae
1354 2535 1509 2563 acturum
1532 2534 1681 2564 evocato

193 2577 299 2613 etiam
325 2588 416 2622 papa
440 2578 612 2612 Romano.
661 2587 738 2611 cum
763 2575 800 2610 in
822 2576 885 2610 has
910 2575 1136 2610 condiciones
1161 2580 1255 2609 esset
1278 2576 1321 2609 ab
1347 2576 1505 2610 omuibus
1529 2587 1679 2610 consen-

193 2635 280 2666 sum,
307 2623 504 2658 Vitalianus
529 2635 617 2669 pace
640 2624 737 2657 facta
760 2623 896 2657 domum
922 2621 1043 2656 rediit.
1071 2622 1135 2655 sed
1159 2632 1235 2655 cum
1260 2621 1403 2655 circiter
1426 2623 1496 2657 200
1521 2621 1682 2667 episcopi

193 2682 237 2704 ex
261 2669 414 2703 diversis
439 2672 600 2715 partibus
624 2669 833 2704 Heracleam
861 2667 1132 2711 convenissent,
1168 2668 1360 2712 imperator
1384 2668 1512 2714 impius
1537 2667 1680 2702 violatis

193 2715 327 2761 pactis,
360 2716 523 2751 adiutore
554 2716 744 2751 Timotheo
777 2714 966 2761 Cpolitano
1001 2714 1192 2760 episcopo,
1223 2712 1269 2748 iis
1292 2713 1422 2757 illusit;
1459 2720 1566 2760 atque
1588 2714 1616 2749 ii
1639 2726 1681 2749 re

193 2761 290 2795 nulla
314 2762 474 2796 confecta
497 2763 751 2797 discesserunt.

285 2808 385 2841 Anno
413 2808 459 2843 24
481 2809 682 2844 Vitalianus
706 2806 895 2842 Anastasio
925 2807 970 2842 ob
994 2805 1185 2852 periurium
1208 2805 1319 2840 iratus
1341 2806 1520 2841 exercitus
1545 2805 1631 2840 eius
1645 2810 1682 2842 et

191 2864 265 2889 rem
291 2853 465 2899 publicam
489 2854 605 2890 multis
629 2854 764 2891 damnis
798 2853 941 2890 affecit:
978 2864 1058 2888 nam
1081 2859 1118 2887 et
1140 2852 1379 2899 praedabatur
1402 2858 1440 2888 et
1462 2852 1592 2888 milites
1617 2865 1679 2888 ca-
