1742 3184
211 193 312 242 264
689 191 933 238 GEORGII
959 189 1205 236 CEDRENI

208 309 288 363 ἔξω
329 312 404 367 τῆς
443 306 598 362 πόλεως
637 306 814 367 γυμνόν,
861 303 1010 364 ψἰάθῳ
1049 298 1210 363 θρυ·ί”νῳ
1249 301 1589 362 περιβεβλημένον
1620 305 1687 346 καὶ

209 380 374 438 σχοινίῳ
404 379 480 435 τὴν
511 379 643 437 ὀσφὺν
673 376 986 436 περιεζωσμένον
1010 373 1065 425 ὥς
1085 375 1292 430 παίγνιον,
1322 375 1389 415 καὶ
1420 372 1590 431 ῥάβδοις
1614 390 1689 416 τυ-

207 449 429 505 πτόμενον,
463 441 548 500 τοῖς
569 448 858 502 καταχθονίοις
882 444 1006 488 αὐτὸν
1027 448 1140 494 θεοῖς
1163 446 1341 498 δοθῆναι
1366 443 1519 485 θυσίαν
1539 442 1688 499 προσέ-

207 522 317 570 ταξε.
361 517 565 569 Σεξτίλιος
582 512 633 572 ἦν
653 515 743 559 τότε
762 513 844 572 μήν
854 547 867 567 ,
897 514 944 558 ὃν
963 511 1018 565 ὥς
1038 512 1212 566 κολοβὸν
1231 510 1253 554 ὅ
1273 510 1443 563 Μάλιος
1467 509 1688 568 Φεβρουά-

207 604 295 646 ριον
326 585 602 642 ἐπωνόμασεν.
675 583 774 628 ὅθεν
803 586 870 627 καὶ
897 583 992 627 κατ’
1027 581 1115 633 ἔτος
1146 582 1310 637 ψίαθον
1338 581 1402 622 ε’πὶ
1435 585 1508 636 τῆς
1535 581 1719 637 ἀγορᾶςό

204 657 467 714 προτιθέντες
500 654 692 710 Ῥωμαῖοι
729 652 925 697 τύπτουσι
955 650 1146 711 ῥάβδοις,
1191 651 1486 707 ἐπιφωνοῦντες
1513 647 1687 701 ιζἔξελθε

209 723 468 784 Φεβρουάριε
490 729 563 781 τῆς
583 722 781 775 πόλεως.”

152 846 186 882 D
340 839 432 882 Ἐπὶ
464 845 551 891 τοῖς
579 843 652 894 τῆς
687 837 964 895 δημοκρατίας
999 832 1164 893 χρόνοις
1197 831 1218 876 ὃ
1249 832 1443 887 βασιλεὺς
1470 829 1685 888 Αἰγύπτου

203 908 448 963 Νεκτεναβώ
472 910 531 964 μὴ
555 909 691 967 φέρων
712 908 787 964 τὴν
813 906 963 966 {spodon}
994 909 1069 948 τοῦ
1092 902 1383 961 Ἀρταξέρξου,
1418 900 1685 958 παραλαβόν-

202 995 273 1029 τος
301 976 392 1021 τότε
423 978 498 1033 τὴν
526 978 762 1034 Αἴγυπτον,
798 975 1033 1034 κειράμενος
1052 973 1126 1029 τὴν
1145 970 1274 1027 κόμην
1293 973 1361 1014 καὶ
1381 971 1427 1014 τὸ
1453 976 1591 1026 σχῆμα
1613 975 1685 1026 τῆς
1698 979 1742 1015 10

201 1048 415 1101 βασιλείας
435 1048 617 1102 ἀμείψας
635 1047 833 1101 κατέλαβε
850 1045 924 1100 τὴν
940 1045 1119 1099 Πέλλην,
1142 1040 1259 1084 πόλιν
1272 1042 1539 1092 Μακεδονίας
1557 1040 1686 1096 ἀγχοῦ

205 1117 507 1172 Θεσσαλονίκης
535 1117 745 1173 κειμένην,
781 1115 1010 1174 φαντασίας
1032 1112 1145 1162 τινας
1168 1112 1236 1153 καὶ
1258 1111 1428 1166 μαγείας
1450 1112 1685 1166 Αἰγυπτια-

200 1185 278 1236 κὰς
309 1184 606 1240 ἐνδεικνύμενος
633 1188 702 1229 καὶ
731 1181 1019 1242 προαγορεύων
1048 1182 1100 1224 τὰ
1126 1181 1340 1235 μέλλοντα.
1408 1177 1612 1236 γνώριμός
1643 1196 1686 1222 τε

200 1255 389 1297 ἐντεῦθεν
423 1256 614 1314 Φιλίππῳ
644 1256 712 1298 καὶ
738 1250 987 1309 Ὀλυμπιάδι
1017 1249 1228 1307 γενόμενος
1257 1246 1500 1304 ἓθρυλλήθη
1529 1246 1585 1299 ὥς
1616 1245 1686 1290 διά

198 1340 307 1374 τινος
333 1325 581 1381 μαγγανείας
607 1328 658 1381 τῇ
678 1321 927 1378 Ὀλυμπιάδι
949 1321 1136 1376 ἐμίγνυτο
1160 1319 1226 1361 καὶ
1245 1317 1336 1360 υἱὸν
1356 1316 1469 1373 ἴσχεν
1492 1318 1533 1368 ἐξ
1556 1317 1683 1373 αὐτῆς
1696 1323 1740 1359 15

197 1392 269 1435 τὸν
294 1393 572 1450 Ἀλέξανδρον.
644 1391 862 1450 Διόδωρος
894 1391 940 1434 δέ
966 1406 1091 1449 φησιν
1116 1386 1178 1431 ὅτι
1197 1387 1463 1444 Ἀλέξανδρος
1488 1387 1530 1438 ἐξ
1549 1379 1685 1444 (Ηρα-

199 1461 315 1513 κλέος
340 1462 388 1504 τὸ
419 1463 524 1520 πρὸς
554 1462 711 1519 πατρὸς
742 1459 847 1505 εἷλκε
880 1461 1013 1517 γένος,
1055 1458 1159 1516 πρὸς
1194 1456 1351 1513 μητρὸς
1382 1457 1425 1498 δὲ
1456 1458 1686 1499 Αἰακιδῶν.

198 1529 295 1573 ἔνιοι
314 1531 359 1573 δὲ
378 1537 523 1575 τοῦτον
547 1530 626 1573 ὕπὸ
645 1531 860 1587 ’Άιιιμωνος
887 1534 960 1573 τοῦ
981 1527 1084 1578 Διὸς
1106 1529 1398 1582 συλληφθῆναι
1417 1524 1686 1579 μυθεύονται.

53 1601 83 1636 Ρ
109 1601 176 1640 151
200 1598 291 1643 τότε
321 1601 389 1642 καὶ
415 1599 442 1655 ἡ
469 1598 613 1650 Ῥόδος
640 1599 720 1643 ὕπὸ
754 1603 923 1655 σεισμοῦ
953 1596 1184 1652 κατηνέχθη
1213 1596 1281 1637 καὶ
1307 1592 1333 1650 ἡ
1363 1592 1492 1650 στήλη
1515 1600 1587 1638 τοῦ
1610 1612 1683 1638 κο·-

197 1672 364 1712 λοσσοῦ.
1692 1672 1740 1708 20

339 1783 543 1833 Φίλιππος
565 1782 609 1825 δὲ
629 1785 703 1837 τῆς
721 1780 988 1831 Μακεδονίας
1005 1775 1255 1837 βασιλεύσας
1268 1775 1446 1836 χρόνους
1465 1775 1545 1831 κα’,
1579 1782 1682 1821 πολ-

196 1851 273 1908 λὴν
294 1855 367 1908 τῆς
382 1850 582 1902 Ἑλλάδος
604 1847 995 1907 καταστρεψάμενος
1013 1855 1187 1905 μοῖραν,
1224 1849 1288 1890 ἐπὶ
1320 1851 1394 1890 τοῦ
1423 1849 1526 1904 πρὸς
1550 1847 1680 1903 Ἀθη-

195 1921 335 1972 ναίους
368 1923 436 1964 καὶ
469 1921 540 1964 τὸν
569 1921 848 1976 Δημοσθένην
880 1919 1058 1974 πολέμου
1086 1917 1158 1961 τὸν
1187 1916 1319 1968 δεξιὸν
1342 1921 1424 1960 τῶν
1447 1917 1682 1976 ὀφθαλμῶν

193 2097 393 2144 nudumque
416 2108 495 2133 eum
517 2096 607 2132 urbe
631 2093 737 2131 eiecit
750 2120 760 2140 ‚
789 2098 909 2129 storea
928 2092 1057 2128 iuncea
1075 2096 1236 2140 opertum
1259 2104 1301 2128 ac
1322 2092 1407 2128 fune
1423 2091 1559 2128 lumbos
1575 2103 1682 2139 prae-

193 2145 346 2180 cinctum
377 2157 443 2191 per
474 2142 681 2188 ludibrium,
723 2142 907 2187 virgisque
937 2152 1015 2175 eum
1050 2151 1189 2175 caesum
1221 2139 1290 2175 diis
1319 2139 1477 2174 manibus
1509 2139 1683 2174 immolari

193 2190 312 2226 iussit.
360 2196 476 2226 actum
500 2195 556 2225 est
579 2190 646 2224 hoc
671 2200 793 2224 mense
817 2186 966 2231 Sextili,
1004 2198 1125 2232 quem,
1160 2191 1200 2221 ut
1222 2186 1396 2231 mutilum,
1424 2185 1578 2220 Manlius
1605 2187 1679 2222 Fe-

191 2237 370 2272 bruarium
403 2236 657 2272 denominavit.
706 2235 833 2270 exinde
865 2233 1054 2278 quotannis
1079 2233 1229 2268 Romani
1255 2239 1409 2268 stoream
1432 2232 1470 2267 in
1492 2233 1571 2268 foro
1595 2243 1681 2278 pro-

192 2283 347 2329 positam
370 2283 481 2329 virgis
507 2283 679 2327 caedunt,
703 2282 938 2317 acclamantes
961 2276 1163 2315 “Februari
1188 2280 1245 2315 exi
1269 2275 1396 2315 urbe.'’

288 2351 369 2392 Quo
401 2356 563 2397 tempore
593 2362 703 2397 penes
734 2349 900 2397 populum
930 2353 1086 2404 potestas
1110 2360 1242 2384 summa
1263 2348 1396 2384 Romae
1420 2346 1508 2392 fuit,
1547 2358 1590 2382 eo
1613 2358 1679 2382 rex

192 2397 351 2444 Aegypti
378 2398 609 2442 Nectenabo‚
647 2396 857 2432 Artaxerxis
881 2406 942 2441 qui
969 2401 1040 2430 tum
1063 2396 1264 2441 Aegyptum
1289 2395 1486 2440 occupabat
1511 2394 1679 2440 impetum

192 2455 263 2477 non
290 2445 489 2490 sustinens,
522 2449 626 2479 tonsa
655 2455 755 2478 coma
777 2448 813 2477 et
835 2442 936 2488 regio
961 2441 1083 2476 habitu
1110 2446 1243 2477 mutato
1270 2441 1402 2476 Pellam
1429 2440 1545 2484 venit,
1585 2451 1678 2486 quae

192 2490 277 2524 urbs
302 2494 357 2524 est
378 2490 628 2534 Macedoniae,
651 2501 722 2524 non
743 2488 865 2536 procul
887 2488 1155 2523 Thessalonica.
1202 2488 1255 2522 ibi
1277 2486 1489 2533 praestigias
1510 2488 1678 2532 quasdam

193 2538 231 2568 et
262 2536 414 2580 magicas
445 2537 703 2583 Aegyptiorum
736 2541 832 2571 artes
855 2546 1023 2569 exercens
1049 2547 1090 2569 ac
1113 2535 1234 2569 futura
1257 2533 1487 2580 praedicens,
1522 2533 1677 2579 indeque

192 2579 356 2627 Philippo
382 2587 417 2617 et
439 2581 644 2629 Olympiadi
667 2587 790 2627 notus,
817 2581 972 2616 creditus
997 2585 1052 2615 est
1074 2581 1289 2627 quarundam
1313 2579 1582 2626 praestigiarum
1608 2592 1677 2625 ope

193 2637 270 2660 cum
301 2627 512 2674 Olympiade
543 2628 776 2664 concubuisse
809 2633 847 2663 et
876 2639 920 2662 ex
947 2639 988 2661 ea
1012 2626 1247 2662 Alexandrum
1269 2626 1449 2672 genuisse.
1496 2626 1675 2661 Diodorus

192 2671 426 2725 Alexandrum
460 2687 571 2719 genus
603 2680 787 2720 paternum
824 2675 867 2709 ab
898 2673 1053 2708 Hercule
1083 2673 1256 2717 traxisse,
1295 2677 1453 2707 materno
1483 2672 1674 2708 Aeacidum

193 2717 306 2752 fuisse
336 2718 399 2754 ait.
446 2727 528 2755 sunt
550 2721 612 2767 qui
633 2722 754 2756 Iovem
777 2720 976 2755 Ammonem
1003 2719 1079 2754 eius
1102 2724 1236 2765 patrem
1258 2719 1405 2755 faciant.
1451 2723 1536 2754 tunc
1567 2719 1673 2754 etiam

193 2762 339 2799 Rhodus
362 2769 479 2801 terrae
501 2774 597 2802 motu
620 2773 676 2803 est
699 2778 889 2812 concussa,
912 2778 954 2801 ac
978 2766 1133 2801 colossus
1155 2765 1300 2801 corruit.

151 2872 155 2875 Ι
285 2831 468 2879 Philippus
503 2846 578 2870 cum
612 2848 758 2881 regnum
790 2832 1053 2870 Macedonicum
1085 2846 1196 2869 annos
1218 2835 1261 2869 21
1285 2834 1479 2878 tenuisset,
1511 2845 1673 2879 magnam

194 2877 371 2914 Graeciae
403 2885 538 2926 partem
567 2882 789 2929 subegisset,
825 2881 864 2916 iu
883 2879 975 2917 bello
998 2885 1121 2917 contra
1142 2880 1377 2917 Athenienses
1399 2886 1436 2916 et
1459 2881 1672 2916 Demosthe-
