<?xml version="1.0" encoding="UTF-8"?>
<!DOCTYPE html PUBLIC "-//W3C//DTD XHTML 1.0 Transitional//EN"
    "http://www.w3.org/TR/xhtml1/DTD/xhtml1-transitional.dtd">
<html xmlns="http://www.w3.org/1999/xhtml" xml:lang="en" lang="en">
 <head>
  <title>
</title>
<meta http-equiv="Content-Type" content="text/html;charset=utf-8" />
  <meta name='ocr-system' content='tesseract 3.04.00' />
  <meta name='ocr-capabilities' content='ocr_page ocr_carea ocr_par ocr_line ocrx_word'/>
</head>
<body>
  <div class='ocr_page' id='page_1' title='image "./corpusscriptorum13niebuoft_0214.png"; bbox 0 0 1742 3184; ppageno 0'>
   <div class='ocr_carea' id='block_1_1' title="bbox 251 185 1244 271">
    <p class='ocr_par' dir='ltr' id='par_1_1' title="bbox 251 185 1244 271">
     <span class='ocr_line' id='line_1_1' title="bbox 251 185 1244 271; baseline -0.004 -35"><span class='ocrx_word' id='word_1_1' title='bbox 251 186 348 271; x_wconf 58' lang='grc'><strong>190</strong></span> <span class='ocrx_word' id='word_1_2' title='bbox 724 185 964 234; x_wconf 85' lang='lat' dir='ltr'><strong>GEORGII</strong></span> <span class='ocrx_word' id='word_1_3' title='bbox 997 186 1244 239; x_wconf 84' lang='lat' dir='ltr'>CEDREN1</span> 
     </span>
    </p>
   </div>
   <div class='ocr_carea' id='block_1_2' title="bbox 243 298 1742 710">
    <p class='ocr_par' dir='ltr' id='par_1_2' title="bbox 243 298 1742 710">
     <span class='ocr_line' id='line_1_2' title="bbox 244 298 1716 365; baseline -0.001 -16"><span class='ocrx_word' id='word_1_4' title='bbox 244 303 349 363; x_wconf 74' lang='grc' dir='ltr'><strong><em>αὕτη</em></strong></span> <span class='ocrx_word' id='word_1_5' title='bbox 367 302 507 365; x_wconf 79' lang='grc' dir='ltr'><strong><em>πρώτη</em></strong></span> <span class='ocrx_word' id='word_1_6' title='bbox 526 303 552 362; x_wconf 79' lang='grc' dir='ltr'><em>ἦ</em></span> <span class='ocrx_word' id='word_1_7' title='bbox 575 305 833 362; x_wconf 82' lang='grc' dir='ltr'><strong><em>αι’χμαλωσία</em></strong></span> <span class='ocrx_word' id='word_1_8' title='bbox 849 301 1039 364; x_wconf 83' lang='grc' dir='ltr'><strong><em>Ἰσραήλ.</em></strong></span> <span class='ocrx_word' id='word_1_9' title='bbox 1108 298 1227 356; x_wconf 72' lang='grc' dir='ltr'><strong><em>οὗτος</em></strong></span> <span class='ocrx_word' id='word_1_10' title='bbox 1245 304 1291 348; x_wconf 76' lang='grc' dir='ltr'><strong>δὲ</strong></span> <span class='ocrx_word' id='word_1_11' title='bbox 1313 303 1380 348; x_wconf 73' lang='grc' dir='ltr'><strong>καὶ</strong></span> <span class='ocrx_word' id='word_1_12' title='bbox 1392 301 1716 364; x_wconf 75' lang='grc' dir='ltr'><strong><em>Σαρδανάπαλος</em></strong></span> 
     </span>
     <span class='ocr_line' id='line_1_3' title="bbox 244 371 1715 433; baseline -0.001 -15"><span class='ocrx_word' id='word_1_13' title='bbox 244 376 397 433; x_wconf 74' lang='grc' dir='ltr'><strong><em>ἐλέγετο</em></strong></span> <span class='ocrx_word' id='word_1_14' title='bbox 409 408 422 428; x_wconf 90' lang='grc'><strong><em>,</em></strong></span> <span class='ocrx_word' id='word_1_15' title='bbox 454 371 504 432; x_wconf 78' lang='grc' dir='ltr'><strong>ἧν</strong></span> <span class='ocrx_word' id='word_1_16' title='bbox 524 371 568 418; x_wconf 72' lang='grc' dir='ltr'><strong>δὲ</strong></span> <span class='ocrx_word' id='word_1_17' title='bbox 586 376 721 433; x_wconf 85' lang='grc' dir='ltr'><strong><em>πατὴρ</em></strong></span> <span class='ocrx_word' id='word_1_18' title='bbox 741 379 815 418; x_wconf 81' lang='grc' dir='ltr'><strong><em>τοῦ</em></strong></span> <span class='ocrx_word' id='word_1_19' title='bbox 831 373 1217 432; x_wconf 79' lang='grc' dir='ltr'><strong><em>Ναβουχοδονόσορ.</em></strong></span> <span class='ocrx_word' id='word_1_20' title='bbox 1287 375 1504 432; x_wconf 77' lang='grc' dir='ltr'><strong><em>ἀναγκαῖον</em></strong></span> <span class='ocrx_word' id='word_1_21' title='bbox 1528 375 1575 417; x_wconf 75' lang='grc' dir='ltr'><strong>δὲ</strong></span> <span class='ocrx_word' id='word_1_22' title='bbox 1594 376 1715 431; x_wconf 81' lang='grc' dir='ltr'><strong><em>ζητῆ-</em></strong></span> 
     </span>
     <span class='ocr_line' id='line_1_4' title="bbox 244 442 1713 503; baseline -0.001 -15"><span class='ocrx_word' id='word_1_23' title='bbox 244 456 322 488; x_wconf 80' lang='grc' dir='ltr'><strong>σαι</strong></span> <span class='ocrx_word' id='word_1_24' title='bbox 336 447 426 503; x_wconf 77' lang='grc' dir='ltr'><strong><em>περὶ</em></strong></span> <span class='ocrx_word' id='word_1_25' title='bbox 447 450 520 501; x_wconf 84' lang='grc' dir='ltr'><strong><em>τῆς</em></strong></span> <span class='ocrx_word' id='word_1_26' title='bbox 540 450 620 488; x_wconf 87' lang='grc' dir='ltr'><strong>τῶν</strong></span> <span class='ocrx_word' id='word_1_27' title='bbox 634 445 857 498; x_wconf 79' lang='grc' dir='ltr'><strong><em>Ἀσσυρίων</em></strong></span> <span class='ocrx_word' id='word_1_28' title='bbox 871 446 1102 499; x_wconf 80' lang='grc' dir='ltr'><strong><em>βασιλείας,</em></strong></span> <span class='ocrx_word' id='word_1_29' title='bbox 1149 448 1237 496; x_wconf 88' lang='grc' dir='ltr'><strong>πῶς</strong></span> <span class='ocrx_word' id='word_1_30' title='bbox 1262 442 1413 500; x_wconf 83' lang='grc' dir='ltr'><strong><em>ταύτης</em></strong></span> <span class='ocrx_word' id='word_1_31' title='bbox 1429 443 1509 503; x_wconf 79' lang='grc' dir='ltr'><strong>πρὸ</strong></span> <span class='ocrx_word' id='word_1_32' title='bbox 1528 442 1590 501; x_wconf 53' lang='grc' dir='ltr'><strong>(ἧς’</strong></span> <span class='ocrx_word' id='word_1_33' title='bbox 1612 445 1713 487; x_wconf 72' lang='grc' dir='ltr'><strong><em>ἐτῶν</em></strong></span> 
     </span>
     <span class='ocr_line' id='line_1_5' title="bbox 243 511 1715 573; baseline -0.001 -15"><span class='ocrx_word' id='word_1_34' title='bbox 243 516 566 573; x_wconf 71' lang='grc' dir='ltr'><strong><em>καθαιρεθείσης</em></strong></span> <span class='ocrx_word' id='word_1_35' title='bbox 593 513 672 557; x_wconf 71' lang='grc' dir='ltr'><strong><em>ὑπὸ</em></strong></span> <span class='ocrx_word' id='word_1_36' title='bbox 696 512 917 572; x_wconf 76' lang='grc' dir='ltr'><em>Ἀρβάκου</em></span> <span class='ocrx_word' id='word_1_37' title='bbox 940 517 1013 557; x_wconf 78' lang='grc' dir='ltr'><strong><em>τοῦ</em></strong></span> <span class='ocrx_word' id='word_1_38' title='bbox 1040 512 1223 569; x_wconf 87' lang='grc' dir='ltr'><strong><em>Μήδου,</em></strong></span> <span class='ocrx_word' id='word_1_39' title='bbox 1256 518 1330 556; x_wconf 82' lang='grc' dir='ltr'><strong><em>τοῦ</em></strong></span> <span class='ocrx_word' id='word_1_40' title='bbox 1354 512 1505 569; x_wconf 77' lang='grc' dir='ltr'><strong><em>ταύτην</em></strong></span> <span class='ocrx_word' id='word_1_41' title='bbox 1533 515 1589 564; x_wconf 75' lang='grc' dir='ltr'><strong><em>εἷς</em></strong></span> <span class='ocrx_word' id='word_1_42' title='bbox 1608 511 1715 569; x_wconf 88' lang='grc' dir='ltr'><strong>Μή-</strong></span> 
     </span>
     <span class='ocr_line' id='line_1_6' title="bbox 245 581 1742 641; baseline -0.001 -14"><span class='ocrx_word' id='word_1_43' title='bbox 245 585 344 635; x_wconf 85' lang='grc' dir='ltr'><strong><em>δους</em></strong></span> <span class='ocrx_word' id='word_1_44' title='bbox 369 585 698 641; x_wconf 80' lang='grc' dir='ltr'><strong><em>μετενέγκαντος,</em></strong></span> <span class='ocrx_word' id='word_1_45' title='bbox 745 581 771 639; x_wconf 77' lang='grc' dir='ltr'>ἦ</span> <span class='ocrx_word' id='word_1_46' title='bbox 797 582 936 641; x_wconf 78' lang='grc' dir='ltr'><strong><em>γραφὴ</em></strong></span> <span class='ocrx_word' id='word_1_47' title='bbox 965 583 1034 626; x_wconf 71' lang='grc' dir='ltr'><strong>τὸν</strong></span> <span class='ocrx_word' id='word_1_48' title='bbox 1057 582 1338 641; x_wconf 82' lang='grc' dir='ltr'><strong><em>Σαλμανασὰρ</em></strong></span> <span class='ocrx_word' id='word_1_49' title='bbox 1357 583 1531 638; x_wconf 79' lang='grc' dir='ltr'><strong><em>βασιλέα</em></strong></span> <span class='ocrx_word' id='word_1_50' title='bbox 1547 582 1742 626; x_wconf 80' lang='grc' dir='ltr'><strong><em>Ἀσσυ-5</em></strong></span> 
     </span>
     <span class='ocr_line' id='line_1_7' title="bbox 243 650 1716 710; baseline -0.001 -14"><span class='ocrx_word' id='word_1_51' title='bbox 243 654 342 710; x_wconf 90' lang='grc' dir='ltr'><strong><em>ρίων</em></strong></span> <span class='ocrx_word' id='word_1_52' title='bbox 373 658 498 696; x_wconf 80' lang='grc' dir='ltr'><strong><em>καλεῖ.</em></strong></span> <span class='ocrx_word' id='word_1_53' title='bbox 566 652 679 696; x_wconf 88' lang='grc' dir='ltr'><strong><em>καί*</em></strong></span> <span class='ocrx_word' id='word_1_54' title='bbox 702 670 825 710; x_wconf 78' lang='grc' dir='ltr'><strong><em>φησιν</em></strong></span> <span class='ocrx_word' id='word_1_55' title='bbox 852 651 915 695; x_wconf 85' lang='grc' dir='ltr'><strong>ὅτι</strong></span> <span class='ocrx_word' id='word_1_56' title='bbox 943 650 1109 708; x_wconf 86' lang='grc' dir='ltr'><strong><em>Μήδων</em></strong></span> <span class='ocrx_word' id='word_1_57' title='bbox 1136 654 1211 708; x_wconf 78' lang='grc' dir='ltr'><strong>μὲν</strong></span> <span class='ocrx_word' id='word_1_58' title='bbox 1239 653 1352 710; x_wconf 77' lang='grc' dir='ltr'><strong><em>γένος</em></strong></span> <span class='ocrx_word' id='word_1_59' title='bbox 1383 652 1486 696; x_wconf 83' lang='grc' dir='ltr'><strong><em>κατὰ</em></strong></span> <span class='ocrx_word' id='word_1_60' title='bbox 1517 652 1716 708; x_wconf 83' lang='grc' dir='ltr'><strong><em>διαδοχὴν</em></strong></span> 
     </span>
    </p>
   </div>
   <div class='ocr_carea' id='block_1_3' title="bbox 243 719 1714 781">
    <p class='ocr_par' dir='ltr' id='par_1_3' title="bbox 243 719 1714 781">
     <span class='ocr_line' id='line_1_8' title="bbox 243 719 1714 781; baseline -0.001 -16"><span class='ocrx_word' id='word_1_61' title='bbox 243 722 324 765; x_wconf 78' lang='grc' dir='ltr'><strong><em>ἀπὸ</em></strong></span> <span class='ocrx_word' id='word_1_62' title='bbox 343 721 565 781; x_wconf 76' lang='grc' dir='ltr'><em>Ἀρβάκου</em></span> <span class='ocrx_word' id='word_1_63' title='bbox 589 723 860 777; x_wconf 74' lang='grc' dir='ltr'><strong><em>ἐβασίλευσεν,</em></strong></span> <span class='ocrx_word' id='word_1_64' title='bbox 892 719 918 777; x_wconf 77' lang='grc' dir='ltr'><strong><em>ἦ</em></strong></span> <span class='ocrx_word' id='word_1_65' title='bbox 941 722 985 765; x_wconf 81' lang='grc' dir='ltr'><strong>δὲ</strong></span> <span class='ocrx_word' id='word_1_66' title='bbox 1005 724 1194 777; x_wconf 77' lang='grc' dir='ltr'><strong><em>βασιλεία</em></strong></span> <span class='ocrx_word' id='word_1_67' title='bbox 1215 724 1283 765; x_wconf 84' lang='grc' dir='ltr'><strong>καὶ</strong></span> <span class='ocrx_word' id='word_1_68' title='bbox 1300 722 1541 780; x_wconf 73' lang='grc' dir='ltr'><strong><em>Ἀσσυρίων</em></strong></span> <span class='ocrx_word' id='word_1_69' title='bbox 1561 722 1714 778; x_wconf 72' lang='grc' dir='ltr'><strong><em>ἐλέγετο</em></strong></span> 
     </span>
    </p>
   </div>
   <div class='ocr_carea' id='block_1_4' title="bbox 243 787 1714 850">
    <p class='ocr_par' dir='ltr' id='par_1_4' title="bbox 243 787 1714 850">
     <span class='ocr_line' id='line_1_9' title="bbox 243 787 1714 850; baseline -0.001 -16"><span class='ocrx_word' id='word_1_70' title='bbox 243 791 314 834; x_wconf 80' lang='grc' dir='ltr'><strong>διὰ</strong></span> <span class='ocrx_word' id='word_1_71' title='bbox 333 792 378 835; x_wconf 85' lang='grc' dir='ltr'><strong>τὸ</strong></span> <span class='ocrx_word' id='word_1_72' title='bbox 401 792 555 849; x_wconf 72' lang='grc' dir='ltr'><strong><em>εὐγενὲς</em></strong></span> <span class='ocrx_word' id='word_1_73' title='bbox 574 794 643 834; x_wconf 83' lang='grc' dir='ltr'><strong>καὶ</strong></span> <span class='ocrx_word' id='word_1_74' title='bbox 666 792 840 834; x_wconf 84' lang='grc' dir='ltr'><strong><em>παλαιὸν</em></strong></span> <span class='ocrx_word' id='word_1_75' title='bbox 858 794 933 847; x_wconf 82' lang='grc' dir='ltr'><strong><em>τῆς</em></strong></span> <span class='ocrx_word' id='word_1_76' title='bbox 952 791 1081 847; x_wconf 77' lang='grc' dir='ltr'><strong><em>ἀρχῆς</em></strong></span> <span class='ocrx_word' id='word_1_77' title='bbox 1099 793 1167 835; x_wconf 83' lang='grc' dir='ltr'><strong>καὶ</strong></span> <span class='ocrx_word' id='word_1_78' title='bbox 1186 791 1233 836; x_wconf 85' lang='grc' dir='ltr'><strong><em>τό</em></strong></span> <span class='ocrx_word' id='word_1_79' title='bbox 1252 795 1325 848; x_wconf 84' lang='grc' dir='ltr'><strong><em>τῆς</em></strong></span> <span class='ocrx_word' id='word_1_80' title='bbox 1338 790 1479 850; x_wconf 84' lang='grc' dir='ltr'><strong><em>χώρας</em></strong></span> <span class='ocrx_word' id='word_1_81' title='bbox 1499 790 1652 845; x_wconf 75' lang='grc' dir='ltr'><strong><em>ὄνομα·</em></strong></span> <span class='ocrx_word' id='word_1_82' title='bbox 1692 787 1714 833; x_wconf 84' lang='grc' dir='ltr'><strong>ὅ</strong></span> 
     </span>
    </p>
   </div>
   <div class='ocr_carea' id='block_1_5' title="bbox 188 854 1742 1823">
    <p class='ocr_par' dir='ltr' id='par_1_5' title="bbox 191 854 1742 1545">
     <span class='ocr_line' id='line_1_10' title="bbox 191 854 1717 919; baseline 0.001 -18"><span class='ocrx_word' id='word_1_83' title='bbox 191 866 222 901; x_wconf 90' lang='grc' dir='ltr'><strong>Β</strong></span> <span class='ocrx_word' id='word_1_84' title='bbox 245 861 324 919; x_wconf 77' lang='grc' dir='ltr'><strong><em>γὰρ</em></strong></span> <span class='ocrx_word' id='word_1_85' title='bbox 357 866 438 904; x_wconf 88' lang='grc' dir='ltr'><strong>τῶν</strong></span> <span class='ocrx_word' id='word_1_86' title='bbox 462 861 704 918; x_wconf 73' lang='grc' dir='ltr'><strong><em>Ἀσσυρίων</em></strong></span> <span class='ocrx_word' id='word_1_87' title='bbox 738 854 856 911; x_wconf 72' lang='grc' dir='ltr'><strong><em>οὗτος</em></strong></span> <span class='ocrx_word' id='word_1_88' title='bbox 882 861 1076 916; x_wconf 75' lang='grc' dir='ltr'><strong><em>βασιλεὺς</em></strong></span> <span class='ocrx_word' id='word_1_89' title='bbox 1103 858 1183 904; x_wconf 74' lang='grc' dir='ltr'><strong><em>ὕπὸ</em></strong></span> <span class='ocrx_word' id='word_1_90' title='bbox 1215 862 1290 917; x_wconf 83' lang='grc' dir='ltr'><strong>τὴν</strong></span> <span class='ocrx_word' id='word_1_91' title='bbox 1314 858 1529 918; x_wconf 73' lang='grc' dir='ltr'><strong><em>ἡγεμονίαν</em></strong></span> <span class='ocrx_word' id='word_1_92' title='bbox 1549 858 1717 914; x_wconf 89' lang='grc' dir='ltr'><strong><em>Μήδων</em></strong></span> 
     </span>
     <span class='ocr_line' id='line_1_11' title="bbox 243 928 1742 989; baseline -0.002 -15"><span class='ocrx_word' id='word_1_93' title='bbox 243 930 302 974; x_wconf 79' lang='grc' dir='ltr'><strong>ὢν</strong></span> <span class='ocrx_word' id='word_1_94' title='bbox 324 930 566 989; x_wconf 65' lang='grc' dir='ltr'><strong><em>Ἀσσυρίων</em></strong></span> <span class='ocrx_word' id='word_1_95' title='bbox 594 930 788 985; x_wconf 74' lang='grc' dir='ltr'><strong><em>βασιλεὺς</em></strong></span> <span class='ocrx_word' id='word_1_96' title='bbox 814 930 999 986; x_wconf 86' lang='grc' dir='ltr'><strong><em>κατέστη.</em></strong></span> <span class='ocrx_word' id='word_1_97' title='bbox 1069 928 1091 972; x_wconf 84' lang='grc' dir='ltr'><strong>ὅ</strong></span> <span class='ocrx_word' id='word_1_98' title='bbox 1113 932 1247 974; x_wconf 86' lang='grc' dir='ltr'><strong><em>τοίνυν</em></strong></span> <span class='ocrx_word' id='word_1_99' title='bbox 1270 931 1455 983; x_wconf 81' lang='grc' dir='ltr'><strong><em>Ἐζεκίας</em></strong></span> <span class='ocrx_word' id='word_1_100' title='bbox 1481 934 1541 989; x_wconf 78' lang='grc' dir='ltr'><strong>τῷ</strong></span> <span class='ocrx_word' id='word_1_101' title='bbox 1565 928 1608 973; x_wconf 83' lang='grc' dir='ltr'><strong>ιε’</strong></span> <span class='ocrx_word' id='word_1_102' title='bbox 1637 928 1742 972; x_wconf 68' lang='grc' dir='ltr'><strong><em>ἴτειί</em></strong></span> 
     </span>
     <span class='ocr_line' id='line_1_12' title="bbox 244 997 1717 1057; baseline -0.001 -14"><span class='ocrx_word' id='word_1_103' title='bbox 244 1003 317 1056; x_wconf 85' lang='grc' dir='ltr'><strong><em>τῆς</em></strong></span> <span class='ocrx_word' id='word_1_104' title='bbox 332 1001 542 1054; x_wconf 80' lang='grc' dir='ltr'><strong><em>βασιλείας</em></strong></span> <span class='ocrx_word' id='word_1_105' title='bbox 560 1000 686 1043; x_wconf 77' lang='grc' dir='ltr'><strong><em>αὐτοῦ</em></strong></span> <span class='ocrx_word' id='word_1_106' title='bbox 703 997 880 1056; x_wconf 82' lang='grc' dir='ltr'><strong><em>νοσήσας</em></strong></span> <span class='ocrx_word' id='word_1_107' title='bbox 892 999 996 1057; x_wconf 81' lang='grc' dir='ltr'><strong><em>πρὸς</em></strong></span> <span class='ocrx_word' id='word_1_108' title='bbox 1012 998 1196 1043; x_wconf 79' lang='grc' dir='ltr'><strong><em>θάνατον</em></strong></span> <span class='ocrx_word' id='word_1_109' title='bbox 1214 998 1456 1057; x_wconf 69' lang='grc' dir='ltr'><strong><em>προσθήκην</em></strong></span> <span class='ocrx_word' id='word_1_110' title='bbox 1476 1001 1579 1055; x_wconf 84' lang='grc' dir='ltr'><strong><em>ζωῆς</em></strong></span> <span class='ocrx_word' id='word_1_111' title='bbox 1594 999 1717 1054; x_wconf 60' lang='grc' dir='ltr'><strong><em>ἔλαβε</em></strong></span> 
     </span>
     <span class='ocr_line' id='line_1_13' title="bbox 248 1067 1717 1126; baseline -0.001 -13"><span class='ocrx_word' id='word_1_112' title='bbox 248 1069 317 1113; x_wconf 81' lang='grc' dir='ltr'><strong>διὰ</strong></span> <span class='ocrx_word' id='word_1_113' title='bbox 339 1070 516 1113; x_wconf 72' lang='grc' dir='ltr'><strong><em>Ἡσαΐου</em></strong></span> <span class='ocrx_word' id='word_1_114' title='bbox 549 1070 648 1113; x_wconf 69' lang='grc' dir='ltr'><strong><em>ἐτῶν</em></strong></span> <span class='ocrx_word' id='word_1_115' title='bbox 675 1067 735 1112; x_wconf 83' lang='grc' dir='ltr'><strong>ιε’.</strong></span> <span class='ocrx_word' id='word_1_116' title='bbox 803 1071 870 1112; x_wconf 87' lang='grc' dir='ltr'><strong>καὶ</strong></span> <span class='ocrx_word' id='word_1_117' title='bbox 903 1074 1115 1113; x_wconf 78' lang='grc' dir='ltr'><strong><em>πιστοῦται</em></strong></span> <span class='ocrx_word' id='word_1_118' title='bbox 1137 1073 1267 1114; x_wconf 79' lang='grc' dir='ltr'><strong><em>ταῦτα</em></strong></span> <span class='ocrx_word' id='word_1_119' title='bbox 1289 1069 1358 1112; x_wconf 81' lang='grc' dir='ltr'><strong>διὰ</strong></span> <span class='ocrx_word' id='word_1_120' title='bbox 1384 1073 1459 1113; x_wconf 82' lang='grc' dir='ltr'><strong><em>τοῦ</em></strong></span> <span class='ocrx_word' id='word_1_121' title='bbox 1478 1067 1717 1126; x_wconf 79' lang='grc' dir='ltr'><strong><em>παραδόξου</em></strong></span> 
     </span>
     <span class='ocr_line' id='line_1_14' title="bbox 245 1136 1719 1197; baseline -0.001 -14"><span class='ocrx_word' id='word_1_122' title='bbox 245 1139 414 1194; x_wconf 79' lang='grc' dir='ltr'><strong><em>σημείου</em></strong></span> <span class='ocrx_word' id='word_1_123' title='bbox 432 1143 508 1194; x_wconf 81' lang='grc' dir='ltr'><strong><em>τῆς</em></strong></span> <span class='ocrx_word' id='word_1_124' title='bbox 525 1138 724 1183; x_wconf 75' lang='grc' dir='ltr'><strong><em>ἐπανόδου</em></strong></span> <span class='ocrx_word' id='word_1_125' title='bbox 740 1136 871 1194; x_wconf 75' lang='grc' dir='ltr'><strong><em>ἦλιόυ,</em></strong></span> <span class='ocrx_word' id='word_1_126' title='bbox 906 1143 979 1194; x_wconf 82' lang='grc' dir='ltr'><strong><em>τῆς</em></strong></span> <span class='ocrx_word' id='word_1_127' title='bbox 999 1143 1175 1197; x_wconf 81' lang='grc' dir='ltr'><strong><em>φυσικῆς</em></strong></span> <span class='ocrx_word' id='word_1_128' title='bbox 1191 1138 1383 1195; x_wconf 80' lang='grc' dir='ltr'><strong><em>κινήσεως</em></strong></span> <span class='ocrx_word' id='word_1_129' title='bbox 1407 1138 1503 1182; x_wconf 90' lang='grc' dir='ltr'><strong><em>δέκα</em></strong></span> <span class='ocrx_word' id='word_1_130' title='bbox 1522 1137 1719 1194; x_wconf 75' lang='grc' dir='ltr'><strong><em>βαθμοῦς</em></strong></span> 
     </span>
     <span class='ocr_line' id='line_1_15' title="bbox 246 1205 1719 1265; baseline -0.001 -13"><span class='ocrx_word' id='word_1_131' title='bbox 246 1207 550 1264; x_wconf 80' lang='grc' dir='ltr'><strong><em>ἇναποδισάσης</em></strong></span> <span class='ocrx_word' id='word_1_132' title='bbox 579 1207 704 1265; x_wconf 75' lang='grc' dir='ltr'><strong><em>ἤγουν</em></strong></span> <span class='ocrx_word' id='word_1_133' title='bbox 735 1209 832 1250; x_wconf 86' lang='grc' dir='ltr'><strong><em>δέκα</em></strong></span> <span class='ocrx_word' id='word_1_134' title='bbox 863 1206 975 1265; x_wconf 81' lang='grc' dir='ltr'><strong><em>ὥρας</em></strong></span> <span class='ocrx_word' id='word_1_135' title='bbox 1005 1208 1109 1252; x_wconf 74' lang='grc' dir='ltr'><strong><em>καθ’</em></strong></span> <span class='ocrx_word' id='word_1_136' title='bbox 1143 1208 1242 1264; x_wconf 82' lang='grc' dir='ltr'><strong><em>ὅλην</em></strong></span> <span class='ocrx_word' id='word_1_137' title='bbox 1267 1209 1342 1264; x_wconf 82' lang='grc' dir='ltr'><strong>τὴν</strong></span> <span class='ocrx_word' id='word_1_138' title='bbox 1375 1208 1625 1264; x_wconf 76' lang='grc' dir='ltr'><strong><em>οῗκουμένην,</em></strong></span> <span class='ocrx_word' id='word_1_139' title='bbox 1662 1205 1719 1257; x_wconf 81' lang='grc' dir='ltr'><strong><em>ὥς</em></strong></span> 
     </span>
     <span class='ocr_line' id='line_1_16' title="bbox 246 1274 1742 1335; baseline 0 -15"><span class='ocrx_word' id='word_1_140' title='bbox 246 1275 346 1321; x_wconf 74' lang='grc' dir='ltr'><strong><em>εἶναι</em></strong></span> <span class='ocrx_word' id='word_1_141' title='bbox 366 1277 440 1333; x_wconf 85' lang='grc' dir='ltr'><strong>τὴν</strong></span> <span class='ocrx_word' id='word_1_142' title='bbox 462 1275 618 1335; x_wconf 71' lang='grc' dir='ltr'><strong><em>ἡμέραν</em></strong></span> <span class='ocrx_word' id='word_1_143' title='bbox 638 1277 788 1333; x_wconf 77' lang='grc' dir='ltr'><strong><em>ἐκείνην</em></strong></span> <span class='ocrx_word' id='word_1_144' title='bbox 810 1276 938 1333; x_wconf 87' lang='grc' dir='ltr'><strong><em>μόνην</em></strong></span> <span class='ocrx_word' id='word_1_145' title='bbox 955 1280 1085 1335; x_wconf 80' lang='grc' dir='ltr'><strong><em>χωρὶς</em></strong></span> <span class='ocrx_word' id='word_1_146' title='bbox 1110 1282 1183 1333; x_wconf 83' lang='grc' dir='ltr'><strong><em>τῆς</em></strong></span> <span class='ocrx_word' id='word_1_147' title='bbox 1203 1279 1308 1329; x_wconf 76' lang='grc' dir='ltr'><strong><em>ἰδίας</em></strong></span> <span class='ocrx_word' id='word_1_148' title='bbox 1329 1277 1473 1329; x_wconf 84' lang='grc' dir='ltr'><strong><em>νυκτὸς</em></strong></span> <span class='ocrx_word' id='word_1_149' title='bbox 1493 1275 1611 1335; x_wconf 83' lang='grc' dir='ltr'><strong><em>ὡρῶν</em></strong></span> <span class='ocrx_word' id='word_1_150' title='bbox 1634 1274 1742 1332; x_wconf 44' lang='lat'><strong>‚15321</strong></span> 
     </span>
     <span class='ocr_line' id='line_1_17' title="bbox 237 1341 1718 1406; baseline -0.001 -16"><span class='ocrx_word' id='word_1_151' title='bbox 237 1341 363 1398; x_wconf 38' lang='grc' dir='ltr'><strong><em>ὀὗτος</em></strong></span> <span class='ocrx_word' id='word_1_152' title='bbox 379 1348 447 1389; x_wconf 86' lang='grc' dir='ltr'><strong>καὶ</strong></span> <span class='ocrx_word' id='word_1_153' title='bbox 467 1345 737 1406; x_wconf 78' lang='grc' dir='ltr'><strong><em>σωφροσύνην</em></strong></span> <span class='ocrx_word' id='word_1_154' title='bbox 757 1347 893 1390; x_wconf 82' lang='grc' dir='ltr'><strong><em>ἀσκῶν</em></strong></span> <span class='ocrx_word' id='word_1_155' title='bbox 915 1347 994 1390; x_wconf 80' lang='grc' dir='ltr'><strong><em>ἀπὸ</em></strong></span> <span class='ocrx_word' id='word_1_156' title='bbox 1015 1351 1088 1403; x_wconf 78' lang='grc' dir='ltr'><strong><em>τῆς</em></strong></span> <span class='ocrx_word' id='word_1_157' title='bbox 1107 1347 1230 1390; x_wconf 86' lang='grc' dir='ltr'><strong><em>νόσου</em></strong></span> <span class='ocrx_word' id='word_1_158' title='bbox 1254 1347 1434 1399; x_wconf 80' lang='grc' dir='ltr'><strong><em>ἀναστὰς</em></strong></span> <span class='ocrx_word' id='word_1_159' title='bbox 1451 1346 1602 1402; x_wconf 66' lang='grc' dir='ltr'><strong><em>ηὔξατο</em></strong></span> <span class='ocrx_word' id='word_1_160' title='bbox 1619 1364 1718 1390; x_wconf 90' lang='grc' dir='ltr'><strong><em>παι-</em></strong></span> 
     </span>
     <span class='ocr_line' id='line_1_18' title="bbox 242 1411 1718 1475; baseline -0.001 -16"><span class='ocrx_word' id='word_1_161' title='bbox 242 1418 475 1472; x_wconf 81' lang='grc' dir='ltr'><strong><em>δοποιῆσαι.</em></strong></span> <span class='ocrx_word' id='word_1_162' title='bbox 544 1411 663 1468; x_wconf 66' lang='grc' dir='ltr'><strong><em>οὗτος</em></strong></span> <span class='ocrx_word' id='word_1_163' title='bbox 692 1416 762 1460; x_wconf 86' lang='grc' dir='ltr'><strong>τὸν</strong></span> <span class='ocrx_word' id='word_1_164' title='bbox 787 1416 881 1475; x_wconf 76' lang='grc' dir='ltr'><strong><em>ὄφιν</em></strong></span> <span class='ocrx_word' id='word_1_165' title='bbox 907 1415 951 1459; x_wconf 77' lang='grc' dir='ltr'><strong>ὃν</strong></span> <span class='ocrx_word' id='word_1_166' title='bbox 980 1417 1176 1475; x_wconf 71' lang='grc' dir='ltr'><strong><em>ἐκρέμασε</em></strong></span> <span class='ocrx_word' id='word_1_167' title='bbox 1201 1419 1393 1473; x_wconf 69' lang='grc' dir='ltr'><strong><em>ΖΙῚωϋσῆς</em></strong></span> <span class='ocrx_word' id='word_1_168' title='bbox 1419 1418 1460 1460; x_wconf 77' lang='grc' dir='ltr'><strong>ἐν</strong></span> <span class='ocrx_word' id='word_1_169' title='bbox 1488 1421 1539 1474; x_wconf 84' lang='grc' dir='ltr'><strong>τῇ</strong></span> <span class='ocrx_word' id='word_1_170' title='bbox 1562 1414 1718 1475; x_wconf 76' lang='grc' dir='ltr'><strong><em>ἐρήμῳ,</em></strong></span> 
     </span>
     <span class='ocr_line' id='line_1_19' title="bbox 240 1484 1720 1545; baseline -0.001 -17"><span class='ocrx_word' id='word_1_171' title='bbox 240 1490 410 1529; x_wconf 71' lang='grc' dir='ltr'><strong><em>καθεῖλε</em></strong></span> <span class='ocrx_word' id='word_1_172' title='bbox 433 1488 500 1529; x_wconf 82' lang='grc' dir='ltr'><strong>καὶ</strong></span> <span class='ocrx_word' id='word_1_173' title='bbox 522 1485 752 1541; x_wconf 73' lang='grc' dir='ltr'><strong><em>ἐχώνευσεν,</em></strong></span> <span class='ocrx_word' id='word_1_174' title='bbox 788 1485 851 1529; x_wconf 79' lang='grc' dir='ltr'><strong>ὅτι</strong></span> <span class='ocrx_word' id='word_1_175' title='bbox 883 1486 995 1545; x_wconf 73' lang='grc' dir='ltr'><strong><em>αὐτῷ</em></strong></span> <span class='ocrx_word' id='word_1_176' title='bbox 1024 1488 1179 1542; x_wconf 72' lang='grc' dir='ltr'><strong><em>ἓθυμία</em></strong></span> <span class='ocrx_word' id='word_1_177' title='bbox 1202 1484 1223 1529; x_wconf 84' lang='grc' dir='ltr'><strong><em>ὃ</em></strong></span> <span class='ocrx_word' id='word_1_178' title='bbox 1252 1485 1365 1537; x_wconf 89' lang='grc' dir='ltr'><strong><em>λαός.</em></strong></span> <span class='ocrx_word' id='word_1_179' title='bbox 1435 1486 1540 1529; x_wconf 78' lang='grc' dir='ltr'><strong><em>ἀλλὰ</em></strong></span> <span class='ocrx_word' id='word_1_180' title='bbox 1560 1488 1627 1529; x_wconf 83' lang='grc' dir='ltr'><strong>καὶ</strong></span> <span class='ocrx_word' id='word_1_181' title='bbox 1647 1491 1720 1540; x_wconf 65' lang='lat'><strong>,81-</strong></span> 
     </span>
    </p>

    <p class='ocr_par' dir='ltr' id='par_1_6' title="bbox 188 1554 1742 1823">
     <span class='ocr_line' id='line_1_20' title="bbox 188 1554 1718 1613; baseline 0 -15"><span class='ocrx_word' id='word_1_182' title='bbox 188 1560 220 1597; x_wconf 84' lang='lat' dir='ltr'>C</span> <span class='ocrx_word' id='word_1_183' title='bbox 241 1557 360 1610; x_wconf 83' lang='grc' dir='ltr'><strong><em>βλίον</em></strong></span> <span class='ocrx_word' id='word_1_184' title='bbox 390 1557 658 1610; x_wconf 86' lang='grc' dir='ltr'><strong><em>Σολομῶντος</em></strong></span> <span class='ocrx_word' id='word_1_185' title='bbox 665 1588 679 1608; x_wconf 83' lang='grc'><strong><em>,</em></strong></span> <span class='ocrx_word' id='word_1_186' title='bbox 714 1554 959 1613; x_wconf 84' lang='grc' dir='ltr'><strong><em>ιάματήριον</em></strong></span> <span class='ocrx_word' id='word_1_187' title='bbox 991 1557 1143 1607; x_wconf 86' lang='grc' dir='ltr'><strong><em>παντὸς</em></strong></span> <span class='ocrx_word' id='word_1_188' title='bbox 1170 1554 1334 1607; x_wconf 73' lang='grc' dir='ltr'><strong><em>πάθους</em></strong></span> <span class='ocrx_word' id='word_1_189' title='bbox 1363 1554 1718 1612; x_wconf 78' lang='grc' dir='ltr'><strong><em>ἓγκεκολαμμένον,</em></strong></span> 
     </span>
     <span class='ocr_line' id='line_1_21' title="bbox 241 1623 1742 1684; baseline -0.001 -17"><span class='ocrx_word' id='word_1_190' title='bbox 241 1625 430 1676; x_wconf 66' lang='grc' dir='ltr'><strong><em>ἐξέκαυσε</em></strong></span> <span class='ocrx_word' id='word_1_191' title='bbox 449 1626 516 1667; x_wconf 83' lang='grc' dir='ltr'><strong>καὶ</strong></span> <span class='ocrx_word' id='word_1_192' title='bbox 538 1624 734 1682; x_wconf 78' lang='grc' dir='ltr'><strong><em>ἠφάνισε,</em></strong></span> <span class='ocrx_word' id='word_1_193' title='bbox 773 1623 846 1676; x_wconf 82' lang='grc' dir='ltr'><strong><em>τάς</em></strong></span> <span class='ocrx_word' id='word_1_194' title='bbox 864 1642 906 1667; x_wconf 83' lang='grc' dir='ltr'><strong>τε</strong></span> <span class='ocrx_word' id='word_1_195' title='bbox 925 1626 1016 1683; x_wconf 77' lang='grc' dir='ltr'><strong><em>περὶ</em></strong></span> <span class='ocrx_word' id='word_1_196' title='bbox 1036 1629 1117 1668; x_wconf 91' lang='grc' dir='ltr'><strong>τῶν</strong></span> <span class='ocrx_word' id='word_1_197' title='bbox 1139 1629 1386 1683; x_wconf 81' lang='grc' dir='ltr'><strong><em>παραβολῶν</em></strong></span> <span class='ocrx_word' id='word_1_198' title='bbox 1409 1626 1477 1668; x_wconf 85' lang='grc' dir='ltr'><strong>καὶ</strong></span> <span class='ocrx_word' id='word_1_199' title='bbox 1500 1625 1638 1684; x_wconf 79' lang='grc' dir='ltr'><strong><em>ᾠδῶν,</em></strong></span> <span class='ocrx_word' id='word_1_200' title='bbox 1673 1624 1742 1667; x_wconf 55' lang='lat' dir='ltr'><strong>{vi</strong></span> 
     </span>
     <span class='ocr_line' id='line_1_22' title="bbox 240 1691 1717 1753; baseline 0.001 -17"><span class='ocrx_word' id='word_1_201' title='bbox 240 1691 308 1745; x_wconf 81' lang='grc' dir='ltr'><strong>αἷς</strong></span> <span class='ocrx_word' id='word_1_202' title='bbox 336 1695 427 1750; x_wconf 83' lang='grc' dir='ltr'><strong><em>περὶ</em></strong></span> <span class='ocrx_word' id='word_1_203' title='bbox 456 1698 538 1737; x_wconf 87' lang='grc' dir='ltr'><strong>τῶν</strong></span> <span class='ocrx_word' id='word_1_204' title='bbox 567 1698 707 1752; x_wconf 84' lang='grc' dir='ltr'><strong><em>φυτῶν</em></strong></span> <span class='ocrx_word' id='word_1_205' title='bbox 738 1695 807 1736; x_wconf 83' lang='grc' dir='ltr'><strong>καὶ</strong></span> <span class='ocrx_word' id='word_1_206' title='bbox 839 1696 1040 1737; x_wconf 87' lang='grc' dir='ltr'><strong><em>παντοίων</em></strong></span> <span class='ocrx_word' id='word_1_207' title='bbox 1069 1692 1181 1753; x_wconf 76' lang='grc' dir='ltr'><strong><em>ζῴων</em></strong></span> <span class='ocrx_word' id='word_1_208' title='bbox 1215 1695 1480 1752; x_wconf 79' lang='grc' dir='ltr'><strong><em>φυσιολογία,</em></strong></span> <span class='ocrx_word' id='word_1_209' title='bbox 1512 1694 1717 1753; x_wconf 76' lang='grc' dir='ltr'><strong><em>χερσαίων</em></strong></span> 
     </span>
     <span class='ocr_line' id='line_1_23' title="bbox 239 1761 1718 1823; baseline 0 -17"><span class='ocrx_word' id='word_1_210' title='bbox 239 1766 430 1806; x_wconf 82' lang='grc' dir='ltr'><strong><em>πετεινῶν</em></strong></span> <span class='ocrx_word' id='word_1_211' title='bbox 450 1780 492 1806; x_wconf 80' lang='grc' dir='ltr'><strong>τε</strong></span> <span class='ocrx_word' id='word_1_212' title='bbox 513 1765 582 1806; x_wconf 85' lang='grc' dir='ltr'><strong>καὶ</strong></span> <span class='ocrx_word' id='word_1_213' title='bbox 603 1766 774 1819; x_wconf 88' lang='grc' dir='ltr'><strong><em>νηκτῶν,</em></strong></span> <span class='ocrx_word' id='word_1_214' title='bbox 808 1766 875 1806; x_wconf 84' lang='grc' dir='ltr'><strong>καὶ</strong></span> <span class='ocrx_word' id='word_1_215' title='bbox 899 1761 1083 1819; x_wconf 75' lang='grc' dir='ltr'><strong><em>ἰαμάτων</em></strong></span> <span class='ocrx_word' id='word_1_216' title='bbox 1100 1762 1264 1815; x_wconf 76' lang='grc' dir='ltr'><strong><em>πάθους</em></strong></span> <span class='ocrx_word' id='word_1_217' title='bbox 1285 1762 1456 1816; x_wconf 86' lang='grc' dir='ltr'><strong><em>παντός,</em></strong></span> <span class='ocrx_word' id='word_1_218' title='bbox 1491 1765 1718 1823; x_wconf 77' lang='grc' dir='ltr'><strong><em>γραφείσας</em></strong></span> 
     </span>
    </p>
   </div>
   <div class='ocr_carea' id='block_1_6' title="bbox 241 1826 1717 1893">
    <p class='ocr_par' dir='ltr' id='par_1_7' title="bbox 241 1826 1717 1893">
     <span class='ocr_line' id='line_1_24' title="bbox 241 1826 1717 1893; baseline 0 -17"><span class='ocrx_word' id='word_1_219' title='bbox 241 1832 378 1893; x_wconf 74' lang='grc' dir='ltr'><strong><em>αὐτῷ,</em></strong></span> <span class='ocrx_word' id='word_1_220' title='bbox 421 1831 500 1890; x_wconf 74' lang='grc' dir='ltr'><strong>ἀφ’</strong></span> <span class='ocrx_word' id='word_1_221' title='bbox 526 1826 583 1876; x_wconf 76' lang='grc' dir='ltr'><strong>ὧν</strong></span> <span class='ocrx_word' id='word_1_222' title='bbox 601 1834 669 1876; x_wconf 81' lang='grc' dir='ltr'><strong>καὶ</strong></span> <span class='ocrx_word' id='word_1_223' title='bbox 695 1832 734 1875; x_wconf 79' lang='grc' dir='ltr'><strong><em>οἱ</em></strong></span> <span class='ocrx_word' id='word_1_224' title='bbox 752 1851 833 1876; x_wconf 87' lang='grc' dir='ltr'><strong>των</strong></span> <span class='ocrx_word' id='word_1_225' title='bbox 850 1831 1063 1890; x_wconf 70' lang='grc' dir='ltr'><strong>εΕλλήνων</strong></span> <span class='ocrx_word' id='word_1_226' title='bbox 1082 1835 1394 1892; x_wconf 82' lang='grc' dir='ltr'><strong><em>ιάτροσοφισταὶ</em></strong></span> <span class='ocrx_word' id='word_1_227' title='bbox 1422 1832 1717 1892; x_wconf 78' lang='grc' dir='ltr'><strong><em>σφετερισάμε-</em></strong></span> 
     </span>
    </p>
   </div>
   <div class='ocr_carea' id='block_1_7' title="bbox 175 1962 1722 2945">
    <p class='ocr_par' dir='ltr' id='par_1_8' title="bbox 175 1962 1722 2945">
     <span class='ocr_line' id='line_1_25' title="bbox 241 1962 1718 2012; baseline 0 -12"><span class='ocrx_word' id='word_1_228' title='bbox 241 1968 297 2001; x_wconf 87' lang='lat' dir='ltr'><strong>est</strong></span> <span class='ocrx_word' id='word_1_229' title='bbox 320 1964 432 2011; x_wconf 79' lang='lat' dir='ltr'><strong>prima</strong></span> <span class='ocrx_word' id='word_1_230' title='bbox 454 1964 700 2001; x_wconf 84' lang='lat' dir='ltr'><strong>Israelicorum</strong></span> <span class='ocrx_word' id='word_1_231' title='bbox 722 1964 934 2010; x_wconf 75' lang='lat' dir='ltr'><strong>deportatio.</strong></span> <span class='ocrx_word' id='word_1_232' title='bbox 982 1965 1014 1999; x_wconf 87' lang='lat' dir='ltr'><strong>is</strong></span> <span class='ocrx_word' id='word_1_233' title='bbox 1047 1976 1112 2000; x_wconf 86' lang='lat' dir='ltr'><strong>rex</strong></span> <span class='ocrx_word' id='word_1_234' title='bbox 1146 1964 1251 2000; x_wconf 81' lang='lat' dir='ltr'><strong>etiam</strong></span> <span class='ocrx_word' id='word_1_235' title='bbox 1275 1962 1536 2012; x_wconf 79' lang='lat' dir='ltr'><strong>sardanapalus</strong></span> <span class='ocrx_word' id='word_1_236' title='bbox 1560 1965 1631 2001; x_wconf 88' lang='lat' dir='ltr'><strong>fuit</strong></span> <span class='ocrx_word' id='word_1_237' title='bbox 1652 1977 1718 2012; x_wconf 84' lang='lat' dir='ltr'><strong>ap-</strong></span> 
     </span>
     <span class='ocr_line' id='line_1_26' title="bbox 239 2011 1720 2058; baseline 0 -11"><span class='ocrx_word' id='word_1_238' title='bbox 239 2012 413 2058; x_wconf 84' lang='lat' dir='ltr'><strong>pellatus,</strong></span> <span class='ocrx_word' id='word_1_239' title='bbox 446 2017 483 2047; x_wconf 86' lang='lat' dir='ltr'><strong>et</strong></span> <span class='ocrx_word' id='word_1_240' title='bbox 516 2017 572 2051; x_wconf 85' lang='lat' dir='ltr'><strong>est</strong></span> <span class='ocrx_word' id='word_1_241' title='bbox 593 2016 697 2058; x_wconf 84' lang='lat' dir='ltr'><strong>pater</strong></span> <span class='ocrx_word' id='word_1_242' title='bbox 719 2011 1091 2047; x_wconf 87' lang='lat' dir='ltr'><strong>Nabuchodonosoris.</strong></span> <span class='ocrx_word' id='word_1_243' title='bbox 1139 2023 1284 2047; x_wconf 86' lang='lat' dir='ltr'><strong>necesse</strong></span> <span class='ocrx_word' id='word_1_244' title='bbox 1314 2018 1370 2047; x_wconf 86' lang='lat' dir='ltr'><strong>est</strong></span> <span class='ocrx_word' id='word_1_245' title='bbox 1398 2018 1514 2047; x_wconf 81' lang='lat' dir='ltr'><strong>autem</strong></span> <span class='ocrx_word' id='word_1_246' title='bbox 1545 2023 1720 2058; x_wconf 84' lang='lat' dir='ltr'><strong>quaerere</strong></span> 
     </span>
     <span class='ocr_line' id='line_1_27' title="bbox 242 2058 1721 2104; baseline 0 -11"><span class='ocrx_word' id='word_1_247' title='bbox 242 2059 288 2094; x_wconf 87' lang='lat' dir='ltr'><strong>de</strong></span> <span class='ocrx_word' id='word_1_248' title='bbox 318 2070 429 2104; x_wconf 86' lang='lat' dir='ltr'><strong>regno</strong></span> <span class='ocrx_word' id='word_1_249' title='bbox 462 2058 631 2104; x_wconf 89' lang='lat' dir='ltr'><strong>Assyrio,</strong></span> <span class='ocrx_word' id='word_1_250' title='bbox 668 2059 822 2104; x_wconf 65' lang='lat' dir='ltr'><strong>qui&#39;fiat</strong></span> <span class='ocrx_word' id='word_1_251' title='bbox 854 2059 948 2104; x_wconf 91' lang='lat' dir='ltr'><strong>quod</strong></span> <span class='ocrx_word' id='word_1_252' title='bbox 978 2058 1154 2103; x_wconf 84' lang='lat' dir='ltr'><strong>scriptura</strong></span> <span class='ocrx_word' id='word_1_253' title='bbox 1176 2059 1472 2094; x_wconf 85' lang='lat' dir='ltr'><strong>Salmanassarem</strong></span> <span class='ocrx_word' id='word_1_254' title='bbox 1493 2058 1721 2104; x_wconf 80' lang='lat' dir='ltr'>Assyriorum</span> 
     </span>
     <span class='ocr_line' id='line_1_28' title="bbox 239 2104 1722 2152; baseline 0 -12"><span class='ocrx_word' id='word_1_255' title='bbox 239 2117 362 2150; x_wconf 87' lang='lat' dir='ltr'><strong>regem</strong></span> <span class='ocrx_word' id='word_1_256' title='bbox 385 2105 561 2151; x_wconf 86' lang='lat' dir='ltr'><strong>nominet,</strong></span> <span class='ocrx_word' id='word_1_257' title='bbox 601 2117 677 2139; x_wconf 93' lang='lat' dir='ltr'><strong>cum</strong></span> <span class='ocrx_word' id='word_1_258' title='bbox 698 2110 781 2140; x_wconf 86' lang='lat' dir='ltr'><strong>ante</strong></span> <span class='ocrx_word' id='word_1_259' title='bbox 803 2116 913 2140; x_wconf 88' lang='lat' dir='ltr'><strong>annos</strong></span> <span class='ocrx_word' id='word_1_260' title='bbox 936 2105 982 2139; x_wconf 89' lang='lat'><strong>96</strong></span> <span class='ocrx_word' id='word_1_261' title='bbox 1005 2106 1049 2139; x_wconf 86' lang='lat' dir='ltr'><strong>ab</strong></span> <span class='ocrx_word' id='word_1_262' title='bbox 1073 2104 1212 2140; x_wconf 84' lang='lat' dir='ltr'><strong>Arbace</strong></span> <span class='ocrx_word' id='word_1_263' title='bbox 1234 2105 1273 2140; x_wconf 92' lang='lat' dir='ltr'><strong>id</strong></span> <span class='ocrx_word' id='word_1_264' title='bbox 1295 2117 1441 2151; x_wconf 86' lang='lat' dir='ltr'><strong>regnum</strong></span> <span class='ocrx_word' id='word_1_265' title='bbox 1464 2105 1650 2150; x_wconf 85' lang='lat' dir='ltr'><strong>abolitum,</strong></span> <span class='ocrx_word' id='word_1_266' title='bbox 1683 2109 1722 2152; x_wconf 82' lang='lat' dir='ltr'><strong>et</strong></span> 
     </span>
     <span class='ocr_line' id='line_1_29' title="bbox 239 2151 1720 2199; baseline 0 -12"><span class='ocrx_word' id='word_1_267' title='bbox 239 2153 287 2187; x_wconf 80' lang='lat' dir='ltr'><strong>ad</strong></span> <span class='ocrx_word' id='word_1_268' title='bbox 310 2152 436 2186; x_wconf 88' lang='lat' dir='ltr'><strong>Medos</strong></span> <span class='ocrx_word' id='word_1_269' title='bbox 460 2152 667 2187; x_wconf 81' lang='lat' dir='ltr'><strong>translatum</strong></span> <span class='ocrx_word' id='word_1_270' title='bbox 690 2151 813 2187; x_wconf 85' lang='lat' dir='ltr'><strong>fuerit.</strong></span> <span class='ocrx_word' id='word_1_271' title='bbox 860 2163 967 2186; x_wconf 81' lang='lat' dir='ltr'><strong>causa</strong></span> <span class='ocrx_word' id='word_1_272' title='bbox 990 2151 1170 2197; x_wconf 81' lang='lat' dir='ltr'><strong>redditur,</strong></span> <span class='ocrx_word' id='word_1_273' title='bbox 1202 2153 1296 2198; x_wconf 92' lang='lat' dir='ltr'><strong>quod</strong></span> <span class='ocrx_word' id='word_1_274' title='bbox 1327 2152 1486 2199; x_wconf 85' lang='lat' dir='ltr'><strong>quamvis</strong></span> <span class='ocrx_word' id='word_1_275' title='bbox 1510 2154 1555 2188; x_wconf 78' lang='lat' dir='ltr'><strong>ab</strong></span> <span class='ocrx_word' id='word_1_276' title='bbox 1578 2152 1720 2188; x_wconf 78' lang='lat' dir='ltr'><strong>Arbace</strong></span> 
     </span>
     <span class='ocr_line' id='line_1_30' title="bbox 239 2197 1719 2244; baseline 0.001 -11"><span class='ocrx_word' id='word_1_277' title='bbox 239 2198 417 2233; x_wconf 78' lang='lat' dir='ltr'><strong>successio</strong></span> <span class='ocrx_word' id='word_1_278' title='bbox 446 2198 485 2233; x_wconf 87' lang='lat' dir='ltr'><strong>in</strong></span> <span class='ocrx_word' id='word_1_279' title='bbox 507 2210 617 2244; x_wconf 84' lang='lat' dir='ltr'><strong>regno</strong></span> <span class='ocrx_word' id='word_1_280' title='bbox 643 2198 712 2233; x_wconf 87' lang='lat' dir='ltr'><strong>fuit</strong></span> <span class='ocrx_word' id='word_1_281' title='bbox 734 2197 897 2233; x_wconf 88' lang='lat' dir='ltr'><strong>Medicae</strong></span> <span class='ocrx_word' id='word_1_282' title='bbox 919 2198 1056 2243; x_wconf 84' lang='lat' dir='ltr'><strong>gentis,</strong></span> <span class='ocrx_word' id='word_1_283' title='bbox 1092 2197 1130 2233; x_wconf 89' lang='lat' dir='ltr'><strong>id</strong></span> <span class='ocrx_word' id='word_1_284' title='bbox 1152 2204 1270 2233; x_wconf 86' lang='lat' dir='ltr'><strong>tamen</strong></span> <span class='ocrx_word' id='word_1_285' title='bbox 1293 2199 1398 2233; x_wconf 84' lang='lat' dir='ltr'><strong>etiam</strong></span> <span class='ocrx_word' id='word_1_286' title='bbox 1420 2198 1605 2244; x_wconf 84' lang='lat' dir='ltr'><strong>Assyrium</strong></span> <span class='ocrx_word' id='word_1_287' title='bbox 1627 2210 1719 2234; x_wconf 87' lang='lat' dir='ltr'><strong>nun-</strong></span> 
     </span>
     <span class='ocr_line' id='line_1_31' title="bbox 240 2244 1719 2291; baseline 0.001 -12"><span class='ocrx_word' id='word_1_288' title='bbox 240 2250 404 2290; x_wconf 85' lang='lat' dir='ltr'><strong>cupatum</strong></span> <span class='ocrx_word' id='word_1_289' title='bbox 423 2245 492 2280; x_wconf 83' lang='lat' dir='ltr'><strong>fuit</strong></span> <span class='ocrx_word' id='word_1_290' title='bbox 510 2246 555 2280; x_wconf 93' lang='lat' dir='ltr'><strong>ob</strong></span> <span class='ocrx_word' id='word_1_291' title='bbox 574 2244 791 2280; x_wconf 81' lang='lat' dir='ltr'><strong>nobilitatem</strong></span> <span class='ocrx_word' id='word_1_292' title='bbox 810 2250 847 2280; x_wconf 90' lang='lat' dir='ltr'><strong>et</strong></span> <span class='ocrx_word' id='word_1_293' title='bbox 868 2249 1080 2280; x_wconf 80' lang='lat' dir='ltr'><strong>vetustatem</strong></span> <span class='ocrx_word' id='word_1_294' title='bbox 1101 2245 1325 2290; x_wconf 84' lang='lat' dir='ltr'><strong>Assyriorum</strong></span> <span class='ocrx_word' id='word_1_295' title='bbox 1343 2257 1386 2280; x_wconf 90' lang='lat' dir='ltr'><strong>ac</strong></span> <span class='ocrx_word' id='word_1_296' title='bbox 1402 2245 1559 2291; x_wconf 81' lang='lat' dir='ltr'><strong>regionis</strong></span> <span class='ocrx_word' id='word_1_297' title='bbox 1577 2257 1719 2281; x_wconf 92' lang='lat' dir='ltr'><strong>nomen.</strong></span> 
     </span>
     <span class='ocr_line' id='line_1_32' title="bbox 239 2291 1719 2338; baseline 0.001 -12"><span class='ocrx_word' id='word_1_298' title='bbox 239 2300 390 2337; x_wconf 80' lang='lat' dir='ltr'><strong>namque</strong></span> <span class='ocrx_word' id='word_1_299' title='bbox 414 2291 473 2326; x_wconf 88' lang='lat' dir='ltr'><strong>hic</strong></span> <span class='ocrx_word' id='word_1_300' title='bbox 495 2291 722 2337; x_wconf 81' lang='lat' dir='ltr'><strong>Assyriorum</strong></span> <span class='ocrx_word' id='word_1_301' title='bbox 745 2303 811 2326; x_wconf 87' lang='lat' dir='ltr'><strong>rex</strong></span> <span class='ocrx_word' id='word_1_302' title='bbox 833 2302 909 2326; x_wconf 91' lang='lat' dir='ltr'><strong>cum</strong></span> <span class='ocrx_word' id='word_1_303' title='bbox 936 2291 1053 2326; x_wconf 88' lang='lat' dir='ltr'><strong>Medis</strong></span> <span class='ocrx_word' id='word_1_304' title='bbox 1078 2292 1259 2336; x_wconf 84' lang='lat' dir='ltr'><strong>subesset,</strong></span> <span class='ocrx_word' id='word_1_305' title='bbox 1293 2292 1520 2338; x_wconf 85' lang='lat' dir='ltr'><strong>Assyriorum</strong></span> <span class='ocrx_word' id='word_1_306' title='bbox 1543 2303 1608 2327; x_wconf 85' lang='lat' dir='ltr'><strong>rex</strong></span> <span class='ocrx_word' id='word_1_307' title='bbox 1633 2303 1719 2327; x_wconf 92' lang='lat' dir='ltr'><strong>con-</strong></span> 
     </span>
     <span class='ocr_line' id='line_1_33' title="bbox 237 2337 1721 2384; baseline 0.001 -12"><span class='ocrx_word' id='word_1_308' title='bbox 237 2338 382 2373; x_wconf 85' lang='lat' dir='ltr'><strong>stitutus</strong></span> <span class='ocrx_word' id='word_1_309' title='bbox 408 2338 490 2373; x_wconf 86' lang='lat' dir='ltr'><strong>fuit.</strong></span> <span class='ocrx_word' id='word_1_310' title='bbox 538 2343 692 2373; x_wconf 88' lang='lat' dir='ltr'><strong>ceterum</strong></span> <span class='ocrx_word' id='word_1_311' title='bbox 722 2337 898 2373; x_wconf 81' lang='lat' dir='ltr'><strong>Ezechias</strong></span> <span class='ocrx_word' id='word_1_312' title='bbox 931 2349 995 2372; x_wconf 89' lang='lat' dir='ltr'><strong>rex</strong></span> <span class='ocrx_word' id='word_1_313' title='bbox 1023 2349 1114 2372; x_wconf 86' lang='lat' dir='ltr'><strong>anno</strong></span> <span class='ocrx_word' id='word_1_314' title='bbox 1146 2339 1202 2373; x_wconf 91' lang='lat' dir='ltr'><strong>sui</strong></span> <span class='ocrx_word' id='word_1_315' title='bbox 1233 2338 1336 2384; x_wconf 85' lang='lat' dir='ltr'><strong>regni</strong></span> <span class='ocrx_word' id='word_1_316' title='bbox 1365 2338 1586 2384; x_wconf 88' lang='lat' dir='ltr'><strong>quindecimo</strong></span> <span class='ocrx_word' id='word_1_317' title='bbox 1620 2338 1721 2373; x_wconf 82' lang='lat' dir='ltr'><strong>letali</strong></span> 
     </span>
     <span class='ocr_line' id='line_1_34' title="bbox 236 2383 1719 2439; baseline 0.001 -20"><span class='ocrx_word' id='word_1_318' title='bbox 236 2385 359 2419; x_wconf 88' lang='lat' dir='ltr'><strong>morbo</strong></span> <span class='ocrx_word' id='word_1_319' title='bbox 395 2390 580 2439; x_wconf 81' lang='lat' dir='ltr'><strong>correptus</strong></span> <span class='ocrx_word' id='word_1_320' title='bbox 612 2383 807 2419; x_wconf 90' lang='lat' dir='ltr'><strong>ministerio</strong></span> <span class='ocrx_word' id='word_1_321' title='bbox 832 2384 966 2420; x_wconf 85' lang='lat' dir='ltr'><strong>Esaiae</strong></span> <span class='ocrx_word' id='word_1_322' title='bbox 997 2385 1288 2431; x_wconf 84' lang='lat' dir='ltr'><strong>propagationem</strong></span> <span class='ocrx_word' id='word_1_323' title='bbox 1323 2384 1422 2420; x_wconf 85' lang='lat' dir='ltr'><strong>vitae</strong></span> <span class='ocrx_word' id='word_1_324' title='bbox 1451 2384 1490 2420; x_wconf 90' lang='lat' dir='ltr'><strong>in</strong></span> <span class='ocrx_word' id='word_1_325' title='bbox 1520 2385 1719 2431; x_wconf 90' lang='lat' dir='ltr'><strong>quindecim</strong></span> 
     </span>
     <span class='ocr_line' id='line_1_35' title="bbox 237 2430 1718 2477; baseline 0.001 -12"><span class='ocrx_word' id='word_1_326' title='bbox 237 2442 348 2465; x_wconf 90' lang='lat' dir='ltr'><strong>annos</strong></span> <span class='ocrx_word' id='word_1_327' title='bbox 375 2431 550 2474; x_wconf 85' lang='lat' dir='ltr'><strong>obtinu1t;</strong></span> <span class='ocrx_word' id='word_1_328' title='bbox 587 2442 679 2477; x_wconf 86' lang='lat' dir='ltr'><strong>quae</strong></span> <span class='ocrx_word' id='word_1_329' title='bbox 702 2431 736 2466; x_wconf 84' lang='lat' dir='ltr'><strong>ei</strong></span> <span class='ocrx_word' id='word_1_330' title='bbox 762 2432 966 2466; x_wconf 86' lang='lat' dir='ltr'><strong>confirmata</strong></span> <span class='ocrx_word' id='word_1_331' title='bbox 989 2436 1045 2465; x_wconf 91' lang='lat' dir='ltr'><strong>est</strong></span> <span class='ocrx_word' id='word_1_332' title='bbox 1066 2431 1271 2477; x_wconf 85' lang='lat' dir='ltr'><strong>prodigioso</strong></span> <span class='ocrx_word' id='word_1_333' title='bbox 1295 2430 1379 2466; x_wconf 84' lang='lat' dir='ltr'><strong>solis</strong></span> <span class='ocrx_word' id='word_1_334' title='bbox 1401 2443 1467 2477; x_wconf 89' lang='lat' dir='ltr'><strong>per</strong></span> <span class='ocrx_word' id='word_1_335' title='bbox 1490 2432 1610 2466; x_wconf 89' lang='lat' dir='ltr'><strong>decem</strong></span> <span class='ocrx_word' id='word_1_336' title='bbox 1633 2443 1718 2477; x_wconf 79' lang='lat' dir='ltr'><strong>gra-</strong></span> 
     </span>
     <span class='ocr_line' id='line_1_36' title="bbox 236 2477 1719 2525; baseline 0.001 -14"><span class='ocrx_word' id='word_1_337' title='bbox 236 2477 302 2511; x_wconf 85' lang='lat' dir='ltr'><strong>dus</strong></span> <span class='ocrx_word' id='word_1_338' title='bbox 327 2477 497 2513; x_wconf 85' lang='lat' dir='ltr'><strong>adversus</strong></span> <span class='ocrx_word' id='word_1_339' title='bbox 519 2489 619 2514; x_wconf 86' lang='lat' dir='ltr'><strong>suum</strong></span> <span class='ocrx_word' id='word_1_340' title='bbox 643 2477 835 2514; x_wconf 85' lang='lat' dir='ltr'><strong>naturalem</strong></span> <span class='ocrx_word' id='word_1_341' title='bbox 862 2489 1000 2512; x_wconf 91' lang='lat' dir='ltr'><strong>cursum</strong></span> <span class='ocrx_word' id='word_1_342' title='bbox 1026 2477 1156 2523; x_wconf 86' lang='lat' dir='ltr'><strong>reditu,</strong></span> <span class='ocrx_word' id='word_1_343' title='bbox 1182 2490 1252 2524; x_wconf 91' lang='lat' dir='ltr'><strong>quo</strong></span> <span class='ocrx_word' id='word_1_344' title='bbox 1276 2479 1352 2513; x_wconf 89' lang='lat' dir='ltr'><strong>dies</strong></span> <span class='ocrx_word' id='word_1_345' title='bbox 1376 2490 1443 2525; x_wconf 86' lang='lat' dir='ltr'><strong>per</strong></span> <span class='ocrx_word' id='word_1_346' title='bbox 1464 2482 1577 2512; x_wconf 83' lang='lat' dir='ltr'><strong>totum</strong></span> <span class='ocrx_word' id='word_1_347' title='bbox 1602 2484 1719 2513; x_wconf 80' lang='lat' dir='ltr'><strong>terra-</strong></span> 
     </span>
     <span class='ocr_line' id='line_1_37' title="bbox 236 2524 1719 2571; baseline 0.003 -14"><span class='ocrx_word' id='word_1_348' title='bbox 236 2534 314 2558; x_wconf 88' lang='lat' dir='ltr'><strong>rum</strong></span> <span class='ocrx_word' id='word_1_349' title='bbox 334 2525 453 2559; x_wconf 88' lang='lat' dir='ltr'><strong>orbem</strong></span> <span class='ocrx_word' id='word_1_350' title='bbox 472 2524 569 2559; x_wconf 86' lang='lat' dir='ltr'><strong>horis</strong></span> <span class='ocrx_word' id='word_1_351' title='bbox 593 2526 636 2559; x_wconf 90' lang='lat'><strong>10</strong></span> <span class='ocrx_word' id='word_1_352' title='bbox 659 2530 782 2560; x_wconf 86' lang='lat' dir='ltr'><strong>auctus</strong></span> <span class='ocrx_word' id='word_1_353' title='bbox 800 2526 846 2561; x_wconf 74' lang='lat'><strong>22</strong></span> <span class='ocrx_word' id='word_1_354' title='bbox 862 2525 1025 2559; x_wconf 84' lang='lat' dir='ltr'><strong>horarum</strong></span> <span class='ocrx_word' id='word_1_355' title='bbox 1043 2524 1124 2570; x_wconf 88' lang='lat' dir='ltr'><strong>fuit,</strong></span> <span class='ocrx_word' id='word_1_356' title='bbox 1147 2536 1281 2571; x_wconf 89' lang='lat' dir='ltr'><strong>suaque</strong></span> <span class='ocrx_word' id='word_1_357' title='bbox 1302 2530 1407 2560; x_wconf 86' lang='lat' dir='ltr'><strong>nocte</strong></span> <span class='ocrx_word' id='word_1_358' title='bbox 1428 2524 1555 2559; x_wconf 82' lang='lat' dir='ltr'><strong>caruit.</strong></span> <span class='ocrx_word' id='word_1_359' title='bbox 1601 2524 1634 2560; x_wconf 88' lang='lat' dir='ltr'><strong>is</strong></span> <span class='ocrx_word' id='word_1_360' title='bbox 1653 2536 1719 2562; x_wconf 85' lang='lat' dir='ltr'><strong>rex</strong></span> 
     </span>
     <span class='ocr_line' id='line_1_38' title="bbox 175 2569 1718 2623; baseline 0.001 -20"><span class='ocrx_word' id='word_1_361' title='bbox 175 2569 179 2573; x_wconf 84' lang='grc'><strong>“</strong></span> <span class='ocrx_word' id='word_1_362' title='bbox 236 2570 459 2623; x_wconf 84' lang='lat' dir='ltr'><strong>quantumvis</strong></span> <span class='ocrx_word' id='word_1_363' title='bbox 489 2571 647 2607; x_wconf 84' lang='lat' dir='ltr'><strong>castitati</strong></span> <span class='ocrx_word' id='word_1_364' title='bbox 670 2571 830 2616; x_wconf 88' lang='lat' dir='ltr'><strong>deditus,</strong></span> <span class='ocrx_word' id='word_1_365' title='bbox 865 2583 887 2606; x_wconf 87' lang='lat' dir='ltr'><strong>a</strong></span> <span class='ocrx_word' id='word_1_366' title='bbox 907 2571 1030 2605; x_wconf 90' lang='lat' dir='ltr'><strong>morbo</strong></span> <span class='ocrx_word' id='word_1_367' title='bbox 1053 2576 1168 2606; x_wconf 86' lang='lat' dir='ltr'><strong>tamen</strong></span> <span class='ocrx_word' id='word_1_368' title='bbox 1191 2583 1402 2616; x_wconf 76' lang='lat' dir='ltr'><strong>resurgens,</strong></span> <span class='ocrx_word' id='word_1_369' title='bbox 1437 2575 1523 2606; x_wconf 86' lang='lat' dir='ltr'><strong>voto</strong></span> <span class='ocrx_word' id='word_1_370' title='bbox 1547 2582 1655 2606; x_wconf 90' lang='lat' dir='ltr'><strong>conce</strong></span> <span class='ocrx_word' id='word_1_371' title='bbox 1681 2576 1718 2606; x_wconf 89' lang='lat' dir='ltr'><strong>to</strong></span> 
     </span>
     <span class='ocr_line' id='line_1_39' title="bbox 234 2614 1717 2664; baseline 0.003 -16"><span class='ocrx_word' id='word_1_372' title='bbox 234 2614 359 2650; x_wconf 76' lang='lat' dir='ltr'><strong>liberis</strong></span> <span class='ocrx_word' id='word_1_373' title='bbox 383 2629 526 2662; x_wconf 82' lang='lat' dir='ltr'><strong>operam</strong></span> <span class='ocrx_word' id='word_1_374' title='bbox 548 2618 661 2654; x_wconf 84' lang='lat' dir='ltr'><strong>dedit.</strong></span> <span class='ocrx_word' id='word_1_375' title='bbox 709 2618 801 2653; x_wconf 86' lang='lat' dir='ltr'><strong>idem</strong></span> <span class='ocrx_word' id='word_1_376' title='bbox 823 2623 1025 2664; x_wconf 85' lang='lat' dir='ltr'><strong>serpentem</strong></span> <span class='ocrx_word' id='word_1_377' title='bbox 1048 2629 1212 2663; x_wconf 84' lang='lat' dir='ltr'><strong>aereum,</strong></span> <span class='ocrx_word' id='word_1_378' title='bbox 1236 2629 1339 2664; x_wconf 89' lang='lat' dir='ltr'><strong>quem</strong></span> <span class='ocrx_word' id='word_1_379' title='bbox 1361 2618 1400 2651; x_wconf 92' lang='lat' dir='ltr'><strong>in</strong></span> <span class='ocrx_word' id='word_1_380' title='bbox 1421 2617 1613 2652; x_wconf 82' lang='lat' dir='ltr'><strong>solitudine</strong></span> <span class='ocrx_word' id='word_1_381' title='bbox 1677 2629 1717 2652; x_wconf 85' lang='lat' dir='ltr'><strong>o-</strong></span> 
     </span>
     <span class='ocr_line' id='line_1_40' title="bbox 235 2663 1718 2711; baseline 0.001 -16"><span class='ocrx_word' id='word_1_382' title='bbox 235 2671 294 2695; x_wconf 87' lang='lat' dir='ltr'><strong>ses</strong></span> <span class='ocrx_word' id='word_1_383' title='bbox 318 2664 570 2708; x_wconf 83' lang='lat' dir='ltr'><strong>suspenderat,</strong></span> <span class='ocrx_word' id='word_1_384' title='bbox 605 2665 772 2711; x_wconf 84' lang='lat' dir='ltr'><strong>deposuit</strong></span> <span class='ocrx_word' id='word_1_385' title='bbox 802 2669 909 2710; x_wconf 87' lang='lat' dir='ltr'><strong>atque</strong></span> <span class='ocrx_word' id='word_1_386' title='bbox 941 2664 1130 2709; x_wconf 84' lang='lat' dir='ltr'><strong>conflavit,</strong></span> <span class='ocrx_word' id='word_1_387' title='bbox 1166 2665 1260 2711; x_wconf 88' lang='lat' dir='ltr'><strong>quod</strong></span> <span class='ocrx_word' id='word_1_388' title='bbox 1294 2663 1329 2699; x_wconf 88' lang='lat' dir='ltr'><strong>ei</strong></span> <span class='ocrx_word' id='word_1_389' title='bbox 1361 2663 1513 2711; x_wconf 82' lang='lat' dir='ltr'><strong>populus</strong></span> <span class='ocrx_word' id='word_1_390' title='bbox 1545 2663 1718 2699; x_wconf 86' lang='lat' dir='ltr'><strong>adoleret.</strong></span> 
     </span>
     <span class='ocr_line' id='line_1_41' title="bbox 236 2707 1719 2757; baseline 0.002 -16"><span class='ocrx_word' id='word_1_391' title='bbox 236 2707 323 2753; x_wconf 87' lang='lat' dir='ltr'><strong>quin</strong></span> <span class='ocrx_word' id='word_1_392' title='bbox 347 2714 383 2743; x_wconf 90' lang='lat' dir='ltr'><strong>et</strong></span> <span class='ocrx_word' id='word_1_393' title='bbox 404 2708 531 2745; x_wconf 88' lang='lat' dir='ltr'><strong>librum</strong></span> <span class='ocrx_word' id='word_1_394' title='bbox 554 2711 774 2757; x_wconf 87' lang='lat' dir='ltr'><strong>Solomonis,</strong></span> <span class='ocrx_word' id='word_1_395' title='bbox 811 2711 868 2746; x_wconf 87' lang='lat' dir='ltr'><strong>cui</strong></span> <span class='ocrx_word' id='word_1_396' title='bbox 902 2710 1013 2746; x_wconf 85' lang='lat' dir='ltr'><strong>omnis</strong></span> <span class='ocrx_word' id='word_1_397' title='bbox 1037 2711 1179 2756; x_wconf 86' lang='lat' dir='ltr'><strong>generis</strong></span> <span class='ocrx_word' id='word_1_398' title='bbox 1204 2712 1404 2746; x_wconf 88' lang='lat' dir='ltr'><strong>morborum</strong></span> <span class='ocrx_word' id='word_1_399' title='bbox 1427 2710 1583 2746; x_wconf 86' lang='lat' dir='ltr'><strong>remedia</strong></span> <span class='ocrx_word' id='word_1_400' title='bbox 1605 2710 1719 2745; x_wconf 87' lang='lat' dir='ltr'><strong>incisa</strong></span> 
     </span>
     <span class='ocr_line' id='line_1_42' title="bbox 239 2757 1715 2804; baseline 0.003 -17"><span class='ocrx_word' id='word_1_401' title='bbox 239 2758 358 2799; x_wconf 86' lang='lat' dir='ltr'><strong>erant,</strong></span> <span class='ocrx_word' id='word_1_402' title='bbox 393 2762 580 2792; x_wconf 83' lang='lat' dir='ltr'><strong>crematum</strong></span> <span class='ocrx_word' id='word_1_403' title='bbox 603 2759 648 2793; x_wconf 89' lang='lat' dir='ltr'><strong>de</strong></span> <span class='ocrx_word' id='word_1_404' title='bbox 670 2758 785 2793; x_wconf 88' lang='lat' dir='ltr'><strong>medio</strong></span> <span class='ocrx_word' id='word_1_405' title='bbox 810 2757 968 2801; x_wconf 83' lang='lat' dir='ltr'><strong>sustulit3</strong></span> <span class='ocrx_word' id='word_1_406' title='bbox 998 2762 1034 2792; x_wconf 87' lang='lat' dir='ltr'><strong>et</strong></span> <span class='ocrx_word' id='word_1_407' title='bbox 1060 2757 1215 2793; x_wconf 89' lang='lat' dir='ltr'><strong>eiusdem</strong></span> <span class='ocrx_word' id='word_1_408' title='bbox 1237 2757 1346 2792; x_wconf 84' lang='lat' dir='ltr'><strong>libros</strong></span> <span class='ocrx_word' id='word_1_409' title='bbox 1370 2757 1415 2792; x_wconf 89' lang='lat' dir='ltr'><strong>de</strong></span> <span class='ocrx_word' id='word_1_410' title='bbox 1442 2757 1715 2804; x_wconf 83' lang='lat' dir='ltr'><strong>comparationi-</strong></span> 
     </span>
     <span class='ocr_line' id='line_1_43' title="bbox 238 2800 1716 2851; baseline 0.003 -18"><span class='ocrx_word' id='word_1_411' title='bbox 238 2800 324 2843; x_wconf 88' lang='lat' dir='ltr'><strong>bus,</strong></span> <span class='ocrx_word' id='word_1_412' title='bbox 354 2805 390 2835; x_wconf 85' lang='lat' dir='ltr'><strong>et</strong></span> <span class='ocrx_word' id='word_1_413' title='bbox 415 2803 569 2838; x_wconf 81' lang='lat' dir='ltr'><strong>carmina</strong></span> <span class='ocrx_word' id='word_1_414' title='bbox 599 2805 637 2839; x_wconf 90' lang='lat' dir='ltr'><strong>in</strong></span> <span class='ocrx_word' id='word_1_415' title='bbox 669 2805 797 2851; x_wconf 85' lang='lat' dir='ltr'><strong>quibus</strong></span> <span class='ocrx_word' id='word_1_416' title='bbox 821 2804 866 2840; x_wconf 88' lang='lat' dir='ltr'><strong>de</strong></span> <span class='ocrx_word' id='word_1_417' title='bbox 892 2803 1054 2850; x_wconf 80' lang='lat' dir='ltr'><strong>stirpium</strong></span> <span class='ocrx_word' id='word_1_418' title='bbox 1077 2809 1183 2850; x_wconf 87' lang='lat' dir='ltr'><strong>atque</strong></span> <span class='ocrx_word' id='word_1_419' title='bbox 1205 2803 1404 2839; x_wconf 84' lang='lat' dir='ltr'><strong>animalium</strong></span> <span class='ocrx_word' id='word_1_420' title='bbox 1428 2804 1578 2839; x_wconf 89' lang='lat' dir='ltr'><strong>omnium</strong></span> <span class='ocrx_word' id='word_1_421' title='bbox 1599 2809 1716 2839; x_wconf 87' lang='lat' dir='ltr'><strong>terre-</strong></span> 
     </span>
     <span class='ocr_line' id='line_1_44' title="bbox 237 2846 1717 2900; baseline 0.002 -20"><span class='ocrx_word' id='word_1_422' title='bbox 237 2846 362 2900; x_wconf 65' lang='lat' dir='ltr'><strong>strium</strong></span> <span class='ocrx_word' id='word_1_423' title='bbox 392 2847 585 2885; x_wconf 85' lang='lat' dir='ltr'><strong>volucrium</strong></span> <span class='ocrx_word' id='word_1_424' title='bbox 614 2855 651 2886; x_wconf 87' lang='lat' dir='ltr'><strong>et</strong></span> <span class='ocrx_word' id='word_1_425' title='bbox 682 2851 875 2887; x_wconf 83' lang='lat' dir='ltr'><strong>natantium</strong></span> <span class='ocrx_word' id='word_1_426' title='bbox 905 2856 1050 2896; x_wconf 85' lang='lat' dir='ltr'><strong>natura,</strong></span> <span class='ocrx_word' id='word_1_427' title='bbox 1083 2850 1319 2897; x_wconf 82' lang='lat' dir='ltr'><strong>remediisque</strong></span> <span class='ocrx_word' id='word_1_428' title='bbox 1341 2850 1494 2885; x_wconf 91' lang='lat' dir='ltr'><strong>omnium</strong></span> <span class='ocrx_word' id='word_1_429' title='bbox 1519 2851 1717 2886; x_wconf 89' lang='lat' dir='ltr'><strong>morborum</strong></span> 
     </span>
     <span class='ocr_line' id='line_1_45' title="bbox 238 2892 1717 2945; baseline 0.002 -18"><span class='ocrx_word' id='word_1_430' title='bbox 238 2892 322 2928; x_wconf 80' lang='lat' dir='ltr'><strong>mde</strong></span> <span class='ocrx_word' id='word_1_431' title='bbox 355 2894 519 2940; x_wconf 77' lang='lat' dir='ltr'><strong>petendis</strong></span> <span class='ocrx_word' id='word_1_432' title='bbox 552 2897 770 2936; x_wconf 79' lang='lat' dir='ltr'><strong>disseruerat</strong></span> <span class='ocrx_word' id='word_1_433' title='bbox 800 2897 920 2945; x_wconf 88' lang='lat' dir='ltr'><strong>(unde</strong></span> <span class='ocrx_word' id='word_1_434' title='bbox 937 2899 1156 2935; x_wconf 81' lang='lat' dir='ltr'><strong>Graecorum</strong></span> <span class='ocrx_word' id='word_1_435' title='bbox 1184 2896 1314 2934; x_wconf 82' lang='lat' dir='ltr'><strong>medici</strong></span> <span class='ocrx_word' id='word_1_436' title='bbox 1341 2897 1524 2935; x_wconf 81' lang='lat' dir='ltr'><strong>materiam</strong></span> <span class='ocrx_word' id='word_1_437' title='bbox 1555 2894 1717 2933; x_wconf 76' lang='lat' dir='ltr'><strong>suffurati</strong></span> 
     </span>
    </p>
   </div>
  </div>
 </body>
</html>
