1742 3184
369 217 772 263 HISTORIARUM
805 217 1199 262 COMPENDIUM.
1431 219 1530 267 179

46 329 162 378 “uide
193 332 297 390 λέγει
328 329 489 392 κύριος·
538 330 675 384 ὦς’σῦ
707 330 931 390 ἐφόνευσας
962 333 1030 375 καὶ
1062 329 1414 390 ἐκληρονόμησας,
1458 333 1528 378 διὰ

50 407 172 446 τοῦτο
192 404 236 446 ἓν
250 407 309 462 τῷ
325 402 436 461 τόπῳ
457 396 494 462 ᾧ
512 401 667 453 {ssed-§av
684 402 722 444 οἳ
739 402 808 453 ὕες
824 404 891 444 καὶ
908 401 947 443 οἶ
966 400 1081 452 κύνες
1096 401 1141 444 τὸ
1161 400 1264 457 αἷμα
1284 404 1527 456 Ναβουθαί,

51 473 137 515 ἐκεῖ
158 473 357 523 λείξουσιν
388 472 427 514 οἶ
458 469 575 522 κύνες
594 471 642 516 τὸ
666 469 770 526 αἷμά
794 489 892 523 σου,
926 473 993 513 καὶ
1016 471 1060 513 αἲ
1078 470 1227 529 πόρναι
1249 471 1465 515 λούσονται
1485 473 1527 516 ἓν

51 545 110 600 τῷ
139 542 286 595 αἵματί
308 554 407 584 σου·
441 543 509 583 καὶ
535 541 610 596 τὴν
634 540 817 595 Ἰεζάβελ
848 538 1164 598 καταφάγωνται
1197 541 1235 583 οἳ
1265 540 1380 591 κύνες
1403 543 1446 584 ἓν
1467 545 1527 600 τῷ

15 611 355 668 ὅπροτειχίσματι
368 610 585 667 ’Ῑεσραὲλ.’
633 608 731 668 ὅπερ
752 612 818 652 καὶ
835 612 983 666 γέγονε.
1028 610 1206 661 ἐξελθὼν
1224 609 1303 668 γὰρ
1320 610 1424 665 μετὰ
1440 616 1524 666 βα·-
1547 621 1578 657 P
1602 623 1670 661 102

50 680 192 730 σιλέως
203 679 351 722 Ἰούδα
363 679 582 737 Ἰωσαφὰτ
596 682 826 735 πολεμῆσαι
841 679 912 722 τὸν
926 680 1100 732 βασιλέα
1114 681 1270 736 Συρίας
1279 711 1292 731 ,
1318 679 1525 731 τοξεύεται

49 748 153 792 κατὰ
174 748 251 792 τοῦ
270 747 448 804 ἥπατος,
477 750 545 791 καὶ
568 745 814 806 ὑποστρέφει
833 748 936 806 πρὸς
953 746 1215 806 Σαμάρειαν,
1252 749 1375 799 αὐτὸς
1395 750 1439 792 δὲ
1458 767 1527 793 τε-

50 821 193 878 λευτᾷ·
227 817 274 861 τὸ
293 819 339 861 δὲ
361 816 465 873 αἶιια
483 817 611 860 αὐτοῦ
627 817 917 860 ἂπονίπτουσιν
935 818 999 860 ε’πὶ
1018 822 1091 872 τῆς
1109 816 1261 875 κρήνης
1277 820 1526 876 Σαμαρείας,

49 889 118 930 καὶ
140 887 336 944 ἓξξλειξαν
357 887 395 930 οἱ
413 886 482 938 ῧες
500 889 568 930 καὶ
590 887 629 930 οἱ
648 884 764 938 κύνες
783 887 830 931 τὸ
850 885 954 942 αἷμα
977 887 1117 930 αὐτοῦ.
1164 888 1311 944 μικρὸν
1329 889 1374 930 δὲ
1389 887 1525 931 κάτω-

0 962 40 999 [o
50 960 125 1000 θεν
147 956 190 999 αἱ
211 955 357 1015 πόρναι
378 955 597 999 ἐλούσαντο
618 958 661 999 ἔν
679 961 738 1014 τῷ
764 957 905 1011 α’ίματι
929 955 1069 999 αὐτοῦ.
1139 958 1207 1000 καὶ
1235 954 1418 1011 Ἰεζάβελ
1445 957 1524 999 ἀπὸ

47 1030 123 1070 τοῦ
153 1026 310 1081 τείχους
337 1030 518 1070 πεσοῦσα
546 1032 632 1077 τοῖς
659 1027 753 1068 κυσὶ
782 1024 1039 1083 κατάβρωμα
1059 1025 1195 1082 γε’γονε
1215 1026 1321 1069 κατὰ
1342 1026 1389 1070 τὸ
1415 1026 1526 1085 ῥῆμα

46 1096 202 1153 κυρίου.

178 1163 366 1219 Ὀχοζίας
392 1163 480 1215 υἱὸς
505 1162 663 1219 Ἀχαὰβ
695 1169 840 1220 κρατεῖ
863 1166 938 1204 τοῦ
962 1160 1134 1219 Ἰσραὴλ
1160 1158 1226 1217 ε’τη
1248 1160 1336 1205 δύο.
1407 1156 1527 1213 οὗτος

46 1231 308 1292 ἦρριῦστησε,
352 1234 421 1276 καὶ
457 1233 686 1275 ἀπέστειλεν
722 1232 915 1288 ἀγγέλους
952 1232 1204 1288 ἐπερωτῆσαι
1238 1231 1280 1273 ἓν
1314 1235 1367 1288 τῇ
1400 1229 1524 1274 Βάαλ

0 1310 37 1348 15
46 1301 208 1359 μυιάων
227 1302 329 1346 θεὸν
344 1300 575 1360 Ἀκκάρων,
604 1302 640 1344 εἲ
662 1300 821 1357 ζήσεται
842 1302 885 1342 ἐκ
909 1305 982 1355 τῆς
1002 1301 1233 1357 ἀρρωστίας
1257 1299 1398 1343 αὐτοῦ.
1455 1302 1524 1343 καὶ

43 1373 137 1415 ἰδοὺ
151 1372 299 1423 Ἠλίας
315 1370 561 1427 συνήντησεν
578 1370 728 1421 αὐτοῖς.
763 1371 830 1412 καὶ
849 1369 1177 1428 ἀποστραφέντες
1198 1367 1306 1412 εἶπον
1325 1374 1382 1427 τῷ
1397 1369 1520 1424 Ὀχο-
1544 1378 1575 1415 Β

45 1443 110 1501 ζίᾳ
134 1439 258 1499 (ἀνὴρ
294 1442 423 1495 δασὺς
457 1438 703 1496 συνήντησεν
736 1437 856 1494 ἡμῖν,
892 1440 961 1480 καὶ
994 1436 1096 1494 ζώνη
1128 1439 1345 1496 ὃερματίνη
1367 1440 1430 1480 ἐπὶ
1450 1438 1526 1494 τὴν

45 1510 180 1569 ὀσφὺν
208 1510 336 1553 αὗτοῦ
345 1543 360 1562 ,
395 1511 463 1553 καὶ
489 1508 570 1552 εἷπε
594 1509 697 1566 πρὸς
717 1506 828 1564 ἡμᾶς
837 1540 852 1560 ,
887 1507 1179 1565 ἀποστράφητε
1200 1507 1304 1565 πρὸς
1324 1507 1395 1549 τὸν
1418 1507 1526 1550 ἄπο-

45 1581 258 1624 στείλαντα
279 1577 412 1634 ὑμᾶς,
447 1580 515 1621 καὶ
538 1579 672 1621 εἴπατε
696 1577 809 1636 αὐτῷ
820 1590 833 1603 ·
866 1574 966 1622 τάδε
989 1578 1093 1632 λέγει
1112 1575 1274 1634 κύριος·
1305 1575 1379 1618 ’διὰ
1397 1576 1444 1620 τὸ
1463 1575 1525 1632 μὴ

0 1647 147 1694 Ιοεῖναι
168 1649 271 1692 θεὸν
293 1650 335 1692 ἐν
354 1646 551 1706 Ἰσραήλ,
587 1643 810 1705 σῦλπορεύῃ
831 1646 1081 1703 ἐπερωτῆσαι
1104 1645 1147 1687 ἐν
1168 1650 1219 1702 τῇ
1242 1643 1377 1687 Βάαλ.
1449 1645 1526 1700 οὐχ

45 1718 188 1770 οὕτως.
256 1715 284 1774 ἦ
316 1718 429 1774 κλίνη
461 1719 503 1760 ἓν
531 1711 561 1775 ᾗ
593 1716 766 1771 ἅνὲβης,
803 1715 851 1759 οὗ
879 1713 1095 1772 καταβήσῃ
1122 1714 1198 1756 ἀπ’
1226 1713 1385 1768 αὖτῆς.’
1455 1715 1526 1756 καὶ

45 1787 154 1832 εἶπεν
181 1785 354 1831 “Hanni
384 1786 405 1830 ὅ
432 1787 632 1842 Θισβίτης
650 1786 766 1829 ε’στί.’
838 1786 908 1827 καὶ
933 1784 1161 1828 ἀπέστειλεν
1184 1780 1407 1839 ἡγούμενον
1428 1800 1525 1826 πεν-

43 1855 321 1915 τηκοντάρχην
337 1859 404 1900 καὶ
422 1857 518 1908 τοὺς
534 1853 782 1911 πεντήκοντα
805 1853 946 1897 αὐτοῦ.
1015 1855 1082 1896 καὶ
1105 1852 1252 1895 Ἠλιοὺ
1273 1853 1335 1894 ἐπὶ
1358 1856 1433 1908 τῆς
1451 1868 1525 1894 κο-

47 1931 183 1987 ρυφῆς
207 1931 283 1970 τοῦ
313 1924 448 1985 ὅρους.
518 1927 586 1969 καὶ
610 1923 715 1968 εἶπεν
738 1923 760 1967 ὃ
783 1922 1134 1981 πεντηκοντάρχης
1157 1922 1261 1980 πρὸς
1288 1919 1412 1965 αὐτόν
1430 1919 1524 1965 ζἄν·-

43 2081 234 2119 homicidio
257 2083 463 2130 perpetrato
494 2079 642 2115 alienam
666 2078 925 2126 possessionem
953 2076 1133 2111 invasisti.
1178 2075 1329 2121 iccirco,
1359 2085 1428 2120 quo
1446 2074 1527 2110 loco

45 2129 251 2175 sanguinem
273 2126 433 2164 Nabothi
454 2138 536 2161 sues
559 2132 596 2161 et
623 2137 728 2160 canes
746 2125 944 2169 linxerunt,
981 2124 1103 2158 eodem
1130 2126 1167 2156 et
1192 2133 1300 2157 canes
1320 2121 1526 2166 sanguinem

17 2203 20 2207 -
45 2181 142 2212 tuum
164 2175 320 2210 lambent
345 2179 382 2208 et
413 2173 450 2207 in
482 2185 524 2207 eo
550 2178 668 2208 scorta
699 2172 886 2215 lavabunt3
920 2183 961 2205 ac
991 2168 1188 2204 Iezabelam
1217 2180 1321 2202 canes
1350 2168 1528 2202 vorabunt

43 2227 128 2258 ante
163 2233 281 2256 muros
318 2215 597 2256 Iezraelenses?
643 2218 758 2254 exitus
797 2218 865 2253 hoc
903 2216 1109 2252 vaticinium
1145 2214 1403 2260 comprobavit:
1446 2225 1526 2248 nam

42 2269 209 2304 Achabus
239 2279 316 2302 cum
347 2266 536 2313 Iosaphato
564 2277 649 2311 rege
677 2266 787 2300 Iudae
815 2275 979 2310 egressus
1003 2263 1041 2296 in
1063 2261 1233 2308 praelium
1259 2266 1382 2295 contra
1404 2271 1525 2304 regem

43 2315 196 2361 Syriae,
221 2314 354 2360 sagitta
374 2312 474 2347 iecur
495 2312 587 2347 ictus
610 2311 803 2346 Samariam
826 2310 936 2345 rediit
958 2309 1080 2355 ibique
1103 2312 1260 2342 mortuus
1284 2311 1358 2348 est3
1392 2310 1429 2340 et
1446 2316 1525 2340 cum

43 2361 188 2407 sanguis
207 2362 284 2396 eius
302 2361 480 2395 elueretur
502 2359 597 2405 apud
621 2359 752 2393 fontem
781 2356 983 2401 Samariae,
1010 2366 1087 2390 eum
1110 2365 1192 2388 sues
1217 2358 1254 2387 et
1280 2364 1385 2387 canes
1408 2351 1526 2395 linxe3

42 2413 145 2453 runt,
179 2407 389 2454 paulumque
413 2405 509 2440 infra
535 2405 739 2440 meretrices
766 2404 806 2439 in
830 2404 906 2438 eius
939 2402 1110 2447 sanguine
1139 2399 1316 2434 lavarunt.
1363 2397 1527 2433 Iezabela

45 2454 152 2490 etiam
176 2455 222 2488 de
245 2465 343 2488 muro
367 2452 506 2488 deiecta
527 2451 672 2486 canibus
696 2463 799 2486 escae
823 2449 912 2493 fuit,
937 2448 1041 2483 sicuti
1063 2448 1150 2481 deus
1173 2446 1268 2479 fatus
1291 2446 1422 2479 fuerat.

139 2500 317 2535 Ochozias
340 2499 476 2534 Achabi
499 2498 546 2532 F.
570 2509 717 2543 regnum
742 2497 781 2531 in
804 2495 993 2532 Israelicos
1016 2492 1132 2528 tenuit
1152 2491 1345 2526 biennium.
1392 2490 1423 2525 is
1448 2501 1527 2525 cum

45 2552 270 2593 aegrotaret,
304 2546 445 2581 nuntios
478 2543 574 2579 misit
600 2544 837 2588 Accaronem,
871 2542 932 2587 qui
965 2553 1009 2576 ex
1041 2541 1108 2575 deo
1140 2537 1302 2583 principe
1331 2547 1527 2577 muscarum

44 2599 258 2640 quaererent
287 2604 333 2627 an
364 2590 602 2626 valetudinem
632 2602 677 2625 ex
707 2591 828 2625 morbo
859 2599 924 2624 suo
956 2592 1051 2622 esset
1083 2590 1304 2630 recepturus.
1350 2582 1398 2617 iis
1424 2582 1526 2616 Elias

45 2640 218 2685 occurrit,
255 2651 296 2674 ac
326 2638 467 2673 reversi
495 2636 676 2672 Ochoziae
709 2636 917 2671 nuntiarunt
940 2632 1113 2668 hominem
1144 2631 1232 2676 ipsis
1259 2630 1433 2664 hirsutum·
1461 2630 1527 2663 ob-

45 2687 140 2721 viam
162 2687 314 2730 factum,
340 2684 457 2720 cinctu
482 2683 651 2730 pelliceo:
677 2694 753 2718 eum
775 2681 924 2717 iussisse
947 2685 986 2714 ut
1010 2679 1054 2713 ad
1078 2689 1155 2712 eum
1181 2677 1241 2722 qui
1263 2675 1409 2711 miserat
1429 2674 1527 2710 redi-

43 2738 150 2777 rent,
175 2733 281 2778 eique
304 2731 510 2766 nuntiarent
532 2730 635 2764 deum
657 2729 709 2763 ita
731 2729 820 2774 sari,
844 2739 942 2770 eum,
965 2725 1101 2760 scilicet
1123 2724 1216 2769 quod
1237 2723 1275 2757 in
1296 2720 1430 2758 Israelo
1448 2721 1529 2755 nul-

43 2778 100 2814 lus
124 2779 173 2814 sit
193 2779 299 2824 deus,
332 2778 414 2813 ideo
438 2776 582 2812 Baalum
612 2775 805 2811 consultum
827 2773 979 2809 misisse.
1028 2782 1098 2805 non
1123 2770 1175 2805 ita
1202 2770 1294 2804 fore.
1340 2768 1454 2814 ipsum
1483 2768 1529 2802 de

43 2824 158 2867 lecto,
194 2837 298 2871 quem
320 2823 608 2868 conscendisset,
640 2832 861 2868 nequaquam
885 2821 1147 2854 descensurum.
1194 2815 1380 2862 respondit
1406 2813 1527 2848 Ocho—

43 2870 119 2907 zias
141 2871 258 2908 Elium
281 2882 360 2907 eum
381 2871 494 2906 fuisse
517 2869 744 2914 Thisbitam,
778 2867 944 2912 misitque
966 2865 1063 2898 viros
1085 2861 1340 2910 quinquaginta
1363 2871 1438 2895 cum
1464 2871 1528 2894 suo

45 2918 242 2963 praefecto.
296 2918 445 2954 sedebat
470 2921 544 2953 tum
569 2914 671 2952 Elias
698 2914 737 2950 in
763 2912 893 2950 montis
920 2911 1070 2947 vertice.
1127 2909 1184 2946 cui
1215 2919 1293 2944 cum
1323 2907 1527 2956 praefectus
