1742 3184
219 181 285 233 64
629 177 945 230 2'1‘GE0RG11
980 181 1228 227 GEDRENI
1260 183 1262 185 ’
1319 176 1324 183 ’

460 260 476 275 ‹

220 304 282 348 ἔν·
301 305 430 362 καιρῷ
471 304 532 361 τῷ
547 310 551 315 “
573 300 663 361 ἰδίῳ
681 293 738 346 ’τὸ
772 300 901 360 πέρας
927 304 1010 345 τῶν
1040 298 1409 360 προφητευομὲνων
1439 298 1706 360 ἐπιφέρουσα.

220 374 325 430 ἄλλη
358 374 403 416 δὲ
437 371 675 428 δαιμονική,
711 374 752 415 ἒν
781 379 866 423 τοῖς
885 377 966 414 τῶν
985 369 1191 426 δαιμόνων
1220 375 1496 427 θεραπευταῖς
1518 373 1707 430 ἐνεργου-

95 451 125 487 P
148 451 196 488 36
218 445 341 501 μένη·
378 441 633 500 πολύτροπος
657 443 700 486 δὲ
724 440 849 498 αὕτη,
891 443 958 484 οἵα
979 440 1005 498 ἦ
1026 446 1107 484 τῶν
1127 442 1442 499 ἄλευρομαντῶν
1463 443 1531 484 καὶ
1556 446 1706 499 κριθο-

162 510 164 513 V
215 518 382 572 μαντῶν
414 514 605 570 λεγομένη
620 531 638 566 ,·
668 514 736 555 οἵα
762 510 788 567 ἦ
814 513 964 554 Πυθία
996 513 1066 554 καὶ
1099 510 1126 568 ἦ
1159 511 1228 554 διὰ
1252 517 1326 568 τῆς
1343 507 1601 564 Δωδωναίας
1630 517 1706 567 λη-

218 589 351 645 ροῦσα
383 582 507 641 δρυός
517 617 530 636 ,
566 581 592 638 ‘'‘l
628 582 698 626 διὰ
729 586 809 626 τῶν
837 577 1079 639 σπλάγχνων
1112 583 1284 638 μαντεία
1316 583 1384 625 καὶ
1414 580 1441 638 ἦ
1473 582 1531 625 δι’
1557 582 1739 638 ὂρνίων5

217 653 424 711 πτήσεως,
454 656 522 697 καὶ
546 651 572 709 ἦ
595 653 663 697 διὰ
685 657 870 710 κλαγγῶν
891 654 958 695 καὶ
980 658 1178 710 πταρμῶν
1197 651 1450 709 συμβολική·
1482 654 1549 696 οἵα
1576 651 1602 708 ἦ
1638 652 1707 695 διὰ

216 729 414 785 βροντῆς,
450 728 566 780 μυῶν
575 756 588 776 ,
624 727 772 780 γαλῆς,
808 727 986 780 τρισμοῦ
1019 722 1172 776 ξύλων,
1219 723 1323 774 ὠτὸς
1354 722 1487 779 ἤχων,
1531 726 1708 778 παλμῶν

217 795 431 851 σώματος,
470 794 698 849 συμβολικὴ
724 795 792 836 καὶ
817 792 1046 849 οἰωνιστικὴ
1073 797 1279 850 λεγομένη.
1350 787 1400 849 ἧς
1426 792 1473 837 τὸ
1501 794 1577 848 μέν
1600 795 1708 837 ἔστιν

217 863 552 925 ὄρνεοσκοπικόν,
582 865 634 908 ’τὸ
671 865 716 907 δὲ
747 862 1034 918 παλμωτικόν,
1070 863 1115 906 τὸ
1139 865 1183 907 ὁὲ
1206 862 1543 916 οἷωνοσκοπικόν,
1583 864 1629 907 τὸ
1663 863 1708 906 δὲ

211 933 541 995 χειροσκοπικόν,
577 935 624 978 τὸ
655 933 698 977 δὲ
725 933 880 978 ε’νόδιον
907 933 932 990 ἢ
964 932 1292 989 κληδονιστικόν,
1324 932 1411 977 οἷον
1442 928 1707 978 firmiano&
1721 941 1742 976 1*

216 1004 524 1063 παρατυχόντος
557 1005 768 1063 εῗρημένου
799 1005 1069 1062 τεκμαίρηταί
1094 1023 1156 1056 τις
1182 1005 1230 1048 τὸ
1259 1003 1451 1059 ἐσόμενον
1459 1038 1472 1057 ,
1508 1007 1577 1048 καὶ
1609 1003 1709 1047 ὅταν

222 1078 279 1120 δι’
314 1074 525 1131 ὀνομάτων
552 1080 702 1133 νεκρῶν
731 1073 1001 1131 ἐπικλήσεως,
1029 1076 1096 1118 καὶ
1120 1073 1218 1118 ὅταν
1241 1075 1300 1118 δι’
1328 1074 1491 1132 ἄστρων
1517 1076 1583 1118 καὶ
1604 1073 1709 1117 ὑδά-

165 1154 196 1191 Β
219 1165 301 1191 των
335 1146 364 1202 ἢ
400 1147 564 1204 ὀνείρων
592 1148 800 1202 ματαίων,
837 1143 914 1188 οἷοι
941 1146 1047 1188 καθ’
1069 1143 1244 1202 ἑκάστην
1263 1149 1365 1189 πᾶσι
1386 1148 1708 1204 προσπίπτουσι·

219 1215 383 1262 σπάνιοι
406 1216 484 1274 γὰρ
511 1218 600 1259 λίαν
622 1216 660 1259 οἳ
684 1215 845 1259 ἄνωθεν
863 1215 1041 1271 ἥκοντες.
1113 1209 1223 1259 οὗτοι
1247 1217 1292 1259 δὲ
1313 1215 1461 1267 πάντες
1484 1214 1710 1271 δαιμονιώ-

221 1273 304 1339 ὃείς
335 1287 372 1330 οἳ
402 1285 545 1345 τρόποι
576 1291 649 1342 τῆς
677 1288 928 1345 προφητείας
951 1287 1018 1328 καὶ
1044 1287 1325 1341 στοχαστικοί,
1363 1286 1410 1329 οἳ
1426 1286 1532 1329 κατὰ
1554 1290 1741 1341 συμβε-1

217 1358 345 1414 βηκὸς
363 1355 633 1413 ἀληθεύοντες
655 1356 696 1402 ἵν
718 1372 822 1400 τισιν
844 1357 886 1398 ἐν
907 1362 993 1407 τοῖς
1014 1358 1218 1407 πλείστοις
1235 1354 1556 1414 ἁμαρτάνουσιν.
1605 1355 1709 1412 ἄλλη

218 1429 264 1471 δὲ
295 1430 525 1486 προφητεία
553 1426 731 1485 φυσική,
768 1425 823 1478 ὡς
845 1423 870 1481 ἡ
894 1426 963 1468 διὰ
985 1431 1066 1470 τῶν
1089 1424 1270 1483 ἀλόγων·
1303 1425 1509 1482 χελιδόνες
1537 1427 1616 1484 γὰρ
1640 1429 1711 1469 καὶ

216 1491 428 1557 μύρμηκες
455 1499 523 1540 καὶ
554 1498 715 1555 γε’ρανοι
748 1498 875 1551 ε’χΐνοί
901 1513 943 1539 τε
975 1498 1043 1538 καὶ
1079 1496 1271 1548 ἀλκυόνες
1298 1501 1498 1552 χειμῶνος
1529 1495 1712 1548 ἐπιόντος

218 1572 403 1627 φυσικῶς
431 1567 767 1610 ἔπαισθάνονται.
839 1565 942 1621 ἄλλη
975 1567 1020 1609 δὲ
1047 1565 1241 1622 τεχνητή,
1278 1565 1333 1617 ὥς
1360 1564 1386 1623 ἦ
1414 1567 1518 1624 παρ’
1554 1570 1711 1624 ἰατροῖς

218 1641 286 1681 καὶ
317 1635 585 1694 κυβερνήταις
617 1636 825 1695 ὁρωμένη,
860 1635 951 1691 ἣτις
981 1637 1216 1691 στοχασμὸς
1245 1641 1405 1691 μᾶλλον
1427 1637 1454 1694 ἢ
1479 1639 1742 1695 προφητειάΞ

216 1706 543 1764 μετωνόμασται.
614 1709 682 1750 καὶ
709 1706 822 1764 παρὰ
851 1704 1004 1757 ταύτας
1032 1705 1058 1763 ἦ
1089 1705 1286 1763 δημώδης
1313 1725 1355 1750 τε
1384 1709 1452 1750 καὶ
1481 1706 1618 1764 κοινή,
1655 1706 1711 1759 ὡς

166 1785 196 1820 C
221 1778 319 1822 ὅταν
355 1777 445 1836 εἶ’πῃ
476 1794 539 1829 τις
568 1776 631 1821 ὅτι
657 1777 762 1833 μετὰ
785 1782 890 1834 τρεῖς
911 1774 1069 1835 ἡμέρας
1087 1776 1196 1821 ἔσται
1217 1776 1373 1835 χειμών
1382 1810 1396 1832 ,
1435 1777 1498 1822 ὅτι
1521 1779 1566 1821 ἔκ
1589 1782 1710 1837 (μελο-

312 1914 358 1949 21
383 1909 574 1958 δημιώδης
597 1910 626 1945 Ρ

219 2029 424 2068 vaticinium
451 2027 691 2063 confirmante.
739 2027 809 2063 alia
834 2039 856 2063 a
879 2028 1106 2064 daemonibus
1127 2028 1424 2075 proficiscuntur,
1455 2028 1565 2075 inque
1587 2027 1712 2063 horum

221 2077 415 2113 cultoribus
439 2074 685 2110 efficacitatem
708 2080 887 2110 exserunt.
937 2082 1062 2122 estque
1093 2076 1130 2111 id
1163 2088 1274 2121 genus
1307 2076 1512 2122 multiplex3
1546 2077 1611 2111 sub
1643 2087 1713 2122 quo

221 2130 305 2160 sunt
327 2123 498 2158 ³vaticinia
521 2134 565 2156 ex
590 2123 706 2156 farina
726 2128 762 2157 et
786 2122 1121 2169 hordeo,-Pythia‚
1147 2136 1261 2169 nugae
1285 2137 1329 2159 ex
1350 2124 1545 2159 Dodonaea
1566 2134 1714 2169 quercu,

221 2171 467 2217 extispicium,
501 2169 716 2215 auspicium,
741 2169 924 2214 augurium
939 2197 948 2215 ,
972 2176 1045 2205 tum
1071 2171 1347 2206 coniectationes
1373 2172 1418 2206 de
1441 2169 1714 2206 sternutationi-

220 2221 308 2263 bus,
342 2218 556 2261 tonitribus,
590 2216 738 2251 murium
757 2216 949 2262 feliumque
973 2217 1146 2262 stridore,
1178 2217 1374 2263 lignorum,
1409 2218 1547 2253 aurium
1569 2217 1714 2260 tinnitu,

219 2265 380 2311 corporis
404 2271 557 2300 tremore
581 2270 769 2309 sumptae.·
804 2264 899 2309 quod
918 2276 1029 2309 genus
1051 2265 1157 2299 etiam
1179 2266 1326 2310 auguria
1343 2268 1589 2307 nominantur;
1613 2263 1714 2299 cuius

219 2325 301 2360 pars
325 2318 489 2347 versatur
512 2310 551 2344 in
576 2311 721 2355 avibus,
755 2322 838 2356 pars
862 2311 900 2344 in
923 2311 1136 2346 tremoribus
1163 2313 1314 2358 partium
1339 2312 1501 2359 corporis
1525 2311 1604 2347 sive
1627 2312 1716 2346 sub—

219 2359 467 2395 sultationibus
497 2357 798 2404 contemplandis,
839 2369 922 2403 pars
957 2358 995 2392 in
1030 2359 1199 2404 augurio,
1242 2372 1325 2405 pars
1355 2361 1393 2395 in
1425 2358 1647 2395 divinatione
1671 2369 1716 2392 ex

217 2418 378 2441 manuum
403 2405 647 2452 inspectione,
682 2416 766 2450 pars
793 2404 830 2438 in
859 2404 975 2440 obviis
999 2405 1219 2450 rumoribus,
1255 2409 1348 2442 unde
1373 2407 1492 2442 omnia
1515 2409 1716 2452 captantur,

218 2465 295 2488 cum
329 2453 455 2488 obvius
491 2452 642 2498 quisque
666 2451 912 2497 interrogatus
947 2452 1035 2487 dicit
1067 2453 1160 2487 unde
1192 2454 1347 2489 futurum
1371 2453 1594 2490 coniiciatur.
1642 2458 1717 2487 tum

217 2505 432 2534 mortuorum
458 2499 660 2534 nominatim
685 2499 961 2534 invocandorum
980 2499 1093 2544 ratio,
1120 2512 1163 2534 ex
1181 2501 1360 2536 sideribus
1385 2501 1486 2547 aquis
1512 2505 1575 2535 aut
1597 2499 1716 2534 inani-

217 2547 284 2581 bus
309 2546 453 2580 somniis
478 2546 696 2592 praedictio,
730 2545 849 2592 qualia
873 2546 968 2580 omni
992 2552 1096 2581 nocte
1123 2547 1307 2593 quibusvis
1331 2549 1514 2583 accidunt:
1549 2559 1632 2582 rara
1651 2547 1718 2581 ad*

219 2593 356 2628 modum
381 2599 463 2627 sunt
487 2594 578 2628 enim
602 2593 738 2628 somnia
761 2592 934 2628 divinitus
960 2593 1090 2628 oblata.
1140 2595 1227 2629 haec
1261 2596 1378 2630 omnia
1411 2593 1628 2629 vaticinandi
1652 2606 1718 2640 ge-

221 2650 309 2674 nera
332 2651 353 2674 a
375 2639 602 2675 daemonibus
626 2649 709 2675 sunt
732 2640 1017 2686 coniecturisque
1050 2640 1269 2687 innituntur,
1302 2642 1354 2678 ita
1385 2646 1426 2676 ut
1456 2653 1521 2688 per
1549 2641 1716 2676 accidens

221 2686 261 2721 in
287 2686 493 2731 quibusdam
517 2699 638 2722 verum
672 2687 872 2733 attingant,
909 2687 947 2722 in
980 2687 1160 2734 plerisque
1185 2691 1365 2724 aberrent.
1415 2695 1472 2723 est
1494 2693 1530 2723 et
1553 2687 1623 2723 alia
1649 2700 1715 2723 na-

223 2733 348 2768 turalis
372 2733 543 2767 divinatio
567 2735 762 2769 brutorum.
813 2734 941 2769 etenim
965 2734 1171 2770 hirundines
1193 2736 1364 2771 formicae
1385 2747 1492 2781 grues
1518 2735 1636 2770 echini
1660 2741 1715 2770 at-

224 2791 294 2826 que
320 2779 485 2824 alcyones
508 2786 753 2826 tempestatem
777 2786 1004 2828 appetentem
1022 2788 1168 2817 naturae
1187 2783 1321 2817 monitu
1339 2783 1598 2828 praesentiunt.
1647 2781 1718 2821 aiia

226 2826 442 2870 artificiosa,
474 2827 610 2871 qualem
637 2828 764 2863 medici
791 2835 827 2863 et
851 2830 1106 2873 gubernatores
1133 2831 1344 2872 ostendunt;
1374 2841 1466 2876 quae
1489 2835 1606 2865 tamen
1631 2842 1717 2864 con-

224 2872 372 2908 iectatio
404 2873 521 2918 potius
545 2879 600 2908 est
623 2886 725 2919 quam
755 2875 929 2910 divinatio
954 2875 1145 2921 appellata.
1193 2882 1340 2922 praeter
1362 2876 1425 2911 has
1447 2876 1605 2922 vulgaris
1626 2888 1717 2922 quo-

224 2931 295 2967 que
318 2919 390 2955 ista
413 2925 451 2955 et
472 2922 682 2966 communis,
707 2926 746 2957 ut
763 2934 841 2958 cum
860 2922 941 2969 quis
963 2922 1051 2959 dicit
1068 2929 1151 2970 post
1172 2923 1327 2959 triduum
1350 2923 1431 2959 fore
1453 2929 1717 2971 tempestatem.
