1742 3184
233 209 330 258 156
539 179 546 185 ⁷
712 197 952 253 GEORGII
982 203 1227 251 GEDRENI

229 331 303 370 θοι
316 358 330 379 ,
365 323 478 368 πέντε
503 324 547 367 δὲ
569 327 650 367 τῶν
669 320 849 381 ὑστέρων
865 322 965 365 υἶιῦν
983 320 1123 365 αὐτοῦ.
1192 325 1265 377 τῆς
1288 313 1360 362 οὖν
1380 317 1578 380 τιμωρίας
1595 335 1705 376 γεγε-

177 404 210 441 1)
233 396 406 452 νημίνης
427 396 547 445 ἵλεως
576 391 597 437 ὃ
632 391 829 449 δεσπότης
853 392 1005 449 ἐγένετο
1032 394 1099 434 καὶ
1127 389 1154 447 ἦ
1185 394 1238 447 γῆ
1269 389 1339 432 τὸν
1367 389 1408 441 ἐξ
1435 387 1560 440 ἔθους
1583 387 1706 431 ἔδωκε

229 463 399 524 καρπόν.
1284 470 1288 476 ’

361 533 537 591 Ἐγένετο
561 532 605 575 δὲ
626 531 730 587 μετὰ
751 534 901 582 ταῦτα,
928 530 996 573 καὶ
1020 529 1063 572 ἓν
1087 531 1217 587 καιρῷ1
1238 528 1372 583 δείλης
1394 525 1539 582 ἀνέστη
1563 525 1706 580 Λαβὶδ

227 603 308 648 ἀπὸ
335 608 408 660 τῆς
430 604 566 658 κοίτης
591 601 718 645 αὐτοῦ’
728 633 741 653 ,
768 602 835 643 καὶ
857 596 1085 656 περιεπάτει
1106 600 1168 642 ἐπὶ
1191 602 1266 641 τοῦ
1292 596 1482 653 δώματος
1499 599 1573 639 τοῦ
1592 595 1739 641 οἷ’κουό

225 678 308 718 τῶν
324 673 548 728 βασιλέων,
584 673 650 714 καὶ
672 668 749 713 εἶδε
767 676 938 726 γυναῖκα
957 669 1179 724 λουομένην
1198 667 1279 710 ἀπὸ
1301 672 1373 711 τοῦ
1396 665 1587 721 δώματος
1597 698 1610 718 ,
1637 666 1706 707 καὶ

229 741 257 799 ἦ
289 743 389 800 γυνὴ
421 742 525 797 καλὴ
549 745 601 798 τῇ
621 739 716 794 ὄψει
742 738 920 797 σφόδρα.
992 740 1059 780 καὶ
1091 738 1192 781 ἰδὼν
1220 737 1266 780 τὸ
1299 735 1463 794 γύναιον
1487 733 1707 789 λουόμενον

230 813 304 855 οῧκ
337 812 457 870 ἔφυγε
488 810 562 866 τὴν
595 810 699 853 θέαν
731 807 787 860 ὡς
816 809 1031 865 ὀλεθρίαν,
1081 807 1186 850 ἀλλὰ
1216 807 1517 861 καταθελχθεῖς
1544 809 1600 863 τῷ
1634 807 1706 859 τῆς

229 881 341 938 ὥρας
374 882 527 924 δελέατι
556 880 602 923 τὸ
634 883 707 934 τῆς
740 877 943 936 ἁμαρτίας
970 877 1153 920 κατέπιεν
1179 876 1408 934 ἄγκιστρον.
1477 875 1546 917 καὶ
1567 872 1705 931 ἑτέρου

228 950 333 1007 τάχα
371 948 537 1000 πάθους
565 949 770 1005 χείρονος,
816 952 889 1003 τῆς
917 945 1124 1004 ε’πάρσεως
1151 945 1361 1002 δηλονότι,
1400 945 1557 1002 γέγονεν
1587 943 1703 998 ἴαμα.
1717 953 1742 989 1⁴

107 1027 138 1063 P
161 1027 206 1062 89
231 1020 327 1078 ὅπερ
363 1020 413 1076 δὴ
444 1021 511 1062 καὶ
543 1018 666 1070 αὐτὸς
696 1016 934 1076 ὑποφαίνων
959 1016 1089 1073 ἔλεγεν
1119 1014 1339 1072 ((ὖψωθεὶς
1362 1016 1407 1058 δὲ
1429 1011 1707 1068 ἐταπεινώθην

231 1093 299 1134 καὶ
326 1087 601 1146 ἓξηπορήθην.
670 1089 738 1130 καὶ
768 1087 846 1144 ἐγώ
876 1088 949 1142 μὲν
980 1084 1089 1129 εἶπον
1109 1087 1151 1128 ἓν
1171 1090 1220 1144 τῇ
1241 1085 1412 1145 εὐθηνίᾳ
1434 1101 1515 1139 μου
1524 1116 1538 1136 ,
1575 1083 1622 1126 οὗ
1645 1082 1703 1137 μὴ

231 1163 425 1204 σαλευθῶ
455 1161 509 1209 εἷς
535 1158 606 1200 τὸν
637 1160 787 1209 αἰῶνα,
825 1157 1086 1213 ἅπέστρεψας
1113 1156 1156 1198 δὲ
1187 1155 1232 1198 τὸ
1262 1153 1480 1213 πρόσωπόν
1506 1170 1603 1205 σου,
1638 1153 1705 1203 καὶ

231 1228 450 1287 ἐγεννήθην
477 1227 784 1285 τεταραγμένος.
854 1226 948 1269 ἀλλ’
984 1223 1144 1282 ἀγαθόν
1170 1242 1240 1280 μοι
1267 1224 1328 1268 ὅτι
1356 1221 1626 1273 ἔταπείνωσάς
1641 1238 1705 1276 με,

230 1299 341 1350 ὅπως
361 1297 410 1341 ἂν
427 1297 555 1352 μάθω
577 1297 629 1339 τὰ
656 1294 909 1351 δικαιώματά
931 1295 1052 1338 σου.”
1126 1295 1195 1337 διὰ
1213 1294 1291 1352 γὰρ
1311 1298 1384 1350 τῆς
1402 1297 1474 1337 τοῦ
1494 1292 1585 1334 υἶοῦ
1603 1292 1704 1334 ε’πα-
1717 1297 1742 1333 12

231 1367 465 1418 ναστάσεως
507 1368 622 1414 δίκας
661 1367 839 1425 ἐναργεῖς
867 1365 969 1409 ἔτισε
999 1369 1072 1408 τοῦ
1100 1381 1142 1407 τε
1172 1362 1299 1422 φόνου
1331 1364 1399 1406 καὶ
1428 1366 1502 1418 τῆς
1526 1362 1708 1417 μοιχείας

231 1439 336 1483 κατὰ
358 1437 432 1493 τὴν
450 1438 570 1480 θείαν
591 1434 831 1494 πρόρρησιν.·
901 1436 1000 1493 φησὶ
1033 1432 1112 1491 γάρ
1141 1432 1269 1477 “w'ae
1297 1434 1399 1490 λέγει
1426 1431 1583 1488 κύριος·
1615 1429 1705 1474 idom)

230 1509 308 1565 ἐγὼ
344 1508 482 1565 ε’γείριο
513 1505 620 1549 κακὰ
650 1507 717 1548 ἐπί
747 1522 792 1548 σε
821 1506 865 1548 ἐκ
894 1509 969 1548 τοῦ
996 1504 1108 1546 οἴκου
1129 1503 1235 1546 σου”
1273 1501 1412 1545 καὶτὰ
1435 1500 1539 1556 ἑξῆς.
1609 1499 1707 1543 ὅσον

228 1580 365 1621 τοίνυν
391 1581 541 1630 θλΐψις
567 1576 718 1630 ὀνίνησι
747 1577 814 1617 καὶ
842 1574 1039 1631 συμφορὰ
1066 1575 1130 1615 καὶ
1156 1573 1357 1629 μέριμνα,
1386 1573 1453 1613 καὶ
1482 1572 1526 1612 ἔκ
1555 1568 1707 1625 ταύτης

227 1653 302 1703 τῆς
323 1647 504 1702 ἱστορίας
523 1644 802 1699 μανθάνομεν.
855 1641 1099 1697 διωκόμενος
1115 1644 1194 1699 γὰρ
1214 1641 1292 1685 ὑπὸ
1312 1645 1387 1684 τοῦ
1405 1640 1545 1683 Σαοὺλ
1568 1637 1588 1682 ὃ
1607 1639 1742 1690 θεὸςὲῑ

175 1723 206 1760 Β
232 1718 373 1771 duffio
402 1719 539 1758 πᾶσαν
569 1712 792 1771 κατώρθου
824 1714 1096 1771 φιλοσοφίαν,
1141 1713 1210 1754 καὶ
1252 1708 1607 1768 παραταττόμενος
1636 1710 1706 1752 καὶ

226 1793 317 1833 ταῖς
342 1785 527 1844 φροντίσι
550 1787 631 1827 τῶν
653 1783 840 1838 πολέμιον
859 1783 1086 1838 ἒνασχολῶν
1106 1781 1179 1837 τὴν
1200 1779 1382 1824 διάνοιαν
1402 1779 1508 1823 κατὰ
1530 1779 1626 1829 τοὺς
1650 1778 1705 1821 ῗε-

1475 1849 1487 1864 Χ

229 1856 328 1916 ροὺς
347 1851 594 1898 ἐπολιτεύετο
615 1852 780 1908 νόμους.
849 1852 1062 1907 ἄνακωχῆς
1081 1852 1124 1894 δὲ
1143 1851 1276 1909 τυχών
1292 1851 1426 1907 ὀλίγης
1445 1867 1515 1893 τον
1535 1847 1706 1892 ι’)’λισθον

229 2031 293 2079 qui
316 2032 477 2067 crucibus
500 2030 599 2067 affixi
622 2034 724 2076 sunt,
753 2030 822 2065 duo
845 2029 910 2065 filii
936 2029 1034 2065 Sauli
1057 2029 1170 2076 spurii
1196 2032 1232 2064 et
1252 2028 1409 2074 quinque
1431 2038 1476 2062 ex
1496 2023 1707 2073 posteriori-

228 2081 295 2115 bus
317 2079 400 2114 filiis
425 2079 514 2114 eius.
563 2091 605 2113 eo
629 2077 802 2124 supplicio
827 2083 972 2124 peracto
995 2077 1155 2123 placatus
1176 2082 1232 2112 est
1253 2076 1434 2122 dominus,
1464 2086 1507 2109 ac
1527 2078 1624 2108 terra
1646 2083 1706 2107 so-

229 2126 311 2162 litas
334 2127 455 2171 fruges
478 2124 651 2160 exhibuit.

324 2173 521 2207 Secundum
547 2172 637 2206 haec*
668 2171 816 2217 quadam
846 2182 999 2217 vespera
1021 2170 1180 2206 Davidus
1205 2180 1281 2204 cum
1305 2169 1349 2203 de
1375 2167 1467 2203 lecto
1495 2177 1560 2201 suo
1587 2177 1707 2201 surre-

229 2219 365 2264 xisset,
400 2218 638 2254 deambulavit
666 2218 704 2252 in
735 2223 830 2253 tecto
861 2218 1002 2262 regiae,
1042 2217 1195 2262 indeque
1218 2215 1395 2250 mulierem
1418 2215 1592 2248 lavantem
1623 2223 1707 2260 pro-

231 2266 350 2313 spexit
371 2266 484 2300 forma
507 2264 653 2310 insigni.
711 2276 826 2310 neque
854 2276 939 2298 vero
968 2276 1007 2299 se
1033 2265 1076 2298 ab
1110 2276 1151 2298 eo
1182 2262 1382 2308 spectaculo
1413 2260 1610 2303 subtraxit,
1642 2258 1706 2294 sed

229 2314 364 2347 formae
388 2312 646 2358 pulchritudine
668 2311 846 2346 inescatus
871 2311 1006 2345 hamum
1030 2310 1169 2356 peccati
1192 2309 1392 2354 deglutivit.
1441 2307 1535 2353 quod
1558 2305 1592 2341 ei
1616 2305 1708 2340 alte-

228 2360 323 2405 rius,
348 2359 509 2394 nimirum
528 2358 736 2404 deterioris,
761 2358 909 2392 affectus
935 2357 1004 2392 fuit
1029 2357 1238 2399 remedium,
1262 2355 1431 2391 videlicet
1449 2353 1556 2388 animi
1580 2352 1706 2387 elatio-

229 2406 306 2451 nis,
339 2406 376 2440 id
398 2408 491 2450 quod
513 2405 592 2452 ipse
614 2405 729 2440 innuit
749 2404 804 2439 his
831 2405 947 2439 verbis
969 2400 1059 2449 “ego
1083 2416 1157 2439 cum
1181 2403 1325 2437 fuissem
1351 2401 1461 2436 elatus
1476 2427 1486 2446 ‚
1516 2400 1707 2445 depressus

229 2464 305 2487 sum
336 2458 372 2487 et
398 2452 435 2486 in
463 2463 612 2487 summas
643 2451 824 2497 angustias
856 2452 1032 2485 redactus.
1082 2457 1187 2495 atque
1212 2462 1277 2495 ego
1306 2449 1446 2495 quidem
1480 2448 1586 2481 rebus
1618 2445 1705 2480 meis

230 2499 393 2534 secundis
412 2498 506 2543 dixi,
530 2498 624 2533 nullo
647 2510 798 2544 unquam
821 2503 979 2543 tempore
998 2497 1261 2532 labefactarant:
1285 2502 1326 2531 ut
1344 2495 1490 2541 primum
1506 2504 1593 2527 vero
1611 2498 1707 2526 tuam

228 2545 355 2579 faciem
387 2545 569 2590 avertisti,
603 2546 832 2580 conturbatus
863 2544 928 2578 fui.
975 2543 1060 2578 mihi
1092 2556 1178 2578 vero
1214 2541 1435 2578 conducibile
1457 2540 1543 2584 fuit,
1580 2540 1644 2573 abs
1669 2544 1706 2573 te

230 2591 401 2636 deprimi,
435 2597 474 2626 ut
496 2592 548 2626 sic
573 2598 632 2626 tua
658 2591 736 2626 iura
759 2586 971 2626 discerem.''
1014 2590 1142 2625 etenim
1165 2589 1356 2625 rebellione
1378 2587 1444 2622 filii
1469 2591 1594 2632 aperte
1617 2597 1704 2631 poe-

231 2648 294 2671 nas
315 2649 390 2671 cum
411 2638 573 2673 adulterii
598 2645 670 2673 tum
691 2637 869 2672 homicidii
892 2637 1083 2683 persolvit,
1117 2637 1290 2683 quomodo
1314 2635 1349 2670 ei
1370 2633 1540 2669 divinitus
1560 2631 1704 2678 praedi-

230 2688 323 2718 ctum
350 2685 484 2718 suerat:
519 2681 627 2720 “ecce
651 2697 716 2730 ego
740 2684 808 2719 tibi
825 2696 876 2718 «ex
900 2685 1001 2718 domo
1025 2690 1085 2718 tua
1110 2684 1324 2718 calamitates
1344 2676 1549 2715 immittam”
1583 2684 1620 2713 et
1642 2690 1703 2712 ce-

231 2733 324 2766 tera.
372 2730 439 2764 iam
462 2731 548 2765 haec
566 2743 705 2778 quoque
729 2743 792 2766 nos
816 2730 965 2765 historia
988 2730 1092 2765 docet
1113 2743 1172 2765 res
1196 2731 1384 2772 adversas,
1407 2726 1624 2762 calamitates
1649 2729 1704 2759 at-

232 2786 301 2820 que
331 2776 571 2812 solicitudines
601 2778 784 2824 expedire.
833 2789 902 2823 quo
941 2777 1032 2811 enim
1064 2782 1224 2824 tempore
1257 2777 1383 2810 beatus
1415 2772 1574 2808 Davidus
1607 2771 1703 2806 infe-

232 2827 322 2876 stum
345 2822 484 2856 Saulum
510 2824 620 2869 fugit,
647 2837 688 2860 eo
708 2825 746 2859 in
765 2824 925 2859 omnibus
946 2823 1143 2869 sapientiae
1165 2822 1292 2859 studiis
1309 2821 1492 2866 praeclare
1513 2831 1552 2854 se
1576 2818 1706 2864 gessit;

231 2873 393 2912 interque
414 2868 497 2902 belli
521 2870 677 2914 pericula
700 2877 736 2906 et
759 2870 936 2906 hostilium
969 2875 1154 2905 conatuum
1183 2867 1473 2914 occupationibus
1508 2865 1623 2901 animo
1648 2864 1706 2898 in-

233 2918 352 2961 tento,
388 2925 432 2949 ex
463 2917 682 2963 praescripto
709 2929 889 2954 sacrarum
913 2917 1027 2964 legum
1060 2917 1164 2952 vixit.
1209 2916 1302 2952 idem
1325 2913 1513 2961 pauxillum
1535 2910 1707 2958 requietis
