1742 3184
374 174 778 226 ms'roimmmu
810 179 1203 227 COMPENDIUM.
1434 182 1536 232 523

59 299 136 351 τῆς
155 294 202 339 δὲ
216 295 468 352 Καμπανίας
485 291 541 351 ιβ’
557 293 696 349 πόλεις
714 293 1016 356 διεφθάρησαν.
1083 297 1220 342 ἐλθὼν
1246 298 1292 343 δὲ
1310 298 1534 344 Κωνστάν-
1553 307 1587 343 D

60 381 148 416 τιος
169 366 226 417 εἰς
239 366 286 409 τὸ
306 364 533 419 Βυζάντιον
549 369 723 411 Παῦλον
739 367 811 411 τὸν
831 368 1047 411 ἐπίσκοπον
1066 372 1142 412 τοῦ
1157 367 1317 426 θρόνου
1337 369 1537 426 ἀπήλασε,

62 435 132 477 καὶ
157 434 229 477 τὸν
256 435 531 490 ἀσεβέστατον
556 436 758 491 Εὗσέβιον
776 437 847 480 τὸν
865 439 1144 494 Νικομηδείας
1163 437 1349 496 εἰσήγαγε
1371 444 1540 499 λῃστρι-

62 507 144 554 κῶς
161 505 229 546 καὶ
249 504 466 560 ἀθέσμως,
500 505 547 548 τὸ
566 511 650 549 τῶν
671 511 808 550 κακῶν
828 507 1093 565 καταγώγιον.
1162 510 1230 551 καὶ
1257 514 1541 554 συντελεσθεῖ-

27 581 52 618 ⁵
63 590 141 617 σαν
169 571 246 628 τὴν
273 578 348 616 τοῦ
373 578 480 617 θεοῦ
505 573 684 632 μεγάλου
703 577 918 633 ἐκκλησίαν
933 575 1013 620 ὑπὸ
1036 579 1325 622 Κωνσταντίου
1342 581 1448 624 κατὰ
1466 581 1541 636 τὴν

60 640 308 699 ἔνδιάθηκον
338 642 503 699 ἐντολὴν
532 649 606 694 τοῦ
633 644 814 702 μεγάλου
844 649 1156 692 Κωνσταντίνου
1178 650 1379 704 Εὐσέβιος
1401 652 1541 707 ἔγκαι-

58 713 177 764 νίζει,
207 714 275 755 καὶ
301 712 355 756 τὰ
383 714 560 768 λείψανα
588 714 668 757 ἀπὸ
687 716 932 772 Ἀντιοχείας
956 720 1107 772 κομίζει
1130 721 1197 761 καὶ
1218 719 1260 762 ἓν
1279 719 1390 779 αὐτῷ
1411 738 1541 764 κατα-

57 782 202 836 τίθησι
233 786 308 826 τοῦ
339 781 455 839 ἇγίῡυ
485 781 697 841 μάρτυρος
716 787 947 844 Παμφίλου
968 789 1036 829 καὶ
1056 792 1137 830 τῶν
1158 789 1234 831 σὺν
1259 789 1393 848 αὐτῷ,
1432 791 1541 834 Θεο-

59 850 211 893 δούλου
233 853 482 910 Πορφυρίου
509 856 577 896 καὶ
597 854 787 898 Παύλου.
848 856 1126 914 Ἀλεξανδρεῖς
1150 859 1196 901 δὲ
1218 858 1259 899 Γ
1256 858 1446 917 ρηγόριον
1464 864 1539 918 λῃ-

3 931 49 967 10
60 925 235 977 στρικῶς
261 921 460 976 ἐπιβάντα
487 928 562 967 τοῦ
589 922 746 980 θρόνου
765 926 1068 984 Ἀλεξανδρείας
1088 929 1157 969 καὶ
1178 927 1248 970 τὸν
1267 930 1395 985 μέγαν
1407 930 1541 973 Ἀθα-
1562 931 1593 966 Ρ
1613 931 1684 968 299

56 987 199 1032 νάσιον
220 990 509 1044 ἀποδιώξαντα
532 994 595 1035 ε’πὶ
617 992 662 1044 (ἐξ
682 994 810 1038 ἕτεσιν
831 996 1004 1038 ἀνεῖλον.
1073 999 1140 1039 καὶ
1155 1006 1443 1054 χειροτονεῖται
1458 998 1540 1043 ὖπὸ

50 1058 269 1118 Ἀρειανῶν
287 1062 329 1102 Γ
325 1060 492 1118 εώργιος
506 1061 735 1119 Ἀρειανός,
763 1065 885 1121 τέρας
900 1083 939 1107 τι
958 1065 1288 1110 Καππαδόκειον.

197 1132 273 1188 Τῷ
293 1129 318 1172 ι’
340 1130 418 1173 ἔτει
437 1131 727 1184 Κωνστάντιος
747 1133 819 1176 τὸν
839 1136 882 1177 ἐν
899 1137 1115 1195 Σελευκείᾳ
1134 1142 1209 1191 τῆς
1225 1138 1381 1196 Συρίας
1395 1138 1540 1193 λιμένα

54 1198 294 1254 πεποίηκεν,
328 1197 426 1257 ὅρος
450 1201 514 1243 ἐπὶ
536 1202 867 1257 πολῦδιατεμών
876 1236 891 1255 ,
920 1206 987 1246 καὶ
1006 1205 1082 1259 τὴν
1101 1204 1220 1249 πόλιν
1235 1206 1540 1265 ἀνῳκοδόμησε.

0 1276 46 1314 15
58 1269 127 1310 καὶ
157 1268 231 1324 τὴν
255 1268 506 1327 Ἀντάραδον
536 1272 578 1313 ἐν
613 1273 783 1329 Φοινίκῃ
814 1272 991 1325 ἔκτισεν,
1025 1274 1076 1329 ἢν
1100 1277 1408 1320 Κωνσταντείαν
1434 1277 1541 1321 ὠνό-

52 1354 176 1392 μασε.
243 1343 303 1397 τῷ
332 1340 375 1381 δ’
405 1340 519 1399 αὐτῷ
541 1340 618 1384 ἔτει
641 1340 821 1396 ἔκλειψις
843 1343 994 1399 ἐγένετο
1012 1341 1129 1398 ἡλίου
1140 1377 1153 1396 ,
1187 1348 1283 1400 μηνὶ
1303 1347 1466 1405 Δαισίῳ
1488 1347 1539 1401 ς’,

52 1405 212 1463 ἡμέρας
227 1405 317 1468 ὥρᾳ
331 1409 463 1466 τρίτῃ.
531 1411 600 1452 καὶ
621 1411 660 1453 οἳ
683 1411 957 1463 ἀπελαθέντες
979 1412 1199 1470 ὄρθόδοξοι
1220 1416 1430 1460 ἐπίσκοποι
1451 1416 1540 1473 ἅμα

45 1475 285 1534 Ἀθανασίῳ
305 1477 380 1533 τὴν
394 1476 556 1535 Ῥώμην
577 1479 979 1535 καταλαμβάνουσιν.

195 1549 270 1605 Τῷ
292 1548 337 1590 δὲ
356 1546 411 1589 ια’
430 1547 504 1592 ἴτει
522 1548 762 1607 γράμμασιν
774 1551 957 1594 Ἰουλίου
976 1555 1051 1594 τοῦ
1068 1549 1185 1595 noina
1195 1550 1356 1608 Ῥώμης
1371 1550 1541 1611 θαρρή-

0 1622 45 1659 ΞΟ
58 1630 202 1666 σαντες
221 1615 318 1667 τοὺς
339 1618 469 1669 ῗδιόυς
486 1618 669 1675 θρόνους
687 1621 927 1675 κατέλαβον.
997 1620 1285 1672 Κωνστάντιος
1317 1623 1363 1664 δὲ
1389 1624 1431 1666 ἓν
1449 1623 1541 1667 Ἀν-
1561 1626 1595 1661 Β

52 1685 207 1745 τιοχείᾳ
228 1683 381 1742 διάγων
403 1686 576 1739 τούτους
597 1688 807 1744 ἀπήλασεν
826 1688 1015 1748 ὑποβολῇ
1036 1696 1119 1734 τῶν
1135 1692 1368 1748 Ἀρειανῶν.

196 1758 270 1813 Τῷ
294 1754 349 1810 ιβ’
367 1755 444 1800 ἕτει
468 1758 636 1812 σεισμὸς
655 1759 784 1815 με’γας
803 1760 955 1817 ἐγένετο
975 1761 1017 1804 ἓν
1038 1763 1219 1821 Βηρυτῷ
1237 1765 1311 1817 τῆς
1334 1761 1543 1818 Φοινίκης,

51 1819 110 1875 ὧς
127 1822 175 1867 τὸ
192 1829 331 1868 πλεῖον
346 1831 421 1882 τῆς
434 1824 590 1879 πόλεως
610 1834 759 1872 πεσεῖν.

51 1958 149 1991 runt.
197 1956 428 1994 Constantius
451 1962 491 1994 ut
512 1960 726 2005 Byzantium
747 1962 872 2006 venit,
903 1960 1146 2008 episcopatum
1167 1961 1270 1996 Pauli
1294 1961 1446 2006 ademit,
1472 1961 1541 1997 im-

50 2002 320 2049 piissimumque
341 2005 536 2040 Eusebium
569 2007 734 2050 (minime
757 2019 822 2042 suo
846 2009 979 2044 nomini
999 2009 1301 2054 respondentem)
1330 2009 1542 2052 introduxit,

50 2047 242 2084 latrocinio
264 2051 398 2085 iniusto
422 2052 522 2087 malis
549 2054 685 2099 asylum
710 2056 888 2099 aperiens.
934 2055 1026 2090 idem
1048 2054 1224 2089 Eusebius
1241 2055 1358 2100 magni
1374 2054 1434 2089 dei
1447 2060 1542 2088 tem-

50 2095 147 2141 plum
171 2108 192 2130 a
210 2097 422 2132 Constantio
438 2099 634 2134 absolutum
646 2126 656 2145 ,
677 2100 782 2134 sicuti
799 2101 1052 2136 Constantinus
1068 2107 1279 2136 testamento
1297 2102 1540 2146 mandaverat,

51 2142 255 2185 dedicavit3
289 2149 398 2189 atque
429 2146 625 2180 Antiochea
654 2146 779 2182 allatas
808 2154 1008 2183 sanctorum
1032 2148 1205 2193 Pamphili
1227 2148 1393 2192 martyris
1418 2152 1455 2182 et
1477 2159 1538 2182 so-

50 2188 185 2224 ciorum
219 2190 399 2225 Theoduli
426 2191 622 2238 Porphyrii
646 2205 689 2227 ac
710 2194 812 2228 Pauli
837 2194 1005 2240 reliquias
1028 2194 1066 2228 in
1091 2207 1133 2228 eo
1158 2195 1334 2240 deposuit.
1382 2194 1539 2229 Alexan-

49 2235 146 2269 drini
169 2240 284 2272 autem
312 2237 546 2283 Gregorium,
579 2239 641 2285 qui
673 2240 915 2287 episcopatum
951 2241 1139 2275 latrocinio
1175 2245 1429 2286 occupaverat,
1462 2252 1538 2274 ma-

48 2293 227 2329 gnumque
258 2284 486 2318 Athanasium
517 2297 584 2331 per
611 2287 815 2322 sexennium
848 2288 932 2322 inde
962 2294 1147 2332 arcuerat,
1181 2288 1452 2322 interfecerunt.
1499 2287 1540 2322 in

48 2329 127 2410 gns
157 2329 271 2365 locum
303 2332 519 2377 subrogatur
553 2333 599 2367 ab
631 2333 776 2369 Arianis
809 2334 988 2380 Georgius
1021 2346 1140 2369 eorum
1173 2341 1314 2380 sectae,
1345 2340 1539 2370 monstrum

82 2387 102 2410 a
155 2377 261 2411 adox.
968 2396 971 2399 ⁴

104 2388 291 2458 ppDecimo
337 2434 429 2458 anno
471 2424 702 2461 Constantius
742 2431 883 2472 portum
928 2426 1123 2462 Seleuceae
1160 2427 1291 2472 Syriae
1330 2426 1545 2472 construxit,

49 2470 180 2504 montis
206 2481 334 2514 magna
359 2475 462 2524 parte
487 2472 627 2516 excisa,
665 2474 859 2519 urbemque
883 2474 1024 2507 refecit.
1073 2475 1231 2509 condidit
1258 2474 1362 2509 etiam
1386 2475 1542 2508 Antara-

50 2516 132 2550 dum
167 2516 205 2551 in
238 2517 454 2561 Phoenicia,
493 2524 528 2552 et
559 2519 803 2555 Constantiam
836 2520 1045 2555 nominavit.
1102 2523 1224 2556 eodem
1258 2533 1349 2555 anno
1380 2521 1544 2555 defectus

51 2563 139 2597 solis
171 2562 261 2606 fuit,
298 2570 400 2598 sexta
432 2563 562 2599 mensis
591 2564 714 2600 Daesii
736 2566 817 2608 die,
859 2568 944 2602 hora
968 2566 1041 2601 diei
1064 2568 1183 2602 tertia.
1232 2573 1268 2602 et
1293 2567 1453 2614 episcopi
1475 2579 1544 2602 ve-

48 2619 124 2643 ram
148 2608 356 2654 religionem
379 2615 542 2656 tuentes,
577 2611 639 2657 qui
662 2612 700 2648 in
724 2613 884 2648 exsilium
908 2614 980 2648 acti
1005 2620 1127 2660 erant,
1151 2626 1228 2649 cum
1249 2614 1444 2650 Athanasio
1465 2614 1544 2649 Ro-

50 2667 141 2691 mam
163 2661 419 2700 pervenerunt.

145 2701 342 2737 Undecimo
373 2715 466 2738 anno
495 2703 603 2739 iidem
625 2704 741 2741 literis
762 2705 845 2741 Iulii
869 2717 982 2752 papae
1005 2706 1157 2742 Romani
1178 2707 1263 2743 freti
1287 2719 1351 2743 sua
1374 2706 1464 2743 solia
1482 2718 1542 2742 re-

51 2755 326 2830 cuperaverubnt.
375 2750 607 2786 Constantius
639 2759 758 2787 autem
788 2753 1009 2788 Antiocheae
1039 2754 1173 2800 degens
1196 2754 1368 2790 instinctu
1389 2754 1542 2790 Ariano-

52 2806 131 2830 rum
156 2807 218 2830 eos
242 2807 260 2829 a
288 2795 375 2840 egit.

147 2841 365 2898 Duodecimo
388 2855 480 2881 anno
504 2846 623 2881 terrae
644 2849 760 2883 motus
784 2846 952 2883 maiorem
966 2846 1095 2894 Beryti
1119 2847 1221 2893 (urbs
1240 2853 1297 2885 est
1311 2848 1544 2893 Phoeniciae)

52 2893 191 2935 partem
217 2894 363 2926 evertat.
598 2910 602 2913 ·
