1742 3184
218 163 319 212 566
693 163 935 211 GEORGn
970 162 1218 210 CEDRENI

215 276 327 324 κάτω
351 281 527 338 περῶσιν
550 278 819 335 ἐμπαίζοντες.
889 275 1007 322 ἄλλοι
1031 278 1077 322 δέ
1098 274 1381 332 ἓποκλάζοντες
1403 275 1576 335 ἔμπαλιν
1596 277 1691 332 νέοι,

215 348 401 405 σάλπιγξι
420 353 595 403 χαλκαῖς
616 349 876 406 ἐμφυσῶντες
895 347 1080 402 ἀνέμους.
1145 352 1329 403 χαλκοῦν
1350 350 1394 394 δὲ
1412 349 1564 408 βρέτας
1581 347 1693 404 ῦψό-

213 422 290 461 θεν
306 416 522 473 πετόμενον
539 418 667 468 πνοὰς
684 418 836 473 λιγείας
854 415 1022 460 δεικνύει
1042 420 1124 461 τῶν
1144 418 1317 473 ἀνέμων.
1341 451 1349 461 .

161 492 191 527 Β
343 486 433 530 Ὅτι
453 487 523 530 τὸν
540 491 614 530 τοῦ
633 485 788 544 ταύρου
807 488 922 529 κίονα
940 485 1106 542 ἔστησεν
1128 485 1150 529 ὃ
1171 487 1299 544 μέγας
1323 485 1565 538 Θεοδόσιος,
1594 483 1692 543 τρό-

209 574 313 599 παια
342 558 409 599 καὶ
439 554 576 611 μάχας
608 555 751 610 ἔχοντα
778 555 884 598 κατὰ
914 557 1094 599 Σκυθῶν
1114 558 1183 599 καὶ
1203 555 1431 615 βαρβάρων
1452 559 1525 599 τοῦ
1550 555 1724 599 αὖτοῦ.5

210 623 290 680 ἔχει
321 626 366 668 δὲ
395 619 512 675 οὗτος
540 624 707 668 ἔνδοθεν
738 626 806 668 καὶ
836 623 934 667 ὁδὸν
967 624 1053 668 ἄνω
1085 626 1304 684 φέρουσαν.
1374 627 1440 668 καὶ
1468 622 1489 667 ὅ
1516 624 1620 667 κατὰ
1643 623 1690 667 τὸ

210 694 401 752 ἄμφοδον
426 694 471 736 δὲ
492 692 619 745 ἕστὼς
642 691 816 749 ἱππότης
834 691 959 746 αῦτός
976 694 1084 738 ἔστιν
1101 692 1123 737 ὅ
1145 695 1273 752 με’γας
1294 693 1539 745 Θεοδόσιος,
1569 699 1691 750 χεῖρα

208 765 346 807 τείνων
378 762 514 814 δεξιὰν
546 763 651 822 πρὸς
682 763 757 820 τὴν
785 761 926 819 πόλιν,
963 765 1033 807 καὶ
1053 764 1210 816 δεικνὺς
1232 764 1285 808 τὰ
1309 763 1611 822 ἐγγεγραμμένα
1631 765 1691 821 τῷ

209 831 344 892 στόλῳ
368 831 557 889 τρόπαια.

338 899 431 944 Ὅτι
465 899 486 944 ὃ
511 905 692 957 χαλκοῦς
709 905 812 956 βοῦς
833 900 876 945 ἐκ
899 898 1127 959 Περγάμου
1149 895 1277 959 ἦλθε,
1313 898 1484 958 κάμινος
1507 900 1553 944 δὲ
1573 894 1623 956 ἦν
1647 899 1690 943 ἓν
1702 905 1742 942 10

205 964 234 1027 ᾗ
257 969 478 1028 πὲφλεκται
505 969 527 1013 ὁ
553 969 667 1027 ἅγιος
688 970 849 1028 μάρτυς
867 970 1085 1022 Ἀντίπας.

335 1039 427 1083 ’Ότι
458 1039 511 1082 τὰ
526 1034 851 1098 Ἀμαστριανοῦ
879 1041 1036 1096 λέγεται
1059 1039 1136 1083 εἴτε
1160 1035 1373 1089 ἀπότινος
1395 1036 1581 1087 εὐτελοῦς
1607 1054 1691 1079 πα-

203 1108 324 1166 τρίδα
347 1107 508 1163 ἔχοντος
528 1109 602 1165 τὴν
615 1109 879 1166 ”Αμαστριν,
914 1107 1110 1159 ἐλθόντος
1129 1126 1172 1152 τε
1194 1107 1300 1151 κατὰ
1322 1105 1462 1147 πενίαν
1481 1106 1523 1148 ἓν
1542 1109 1594 1163 τῇ
1612 1104 1691 1148 πό-

205 1181 264 1220 λει
285 1177 405 1220 κάκεῖ
416 1177 728 1231 τελευτήσαντος
739 1209 752 1228 ,
787 1177 864 1219 εἴτε
884 1174 964 1217 ἀπὸ
983 1175 1169 1231 ἐνεργοῦς
1188 1178 1262 1229 τῆς
1281 1177 1356 1216 τοῦ
1377 1172 1503 1216 τόπου
1526 1176 1690 1232 δυσφη-

205 1246 323 1300 μίας,
360 1244 421 1288 ὅτι
439 1249 521 1295 πᾶς
539 1249 765 1302 κακοῦργος
785 1246 852 1287 καὶ
872 1243 1020 1301 φονεὺς
1037 1241 1188 1287 αῦτόθι
1207 1240 1354 1286 τιννῦει
1373 1243 1487 1298 δίκην
1496 1274 1510 1295 ,
1544 1247 1686 1299 κλῆσιν
1700 1249 1742 1286 15

157 1319 188 1355 C
211 1314 353 1369 ἔλαχεν
375 1315 585 1370 αῗσχίστην
607 1319 680 1369 τῆς
699 1312 992 1370 Παφλαγόνων
1010 1313 1136 1356 ἕνεκεν
1153 1313 1387 1369 βδελυρίας.
1455 1307 1506 1368 ἦν
1528 1313 1575 1355 δέ
1592 1330 1689 1356 ποτε

204 1383 303 1434 ναὸς
321 1383 510 1439 μέγιστος
530 1382 682 1426 αὐτόθι
696 1381 842 1425 εΗλιόυ
865 1384 933 1425 καὶ
956 1379 1158 1437 Σελήνης,
1194 1375 1243 1424 οὗ
1268 1382 1372 1439 πρὸς
1395 1379 1544 1438 ἄρκτον
1564 1384 1690 1434 κίονες

205 1452 422 1508 στοιχηδὸν
461 1450 734 1508 εἷστήκεισαν,
775 1451 902 1507 μέσον
942 1452 987 1494 δὲ
1023 1449 1174 1502 κόλπος
1211 1447 1279 1493 οἷα
1318 1448 1466 1506 κόγχης
1501 1449 1688 1508 εὖγύρου,

202 1520 384 1579 ῦπερθεν
417 1523 461 1564 δὲ
493 1522 620 1578 αὐτῆς
643 1520 791 1571 (Ἡλιος
821 1521 886 1563 ἐπὶ
915 1524 1062 1564 λευκοῦ
1094 1519 1280 1579 ἅρματος
1288 1551 1302 1572 ,
1333 1518 1359 1575 ἦ
1385 1521 1429 1562 δὲ
1455 1514 1507 1562 αὖ
1530 1519 1686 1577 Σελήνη

203 1595 417 1649 νυμφικῶς
432 1591 651 1646 ἐστεμμένη
670 1590 741 1649 ἐφ’
763 1587 1012 1648 ἁρμαμάξης
1030 1588 1164 1646 ἤγετο.
1198 1587 1407 1640 Βύζαντος
1427 1587 1524 1644 ἴργα
1541 1594 1684 1642 ταῦτα,
1698 1597 1742 1633 20

203 1664 278 1702 τοῦ
312 1661 552 1710 Φειδαλείας
585 1659 831 1710 ξυνευνέτου.
899 1657 1010 1702 κάτω
1038 1660 1082 1701 δὲ
1108 1658 1211 1715 πρὸς
1226 1658 1417 1711 θέμεθλα
1437 1657 1568 1712 δόμου
1589 1658 1688 1702 ἐκά-

205 1727 314 1784 θητό
336 1746 397 1779 τις
417 1733 671 1784 σκηπτοῦχος
691 1730 755 1771 ἐπὶ
775 1724 933 1786 θρόνου
943 1759 958 1781 ,
993 1729 1062 1770 καὶ
1081 1731 1194 1778 λαοῖς
1212 1726 1392 1769 ἐκέλευσε
1410 1733 1495 1778 τοῖς
1510 1733 1688 1786 κρατοῦ-

201 1903 297 1939 tibus
331 1902 532 1939 illudentes.
580 1913 717 1938 rursum
744 1901 805 1938 alii
828 1902 1070 1939 adolescentes
1095 1901 1320 1938 subsidentes
1343 1902 1458 1938 aereis
1478 1903 1574 1939 tubis
1598 1916 1687 1941 ven-

202 1949 441 2031 ἓέἶοῖἓῗαηῑς
472 1954 509 1985 et
539 1949 654 1995 imago
687 1961 791 1985 cerea
820 1949 859 1986 in
887 1950 1029 1986 sublimi
1057 1950 1181 1985 volans
1212 1954 1335 1985 acutos
1366 1950 1472 1985 flatus
1504 1957 1688 1989 ventorum

297 2064 412 2099 Tauri
438 2068 588 2099 statuam
609 2064 729 2110 posuit
750 2075 896 2110 magnus
919 2062 1168 2108 Theodosius,
1193 2074 1275 2098 suas
1294 2066 1418 2099 contra
1432 2064 1586 2110 Scythas
1602 2079 1688 2103 con-

203 2110 373 2145 tinentem
406 2122 543 2156 pugnas
574 2116 610 2145 et
641 2111 686 2145 de
722 2111 768 2146 iis
802 2115 937 2146 statuta
969 2116 1130 2156 tropaea.
1179 2110 1285 2145 habet
1312 2109 1408 2145 intus
1433 2112 1525 2146 viam
1551 2125 1689 2150 sursum

202 2158 390 2192 ferentem.
440 2168 547 2202 eques
578 2168 684 2202 porro
717 2157 755 2192 in
789 2158 887 2192 bivio
918 2158 1057 2204 positus
1087 2157 1166 2203 ipse
1201 2162 1257 2191 est
1279 2168 1425 2201 magnus
1449 2158 1688 2207 Theodosius,

202 2204 361 2238 dextram
394 2214 521 2239 versus
546 2205 668 2239 urbem
691 2204 900 2251 intendens,
936 2215 979 2240 ac
1011 2209 1209 2239 monstrans
1240 2202 1414 2249 inscripta
1442 2210 1581 2242 statuae
1611 2213 1689 2243 tro-

199 2261 305 2296 paea.

294 2313 366 2354 Bos
397 2330 522 2354 aereus
552 2318 726 2364 Pergamo
758 2317 828 2354 fuit
858 2316 996 2354 allatus.
1045 2316 1200 2353 caminus
1231 2317 1317 2365 fuit,
1352 2318 1391 2354 in
1417 2331 1486 2366 qua
1509 2325 1608 2356 ustus
1633 2326 1689 2358 est

201 2364 352 2412 Antipas
375 2371 518 2400 sanctus
541 2372 687 2410 martyr.

295 2434 516 2470 Amastriana
556 2439 672 2470 autem
711 2434 874 2470 dicuntur
906 2432 984 2468 sive
1015 2445 1038 2469 a
1070 2432 1224 2479 quodam
1250 2444 1409 2480 paupere
1435 2433 1499 2479 =qui
1533 2435 1687 2471 Amastri

203 2480 371 2516 oriundus
405 2482 442 2516 in
476 2483 597 2516 urbem
630 2481 850 2527 paupertatis
882 2491 990 2515 causa
1019 2479 1136 2524 venit,
1176 2478 1296 2526 ibique
1319 2487 1475 2515 mortuus
1500 2487 1575 2525 est,
1607 2483 1686 2517 sive

204 2527 248 2560 ab
281 2527 425 2562 infamia
455 2527 526 2562 loci
558 2528 634 2562 eius
665 2528 834 2571 maxima,
865 2527 959 2572 quod
983 2526 1035 2561 ibi
1058 2525 1208 2560 malefici
1233 2531 1269 2560 et
1290 2526 1487 2561 homicidae
1510 2528 1685 2574 supplicio

204 2572 427 2619 afficiuntur,
462 2573 700 2620 turpissimam
732 2573 1050 2609 denominationem
1085 2572 1224 2618 accepit
1250 2578 1397 2618 propter
1419 2573 1684 2619 Paphlagonum

204 2619 410 2654 sceleratam
441 2620 563 2655 vitam.
611 2620 680 2655 fuit
712 2619 899 2666 aliquando
924 2619 976 2653 ibi
998 2618 1180 2654 maximum
1210 2618 1375 2665 templum
1398 2619 1482 2654 solis
1507 2626 1544 2654 et
1565 2621 1683 2666 lunae,

203 2662 242 2697 in
275 2676 343 2709 quo
378 2678 502 2701 versus
533 2667 808 2712 septentrionem
838 2665 963 2700 ordine
992 2670 1133 2700 statuae
1162 2667 1321 2700 stabant:
1356 2665 1394 2700 in
1428 2667 1542 2701 medio
1567 2673 1685 2701 autem

202 2709 298 2744 sinus
325 2717 401 2746 erat
425 2713 578 2747 conchae
601 2713 723 2748 similis
746 2711 941 2755 rotundae,
965 2722 1074 2758 super
1096 2723 1197 2757 quem
1220 2711 1273 2746 sol
1297 2711 1334 2746 in
1359 2711 1438 2746 albo
1466 2724 1588 2757 curru,
1611 2719 1685 2748 tum

200 2753 283 2789 luna
307 2758 479 2801 nymphae
503 2759 540 2794 in
565 2771 694 2794 morem
718 2764 886 2794 coronata
908 2758 1002 2804 bigis
1026 2757 1233 2793 vehebatur.
1293 2758 1466 2802 Byzantis
1489 2759 1559 2794 ista
1582 2766 1686 2794 erant

203 2813 333 2846 opera,
365 2803 546 2840 Phidaliae
579 2806 710 2841 mariti.
757 2805 898 2840 inferne
928 2810 1045 2839 autem
1073 2804 1119 2838 ad
1150 2803 1248 2838 aedis
1279 2804 1507 2840 fundamenta
1535 2807 1685 2841 sedebat

204 2848 344 2892 quidam
379 2851 577 2896 sceptriger
610 2852 647 2887 in
681 2851 794 2898 solio,
837 2850 1075 2898 populumque
1106 2849 1254 2886 iubebat
1286 2851 1509 2897 magistratui
1541 2863 1684 2900 parere.
