1742 3184
388 199 786 244 HISTORIARUM
816 198 1213 245 COMPENDIUM.
1443 201 1541 248 381

73 313 203 358 αὐτοῦ
230 311 415 368 ἕνίβαλεν
445 311 467 356 ὅ
498 312 677 371 ἀδελφὸς
697 311 825 357 αὐτοῦ
841 313 1094 369 Δομετιανὸς
1113 315 1168 366 εἷς
1186 310 1369 372 λάρνακα
1386 315 1546 371 ξυλίνην

69 381 208 438 χιόνος
229 383 435 439 γε’μουσαν
456 381 512 434 ὥς
533 384 660 438 δῆθεν
683 380 973 440 θεραπεύσων,
1003 386 1071 427 καὶ
1097 383 1333 427 ἀπέκτεινεν.
1403 382 1425 426 ὅ
1449 389 1546 440 γοῦν

71 450 309 507 θαυμάσιος
339 457 464 503 Τῖτος
491 450 830 509 φιλοσοφώτατος
855 454 922 494 καὶ
951 451 1269 510 εὐγλωττότατος
1287 454 1356 495 καὶ
1376 457 1545 508 πολεμι-
1570 456 1601 491 C

11 515 13 518 ”
71 518 254 571 κῶτατος
288 523 355 563 καὶ
385 522 550 578 μέτριος
573 520 677 577 ἄγαν
704 519 921 579 ὑπάρχων,
954 524 1022 565 καὶ
1050 523 1300 581 ἀγαθοεργιά
1323 525 1454 579 πολλῇ
1478 525 1547 565 καὶ

37 587 318 647 ὅσωφροσύνῃ
351 591 420 632 καὶ
451 589 686 647 δικαιοσύνῃ
716 592 784 632 καὶ
816 588 1011 647 φρονήσει
1036 589 1332 646 κοσμούμενος,
1375 592 1547 647 ἔκδηλο-

69 659 191 716 τὲραν
217 658 345 701 ἅπασι
373 660 562 712 πεποίηκε
593 658 668 714 τὴν
696 657 845 701 ἑαυτοῦ
875 659 1140 714 συμπάθειαν
1160 661 1202 702 ἓν
1222 665 1272 718 τῇ
1294 658 1442 704 ἁλώσει
1473 665 1547 715 τῆς

63 725 352 784 Ἰερουσαλήμ.
420 726 588 785 σφόδρα
618 728 695 785 γὰρ
722 728 918 784 ἐπένθησε
940 730 1036 780 τοὺς
1056 728 1286 785 θεηλάτους
1312 729 1547 781 Ἰουδαίους

67 795 181 848 τότε,
218 798 284 839 καὶ
315 799 474 851 μᾶλλον
498 797 569 840 τὸν
595 800 710 840 θεῖον
732 797 831 840 ναὸν
852 799 1185 855 πυρπολούμενον
1205 797 1311 855 ὁρῶν
1333 797 1547 855 ἐδάκρυσε,

68 867 136 908 καὶ
152 865 224 909 τὸν
241 865 343 909 θεὸν
365 864 600 920 ἕδυσώπησε
625 873 758 920 τυχεῖν
784 867 918 918 ἐλέους
937 870 1004 910 καὶ
1030 866 1289 924 συγγνώμης,
1325 867 1384 909 δι’
1415 862 1464 910 οὗ
1497 868 1546 911 οὗ

11 943 61 979 -10
71 935 175 978 κατὰ
194 934 268 990 τὴν
287 933 434 978 ἑαυτοῦ
452 936 689 993 προαίρεσιν
705 940 835 978 ταῦτα
854 935 1061 991 γεγόνασιν
1078 937 1183 979 ἀλλὰ
1203 936 1271 979 διὰ
1291 936 1364 992 τήν
1388 938 1546 980 ἐκείνων

67 1008 272 1060 θεοστυγῆ
298 1006 558 1062 δυστροπιάν.
628 1002 726 1047 ὅθεν
748 1004 799 1059 δὴ
824 1005 927 1058 μετὰ
945 1006 1019 1061 την
1039 1005 1191 1049 ἅλωσιν
1209 1006 1311 1063 πρὸς
1329 1005 1425 1057 τοὺς
1442 1006 1544 1048 ἄνα-

68 1071 340 1130 κηρύττοντας
358 1073 482 1116 αὐτὸν
499 1072 661 1128 νικητὴν
680 1075 746 1116 καὶ
767 1080 1039 1130 τροπαιοῦχον
1060 1077 1249 1118 διωθεῖτο
1268 1074 1342 1125 τὰς
1360 1074 1544 1132 ἀναρρή-

69 1159 173 1194 σεις,
209 1140 265 1194 ὥς
293 1143 367 1186 οὐκ
396 1142 519 1193 αὐτὸς
547 1140 764 1200 εἰργάσθαι
786 1147 916 1186 ταῦτα
938 1143 1099 1202 φήσας,
1135 1144 1239 1186 ἀλλὰ
1260 1142 1453 1202 θεηλάτῳ
1475 1147 1545 1187 καὶ

66 1213 164 1271 θείᾳ
183 1210 283 1269 ὀργῇ
301 1215 643 1269 καθυπουργῆσαι
667 1214 732 1254 καὶ
755 1211 829 1262 τὰς
841 1220 982 1268 χεῖρας
1011 1214 1305 1255 ἐπιδεδωκέναι.
1372 1213 1540 1256 κάντεῦ-
1561 1216 1594 1251 D

13 1286 56 1324 15
69 1284 146 1323 θεν
171 1283 305 1323 τοίνυν
334 1280 403 1323 διὰ
433 1280 507 1335 τὴν
541 1280 686 1337 ἀρετὴν
709 1281 836 1323 αὐτοῦ
857 1283 924 1324 καὶ
947 1280 1319 1339 ταπεινοφροσύνην
1336 1283 1543 1340 παγγέρα-

67 1366 164 1399 στος
182 1351 249 1392 καὶ
270 1350 571 1407 πανεπὲραστος
588 1348 797 1405 γενόμενος
817 1350 946 1401 οὕτως
967 1348 1210 1405 ἐτελεύτησε.
1276 1356 1469 1401 τοσοῦτος
1496 1353 1542 1394 δὲ

65 1421 222 1475 θρῆνος
245 1418 311 1460 ἐπὶ
335 1422 387 1474 τῇ
410 1422 573 1476 τελευτῇ
605 1418 731 1461 αὐτοῦ
761 1419 926 1474 κατέσχε
957 1419 1031 1475 τὴν
1058 1418 1219 1475 Ῥώμην
1250 1416 1305 1470 ὥς
1335 1421 1376 1462 ἓν
1401 1418 1542 1479 χρόνῳ

66 1490 207 1545 πολλῷ
235 1491 380 1531 τοῦτον
408 1486 806 1542 ἀπομνημονεύοντες
832 1490 900 1530 καὶ
928 1489 1003 1540 τὰς
1029 1489 1176 1546 ἀρετὰς
1200 1488 1327 1531 αὐτοῦ
1350 1488 1542 1545 ἀναλογι-

67 1553 226 1610 ζόμενοι
260 1556 437 1615 δημοσίᾳ
474 1557 543 1598 καὶ
580 1556 675 1599 κατ’
707 1556 842 1608 οἴκους
867 1559 1040 1610 κλαιέιν,
1085 1556 1221 1615 ὥσπερ
1251 1558 1382 1616 οἲκείῳ
1413 1557 1542 1606 πάθειΙ

10 1621 331 1680 2οκατεχόμενος
356 1624 536 1675 ἕκαστος.

205 1697 279 1752 Τῷ
301 1694 474 1752 δευτέρῳ
494 1693 571 1737 ἔτει
590 1691 735 1737 τούτου
758 1694 885 1750 με’γας
906 1693 1145 1751 ἐμπρησμὸς
1165 1693 1208 1736 ἓν
1219 1690 1356 1751 Ῥώμῃ
1375 1693 1543 1750 ε’γὲνετο.

66 1763 135 1805 καὶ
160 1766 235 1817 τῆς
256 1761 483 1819 συγκλήτου
506 1764 800 1821 ψηφισαμένης
826 1767 949 1814 Τῖτος
969 1763 1070 1814 θεὸς
1090 1762 1363 1819 ἀνηγορεύθη.
1423 1757 1543 1815 οὗτος

54 1828 89 1873 4ὅ
122 1835 246 1883 Τῖτος
275 1832 318 1875 ἐν
350 1833 466 1875 ὁυσὶν
494 1830 621 1876 ἔτεσιν
646 1832 899 1890 παραλαβών
919 1832 994 1889 τὴν
1009 1831 1277 1890 Ἰερουσαλὴμ
1298 1837 1435 1876 πᾶσαν
1455 1834 1542 1876 ἐνί-

160 1952 206 1989 16
227 1950 529 1997 πανεπὲργαστος
552 1951 582 1987 P

64 2058 199 2090 tantem
234 2054 348 2090 frater
377 2054 597 2091 Domitianus
622 2054 659 2089 in
681 2054 805 2091 cistam
827 2054 978 2101 ligneam
1007 2053 1091 2089 nive
1144 2054 1255 2089 lenam
1278 2053 1432 2090 coniecit
1455 2058 1535 2091 tan-

64 2113 168 2147 quam
189 2101 380 2136 remedium
403 2101 644 2146 adhibiturus,
668 2107 774 2148 atque
793 2103 845 2138 ita
861 2101 1057 2137 interfecit.
1104 2100 1115 2134 i
1143 2113 1163 2135 e
1185 2100 1299 2146 igitur
1321 2101 1448 2146 dignus
1471 2103 1537 2137 ad-

64 2147 251 2182 miratione
274 2147 381 2182 Titus
405 2147 626 2193 philosophia
657 2148 815 2194 apprime
847 2150 1038 2191 formatus,
1073 2146 1396 2192 eloquentissimus,
1432 2147 1535 2182 belli-

63 2193 267 2228 cosissimus
292 2198 399 2238 atque
421 2193 737 2239 moderatissimus,
761 2194 1066 2238 beneficentiaque
1088 2193 1322 2238 temperantia
1344 2193 1483 2228 iustitia
1501 2199 1539 2229 et

64 2240 252 2286 prudentia
273 2239 405 2284 insigni
428 2247 588 2284 ornatus,
612 2240 649 2274 in
672 2240 811 2276 excidio
834 2241 981 2276 maxime
1004 2239 1329 2284 Hierosolymorum
1350 2250 1446 2274 suam
1469 2239 1539 2274 mi-

64 2286 206 2321 serandi
242 2286 551 2331 promptitudinem
589 2286 854 2323 demonstravit.
916 2286 1142 2320 vehementer
1177 2285 1268 2319 enim
1300 2290 1384 2320 tunc
1415 2297 1437 2319 a
1468 2287 1536 2321 deo

65 2332 262 2378 exagitatos
284 2332 484 2378 deploravit
503 2332 672 2376 Iudaeos3
704 2334 886 2379 magisque
909 2331 1014 2366 etiam
1037 2330 1278 2375 illacrimavst,
1310 2342 1386 2366 cum
1410 2332 1535 2367 aedem

63 2378 124 2414 dei
145 2379 286 2414 videret
306 2378 468 2420 incendi;
494 2384 729 2424 precatusque
752 2386 807 2415 est
831 2392 852 2414 a
875 2380 943 2414 deo
966 2377 1125 2422 veniam,
1149 2377 1243 2422 quod
1267 2388 1338 2411 nou
1360 2389 1424 2412 sua
1445 2378 1535 2413 haec

62 2424 265 2468 voluntate,
299 2425 362 2459 sed
386 2426 431 2459 ob
454 2423 594 2469 impiam
616 2425 823 2460 Iudaeorum
846 2424 1115 2471 perversitatem
1141 2423 1338 2458 evenirent.
1387 2434 1536 2470 cumque

62 2472 151 2506 urbe
174 2470 294 2505 excisa
316 2482 393 2505 eum
415 2470 471 2505 sui
494 2470 662 2505 victorem
686 2477 793 2516 atque
822 2469 1064 2515 triumphalem
1091 2469 1359 2514 praedicarent,
1394 2471 1534 2516 respuit

63 2529 124 2552 eas
148 2516 420 2563 appellationes,
457 2517 578 2551 dicens
602 2529 672 2551 non
694 2529 734 2552 se
756 2518 825 2552 ista
848 2517 1022 2563 gessisse,
1057 2516 1121 2550 sed
1145 2515 1287 2550 divinae
1310 2515 1387 2550 irae
1411 2527 1536 2552 manus

62 2563 343 2598 accommodasse
377 2574 420 2597 ac
453 2562 691 2598 administrum
724 2564 848 2598 fnisse.
895 2563 979 2597 inde
1010 2573 1087 2596 cum
1119 2561 1252 2596 virtute
1276 2573 1340 2596 sua
1365 2566 1401 2596 et
1425 2562 1535 2598 animi

62 2609 274 2644 demissione
297 2610 335 2644 in
357 2609 491 2644 honore
514 2614 550 2644 et
573 2620 691 2643 amore
713 2611 863 2644 omnium
885 2614 998 2652 esset,
1023 2619 1065 2642 eo
1089 2618 1158 2652 quo
1182 2607 1332 2642 diximus
1354 2609 1457 2644 modo
1475 2609 1534 2644 in-

62 2655 173 2691 teriit.
218 2659 339 2690 tantus
371 2661 486 2690 autem
521 2655 595 2690 eins
627 2661 738 2690 morte
774 2657 906 2691 Romae
930 2654 1042 2688 luctus
1070 2654 1215 2688 obortus
1238 2654 1326 2698 fnit,
1363 2659 1402 2690 ut
1422 2655 1531 2690 multo

60 2706 221 2747 tempore
251 2701 402 2736 virtutes
435 2702 511 2736 eius
541 2707 848 2737 commemorantes
873 2706 979 2746 atque
1000 2705 1206 2745 reputantes
1229 2700 1369 2746 publice
1396 2706 1432 2736 et
1453 2701 1532 2748 pri-

60 2748 170 2783 vatim
192 2759 257 2793 per
283 2748 405 2783 domos
427 2753 591 2792 tanquam
614 2758 676 2782 sno
700 2747 850 2793 quisque
871 2746 1064 2782 infortunio
1086 2751 1231 2792 accepto
1255 2746 1448 2792 plorarent.

151 2794 253 2830 Anno
276 2794 352 2829 eius
375 2796 528 2830 secundo
553 2804 711 2839 magnum
735 2794 804 2829 fuit
826 2795 958 2829 Romae
980 2792 1192 2827 incendium.
1239 2804 1283 2828 ac
1299 2793 1342 2828 S.
1359 2794 1403 2828 C.
1422 2792 1530 2829 Titus

59 2839 146 2876 deus
170 2840 364 2886 appellatus
387 2846 453 2876 est.
501 2840 532 2875 is
556 2839 662 2874 Titus
681 2836 833 2875 biennali
851 2838 1035 2874 obsidione
1052 2837 1301 2884 Hierosolyma
1319 2839 1415 2886 cepit
1433 2852 1527 2874 eam-

59 2897 129 2932 que
151 2892 260 2923 totam
281 2887 451 2923 cremavit
474 2891 579 2932 atque
602 2885 756 2931 delevit,
785 2885 1018 2933 templumque
1039 2885 1216 2931 incendit,
1239 2885 1347 2922 sicuti
1367 2886 1528 2922 dominus
