<?xml version="1.0" encoding="UTF-8"?>
<!DOCTYPE html PUBLIC "-//W3C//DTD XHTML 1.0 Transitional//EN"
    "http://www.w3.org/TR/xhtml1/DTD/xhtml1-transitional.dtd">
<html xmlns="http://www.w3.org/1999/xhtml" xml:lang="en" lang="en">
 <head>
  <title>
</title>
<meta http-equiv="Content-Type" content="text/html;charset=utf-8" />
  <meta name='ocr-system' content='tesseract 3.04.00' />
  <meta name='ocr-capabilities' content='ocr_page ocr_carea ocr_par ocr_line ocrx_word'/>
</head>
<body>
  <div class='ocr_page' id='page_1' title='image "./corpusscriptorum13niebuoft_0534.png"; bbox 0 0 1742 3184; ppageno 0'>
   <div class='ocr_carea' id='block_1_1' title="bbox 210 181 1209 250">
    <p class='ocr_par' dir='ltr' id='par_1_1' title="bbox 210 181 1209 250">
     <span class='ocr_line' id='line_1_1' title="bbox 210 181 1209 250; baseline -0.003 -20"><span class='ocrx_word' id='word_1_1' title='bbox 210 185 312 231; x_wconf 87' lang='grc'><strong>510</strong></span> <span class='ocrx_word' id='word_1_2' title='bbox 688 182 927 250; x_wconf 87' lang='lat' dir='ltr'>GEORGII</span> <span class='ocrx_word' id='word_1_3' title='bbox 961 181 1209 227; x_wconf 86' lang='lat' dir='ltr'>CEDRENI</span> 
     </span>
    </p>
   </div>
   <div class='ocr_carea' id='block_1_2' title="bbox 153 295 1742 1752">
    <p class='ocr_par' dir='ltr' id='par_1_2' title="bbox 153 295 1742 1752">
     <span class='ocr_line' id='line_1_2' title="bbox 208 295 1692 357; baseline -0.001 -14"><span class='ocrx_word' id='word_1_4' title='bbox 208 300 401 352; x_wconf 74' lang='grc' dir='ltr'><em>ἓξελεῖταί</em></span> <span class='ocrx_word' id='word_1_5' title='bbox 417 317 485 353; x_wconf 83' lang='grc' dir='ltr'><em>σε,</em></span> <span class='ocrx_word' id='word_1_6' title='bbox 522 301 590 342; x_wconf 84' lang='grc' dir='ltr'><strong>καὶ</strong></span> <span class='ocrx_word' id='word_1_7' title='bbox 620 297 806 351; x_wconf 77' lang='grc' dir='ltr'><em>δοξάσεις</em></span> <span class='ocrx_word' id='word_1_8' title='bbox 826 295 994 341; x_wconf 74' lang='grc' dir='ltr'><em>αὖτόν.”</em></span> <span class='ocrx_word' id='word_1_9' title='bbox 1066 301 1135 341; x_wconf 77' lang='grc' dir='ltr'><strong>καὶ</strong></span> <span class='ocrx_word' id='word_1_10' title='bbox 1168 297 1276 343; x_wconf 73' lang='grc' dir='ltr'><em>οὕτω</em></span> <span class='ocrx_word' id='word_1_11' title='bbox 1308 299 1383 355; x_wconf 71' lang='grc' dir='ltr'><strong>μὲν</strong></span> <span class='ocrx_word' id='word_1_12' title='bbox 1411 297 1486 344; x_wconf 69' lang='grc' dir='ltr'><strong>οὒκ</strong></span> <span class='ocrx_word' id='word_1_13' title='bbox 1517 296 1692 357; x_wconf 66' lang='grc' dir='ltr'><em>ἐρρήθη,</em></span> 
     </span>
     <span class='ocr_line' id='line_1_3' title="bbox 210 368 1692 428; baseline -0.001 -15"><span class='ocrx_word' id='word_1_14' title='bbox 210 371 365 428; x_wconf 70' lang='grc' dir='ltr'><em>εἴρηται</em></span> <span class='ocrx_word' id='word_1_15' title='bbox 398 371 442 413; x_wconf 79' lang='grc' dir='ltr'><strong>δὲ</strong></span> <span class='ocrx_word' id='word_1_16' title='bbox 470 368 525 420; x_wconf 85' lang='grc' dir='ltr'><strong>ῶς</strong></span> <span class='ocrx_word' id='word_1_17' title='bbox 549 370 717 426; x_wconf 76' lang='grc' dir='ltr'><em>εἴρηται.</em></span> <span class='ocrx_word' id='word_1_18' title='bbox 786 373 932 426; x_wconf 81' lang='grc' dir='ltr'><strong><em>σαφῶς</em></strong></span> <span class='ocrx_word' id='word_1_19' title='bbox 960 368 1040 426; x_wconf 82' lang='grc' dir='ltr'><strong>γὰρ</strong></span> <span class='ocrx_word' id='word_1_20' title='bbox 1073 369 1142 411; x_wconf 79' lang='grc' dir='ltr'><strong>διὰ</strong></span> <span class='ocrx_word' id='word_1_21' title='bbox 1172 368 1328 413; x_wconf 83' lang='grc' dir='ltr'><em>τούτων</em></span> <span class='ocrx_word' id='word_1_22' title='bbox 1357 372 1426 413; x_wconf 81' lang='grc' dir='ltr'><strong>καὶ</strong></span> <span class='ocrx_word' id='word_1_23' title='bbox 1461 370 1518 412; x_wconf 73' lang='grc' dir='ltr'><strong>δι’</strong></span> <span class='ocrx_word' id='word_1_24' title='bbox 1557 369 1692 412; x_wconf 78' lang='grc' dir='ltr'><em>ἄλλων</em></span> 
     </span>
     <span class='ocr_line' id='line_1_4' title="bbox 208 435 1692 496; baseline -0.001 -13"><span class='ocrx_word' id='word_1_25' title='bbox 208 445 371 483; x_wconf 83' lang='grc' dir='ltr'><em>πολλῶν</em></span> <span class='ocrx_word' id='word_1_26' title='bbox 397 439 423 496; x_wconf 77' lang='grc' dir='ltr'>ἡ</span> <span class='ocrx_word' id='word_1_27' title='bbox 454 441 610 482; x_wconf 87' lang='grc' dir='ltr'><em>παλαιὰ</em></span> <span class='ocrx_word' id='word_1_28' title='bbox 639 435 820 493; x_wconf 83' lang='grc' dir='ltr'><em>διαθήκη</em></span> <span class='ocrx_word' id='word_1_29' title='bbox 851 435 1039 495; x_wconf 80' lang='grc' dir='ltr'><em>κηρύττει</em></span> <span class='ocrx_word' id='word_1_30' title='bbox 1066 437 1130 481; x_wconf 83' lang='grc' dir='ltr'><em>ὅτι</em></span> <span class='ocrx_word' id='word_1_31' title='bbox 1156 439 1232 493; x_wconf 77' lang='grc' dir='ltr'><strong>οὐχ</strong></span> <span class='ocrx_word' id='word_1_32' title='bbox 1261 437 1352 490; x_wconf 70' lang='grc' dir='ltr'><em>ἑνὸς</em></span> <span class='ocrx_word' id='word_1_33' title='bbox 1374 438 1596 496; x_wconf 78' lang='grc' dir='ltr'><em>προσώπου</em></span> <span class='ocrx_word' id='word_1_34' title='bbox 1615 457 1692 494; x_wconf 89' lang='grc' dir='ltr'><strong>ση-</strong></span> 
     </span>
     <span class='ocr_line' id='line_1_5' title="bbox 204 507 1692 565; baseline -0.001 -13"><span class='ocrx_word' id='word_1_35' title='bbox 204 512 339 565; x_wconf 81' lang='grc' dir='ltr'><em>μαίνει</em></span> <span class='ocrx_word' id='word_1_36' title='bbox 374 510 624 560; x_wconf 78' lang='grc' dir='ltr'><em>δεσποτείαν,</em></span> <span class='ocrx_word' id='word_1_37' title='bbox 661 507 766 550; x_wconf 78' lang='grc' dir='ltr'><em>ἇλλὰ</em></span> <span class='ocrx_word' id='word_1_38' title='bbox 793 512 917 565; x_wconf 80' lang='grc' dir='ltr'><em>τριῶν</em></span> <span class='ocrx_word' id='word_1_39' title='bbox 945 508 1019 562; x_wconf 75' lang='grc' dir='ltr'><strong>μὲν</strong></span> <span class='ocrx_word' id='word_1_40' title='bbox 1044 507 1306 552; x_wconf 78' lang='grc' dir='ltr'><em>ὗποστάσεων</em></span> <span class='ocrx_word' id='word_1_41' title='bbox 1333 514 1433 564; x_wconf 80' lang='grc' dir='ltr'><em>μιᾶς</em></span> <span class='ocrx_word' id='word_1_42' title='bbox 1464 510 1508 551; x_wconf 82' lang='grc' dir='ltr'><strong>δὲ</strong></span> <span class='ocrx_word' id='word_1_43' title='bbox 1538 509 1692 559; x_wconf 79' lang='grc' dir='ltr'><em>οὐσίας,</em></span> 
     </span>
     <span class='ocr_line' id='line_1_6' title="bbox 202 575 1726 636; baseline -0.001 -15"><span class='ocrx_word' id='word_1_44' title='bbox 202 582 274 623; x_wconf 75' lang='lat' dir='ltr'><strong>‘iva</strong></span> <span class='ocrx_word' id='word_1_45' title='bbox 295 581 363 623; x_wconf 84' lang='grc' dir='ltr'><strong>καὶ</strong></span> <span class='ocrx_word' id='word_1_46' title='bbox 381 580 589 622; x_wconf 75' lang='grc' dir='ltr'><em>Ἰουδαίων</em></span> <span class='ocrx_word' id='word_1_47' title='bbox 609 575 849 635; x_wconf 77' lang='grc' dir='ltr'><em>στηλιτεύσῃ</em></span> <span class='ocrx_word' id='word_1_48' title='bbox 873 578 948 633; x_wconf 81' lang='grc' dir='ltr'><strong>τὴν</strong></span> <span class='ocrx_word' id='word_1_49' title='bbox 969 575 1025 629; x_wconf 81' lang='grc' dir='ltr'><strong>ὥς</strong></span> <span class='ocrx_word' id='word_1_50' title='bbox 1044 578 1115 635; x_wconf 68' lang='grc' dir='ltr'><strong>ἐφ’</strong></span> <span class='ocrx_word' id='word_1_51' title='bbox 1149 577 1238 629; x_wconf 71' lang='grc' dir='ltr'><em>ἑνὸς</em></span> <span class='ocrx_word' id='word_1_52' title='bbox 1265 577 1487 636; x_wconf 81' lang='grc' dir='ltr'><em>προσώπου</em></span> <span class='ocrx_word' id='word_1_53' title='bbox 1509 579 1583 633; x_wconf 82' lang='grc' dir='ltr'><strong>οὐχ</strong></span> <span class='ocrx_word' id='word_1_54' title='bbox 1599 576 1691 634; x_wconf 72' lang='grc' dir='ltr'><em>ὑγιῆ</em></span> <span class='ocrx_word' id='word_1_55' title='bbox 1704 583 1726 620; x_wconf 82' lang='lat'>5</span> 
     </span>
     <span class='ocr_line' id='line_1_7' title="bbox 206 646 1694 703; baseline -0.003 -10"><span class='ocrx_word' id='word_1_56' title='bbox 206 648 377 692; x_wconf 62' lang='grc' dir='ltr'><em>ἔννοιαν.</em></span> <span class='ocrx_word' id='word_1_57' title='bbox 446 646 508 698; x_wconf 77' lang='grc' dir='ltr'><strong>οἷς</strong></span> <span class='ocrx_word' id='word_1_58' title='bbox 525 649 592 690; x_wconf 82' lang='grc' dir='ltr'><strong>καὶ</strong></span> <span class='ocrx_word' id='word_1_59' title='bbox 615 647 841 702; x_wconf 77' lang='grc' dir='ltr'><em>Σαβέλλιος</em></span> <span class='ocrx_word' id='word_1_60' title='bbox 857 647 1154 703; x_wconf 73' lang='grc' dir='ltr'><em>ἠκολούθησεν.</em></span> <span class='ocrx_word' id='word_1_61' title='bbox 1222 648 1321 699; x_wconf 72' lang='grc' dir='ltr'><em>ἴσως</em></span> <span class='ocrx_word' id='word_1_62' title='bbox 1346 649 1390 691; x_wconf 80' lang='grc' dir='ltr'><strong>δὲ</strong></span> <span class='ocrx_word' id='word_1_63' title='bbox 1416 649 1459 691; x_wconf 72' lang='grc' dir='ltr'><strong>ἐκ</strong></span> <span class='ocrx_word' id='word_1_64' title='bbox 1487 652 1562 702; x_wconf 85' lang='grc' dir='ltr'><em>τῆς</em></span> <span class='ocrx_word' id='word_1_65' title='bbox 1589 646 1694 703; x_wconf 76' lang='grc' dir='ltr'><em>ἄγαν</em></span> 
     </span>
     <span class='ocr_line' id='line_1_8' title="bbox 206 715 1695 775; baseline -0.003 -12"><span class='ocrx_word' id='word_1_66' title='bbox 206 724 282 763; x_wconf 81' lang='grc' dir='ltr'><em>τοῦ</em></span> <span class='ocrx_word' id='word_1_67' title='bbox 303 720 397 762; x_wconf 78' lang='grc' dir='ltr'><em>υἱοῦ</em></span> <span class='ocrx_word' id='word_1_68' title='bbox 414 717 518 775; x_wconf 84' lang='grc' dir='ltr'><em>πρὸς</em></span> <span class='ocrx_word' id='word_1_69' title='bbox 536 717 607 760; x_wconf 84' lang='grc' dir='ltr'><strong>τὸν</strong></span> <span class='ocrx_word' id='word_1_70' title='bbox 627 717 785 774; x_wconf 74' lang='grc' dir='ltr'><em>πατέρα</em></span> <span class='ocrx_word' id='word_1_71' title='bbox 806 715 995 772; x_wconf 79' lang='grc' dir='ltr'><em>ἰσότητος</em></span> <span class='ocrx_word' id='word_1_72' title='bbox 1011 721 1070 768; x_wconf 73' lang='grc' dir='ltr'><strong>ἐἷς</strong></span> <span class='ocrx_word' id='word_1_73' title='bbox 1091 718 1137 761; x_wconf 84' lang='grc' dir='ltr'><em>τὸ</em></span> <span class='ocrx_word' id='word_1_74' title='bbox 1165 719 1265 773; x_wconf 87' lang='grc' dir='ltr'><em>μίαν</em></span> <span class='ocrx_word' id='word_1_75' title='bbox 1289 716 1516 761; x_wconf 73' lang='grc' dir='ltr'><em>ὑπόστασιν</em></span> <span class='ocrx_word' id='word_1_76' title='bbox 1536 720 1695 773; x_wconf 86' lang='grc' dir='ltr'><em>δογμα-</em></span> 
     </span>
     <span class='ocr_line' id='line_1_9' title="bbox 157 781 1696 845; baseline -0.002 -14"><span class='ocrx_word' id='word_1_77' title='bbox 157 792 187 826; x_wconf 87' lang='lat' dir='ltr'>C</span> <span class='ocrx_word' id='word_1_78' title='bbox 212 791 321 831; x_wconf 88' lang='grc' dir='ltr'><em>τίσαι</em></span> <span class='ocrx_word' id='word_1_79' title='bbox 357 788 600 845; x_wconf 79' lang='grc' dir='ltr'><em>νευρωθείς,</em></span> <span class='ocrx_word' id='word_1_80' title='bbox 626 820 628 823; x_wconf 29' lang='lat' dir='ltr'>v</span> <span class='ocrx_word' id='word_1_81' title='bbox 655 788 731 842; x_wconf 80' lang='grc' dir='ltr'><strong>τὴν</strong></span> <span class='ocrx_word' id='word_1_82' title='bbox 764 790 993 830; x_wconf 73' lang='grc' dir='ltr'><em>πολυθέίάν</em></span> <span class='ocrx_word' id='word_1_83' title='bbox 1019 785 1226 843; x_wconf 80' lang='grc' dir='ltr'><em>Ἑλλήνων</em></span> <span class='ocrx_word' id='word_1_84' title='bbox 1264 785 1579 845; x_wconf 75' lang='grc' dir='ltr'><em>ἐξωστράκισεν,</em></span> <span class='ocrx_word' id='word_1_85' title='bbox 1639 781 1696 829; x_wconf 74' lang='grc' dir='ltr'><strong>ὧν</strong></span> 
     </span>
     <span class='ocr_line' id='line_1_10' title="bbox 200 854 1695 915; baseline -0.003 -13"><span class='ocrx_word' id='word_1_86' title='bbox 200 857 375 915; x_wconf 76' lang='grc' dir='ltr'><em>”Αρειος</em></span> <span class='ocrx_word' id='word_1_87' title='bbox 398 859 466 900; x_wconf 86' lang='grc' dir='ltr'><strong>καὶ</strong></span> <span class='ocrx_word' id='word_1_88' title='bbox 486 855 692 911; x_wconf 83' lang='grc' dir='ltr'><em>Εὗνόμιος</em></span> <span class='ocrx_word' id='word_1_89' title='bbox 715 855 901 900; x_wconf 72' lang='grc' dir='ltr'><em>ἑάλωσαν</em></span> <span class='ocrx_word' id='word_1_90' title='bbox 925 855 1023 899; x_wconf 71' lang='grc' dir='ltr'><em>εἶναι</em></span> <span class='ocrx_word' id='word_1_91' title='bbox 1047 858 1258 914; x_wconf 75' lang='grc' dir='ltr'><em>φοιτηταί,</em></span> <span class='ocrx_word' id='word_1_92' title='bbox 1301 858 1377 913; x_wconf 83' lang='grc' dir='ltr'><strong>τὴν</strong></span> <span class='ocrx_word' id='word_1_93' title='bbox 1409 861 1490 900; x_wconf 85' lang='grc' dir='ltr'><strong>τῶν</strong></span> <span class='ocrx_word' id='word_1_94' title='bbox 1511 854 1695 900; x_wconf 70' lang='grc' dir='ltr'><em>ὑποστά-</em></span> 
     </span>
     <span class='ocr_line' id='line_1_11' title="bbox 208 925 1742 985; baseline -0.004 -15"><span class='ocrx_word' id='word_1_95' title='bbox 208 945 312 970; x_wconf 80' lang='grc' dir='ltr'><em>σεων</em></span> <span class='ocrx_word' id='word_1_96' title='bbox 343 927 549 985; x_wconf 80' lang='grc' dir='ltr'><em>διαφορὰν</em></span> <span class='ocrx_word' id='word_1_97' title='bbox 575 930 631 977; x_wconf 66' lang='grc' dir='ltr'><strong>ιῖς</strong></span> <span class='ocrx_word' id='word_1_98' title='bbox 660 927 733 982; x_wconf 83' lang='grc' dir='ltr'><strong>τὴν</strong></span> <span class='ocrx_word' id='word_1_99' title='bbox 758 926 900 970; x_wconf 74' lang='grc' dir='ltr'><em>οὐσίαν</em></span> <span class='ocrx_word' id='word_1_100' title='bbox 927 927 1172 984; x_wconf 80' lang='grc' dir='ltr'><em>παραλόγως</em></span> <span class='ocrx_word' id='word_1_101' title='bbox 1191 925 1444 978; x_wconf 71' lang='grc' dir='ltr'><em>ἑλκύσαντες.</em></span> <span class='ocrx_word' id='word_1_102' title='bbox 1515 929 1550 969; x_wconf 74' lang='grc' dir='ltr'><strong>εἰ</strong></span> <span class='ocrx_word' id='word_1_103' title='bbox 1569 926 1618 968; x_wconf 84' lang='grc' dir='ltr'><strong>δέ</strong></span> <span class='ocrx_word' id='word_1_104' title='bbox 1633 943 1695 976; x_wconf 87' lang='grc' dir='ltr'><em>τις</em></span> <span class='ocrx_word' id='word_1_105' title='bbox 1709 929 1742 965; x_wconf 83' lang='lat'><strong>1&lt;</strong></span> 
     </span>
     <span class='ocr_line' id='line_1_12' title="bbox 209 994 1695 1055; baseline -0.002 -16"><span class='ocrx_word' id='word_1_106' title='bbox 209 999 333 1055; x_wconf 90' lang='grc' dir='ltr'><em>φαιή,</em></span> <span class='ocrx_word' id='word_1_107' title='bbox 382 998 440 1052; x_wconf 85' lang='grc' dir='ltr'><strong>μὴ</strong></span> <span class='ocrx_word' id='word_1_108' title='bbox 482 1001 628 1054; x_wconf 83' lang='grc' dir='ltr'><em>σαφῶς</em></span> <span class='ocrx_word' id='word_1_109' title='bbox 662 998 729 1038; x_wconf 87' lang='grc' dir='ltr'><strong>καὶ</strong></span> <span class='ocrx_word' id='word_1_110' title='bbox 767 995 994 1054; x_wconf 74' lang='grc' dir='ltr'><em>διαρρήδην</em></span> <span class='ocrx_word' id='word_1_111' title='bbox 1027 999 1069 1047; x_wconf 74' lang='grc' dir='ltr'><strong>ἐξ</strong></span> <span class='ocrx_word' id='word_1_112' title='bbox 1102 997 1231 1054; x_wconf 81' lang='grc' dir='ltr'><em>ἀρχῆς</em></span> <span class='ocrx_word' id='word_1_113' title='bbox 1259 1002 1391 1040; x_wconf 78' lang='grc' dir='ltr'><em>ταῦτα</em></span> <span class='ocrx_word' id='word_1_114' title='bbox 1425 994 1695 1053; x_wconf 80' lang='grc' dir='ltr'><em>κεκήρυκται;</em></span> 
     </span>
     <span class='ocr_line' id='line_1_13' title="bbox 208 1064 1697 1125; baseline -0.002 -16"><span class='ocrx_word' id='word_1_115' title='bbox 208 1069 335 1125; x_wconf 83' lang='grc' dir='ltr'><em>φαίην</em></span> <span class='ocrx_word' id='word_1_116' title='bbox 356 1066 418 1109; x_wconf 79' lang='grc' dir='ltr'><em>ὅτι</em></span> <span class='ocrx_word' id='word_1_117' title='bbox 439 1065 620 1121; x_wconf 81' lang='grc' dir='ltr'><em>μάλιστα</em></span> <span class='ocrx_word' id='word_1_118' title='bbox 641 1073 726 1116; x_wconf 80' lang='grc' dir='ltr'><em>τοῖς</em></span> <span class='ocrx_word' id='word_1_119' title='bbox 749 1070 923 1117; x_wconf 73' lang='grc' dir='ltr'><em>συνετῶς</em></span> <span class='ocrx_word' id='word_1_120' title='bbox 940 1064 1134 1109; x_wconf 78' lang='grc' dir='ltr'><em>ἀκούουσι</em></span> <span class='ocrx_word' id='word_1_121' title='bbox 1157 1065 1330 1124; x_wconf 85' lang='grc' dir='ltr'><em>λαμπρά</em></span> <span class='ocrx_word' id='word_1_122' title='bbox 1362 1068 1469 1109; x_wconf 77' lang='grc' dir='ltr'><em>ἔστιν</em></span> <span class='ocrx_word' id='word_1_123' title='bbox 1499 1064 1601 1120; x_wconf 76' lang='grc' dir='ltr'><em>αὕτη</em></span> <span class='ocrx_word' id='word_1_124' title='bbox 1627 1066 1697 1106; x_wconf 86' lang='grc' dir='ltr'><strong>καὶ</strong></span> 
     </span>
     <span class='ocr_line' id='line_1_14' title="bbox 209 1133 1698 1193; baseline -0.003 -13"><span class='ocrx_word' id='word_1_125' title='bbox 209 1135 416 1187; x_wconf 79' lang='grc' dir='ltr'><em>ἀπόδειξις</em></span> <span class='ocrx_word' id='word_1_126' title='bbox 437 1138 506 1178; x_wconf 86' lang='grc' dir='ltr'><strong>καὶ</strong></span> <span class='ocrx_word' id='word_1_127' title='bbox 528 1137 798 1187; x_wconf 81' lang='grc' dir='ltr'><em>διδασκαλία,</em></span> <span class='ocrx_word' id='word_1_128' title='bbox 845 1133 901 1186; x_wconf 79' lang='grc' dir='ltr'><strong>ὡς</strong></span> <span class='ocrx_word' id='word_1_129' title='bbox 918 1137 985 1178; x_wconf 82' lang='grc' dir='ltr'><strong>καὶ</strong></span> <span class='ocrx_word' id='word_1_130' title='bbox 1004 1140 1063 1193; x_wconf 72' lang='grc' dir='ltr'><em>τῷ</em></span> <span class='ocrx_word' id='word_1_131' title='bbox 1081 1140 1198 1193; x_wconf 77' lang='grc' dir='ltr'><em>σοφῷ</em></span> <span class='ocrx_word' id='word_1_132' title='bbox 1221 1135 1333 1187; x_wconf 64' lang='grc' dir='ltr'><em>ἔδοξε</em></span> <span class='ocrx_word' id='word_1_133' title='bbox 1357 1137 1526 1178; x_wconf 83' lang='grc' dir='ltr'><em>Φίλωνι.</em></span> <span class='ocrx_word' id='word_1_134' title='bbox 1598 1137 1632 1176; x_wconf 70' lang='grc' dir='ltr'><strong>εἰ</strong></span> <span class='ocrx_word' id='word_1_135' title='bbox 1653 1134 1698 1176; x_wconf 81' lang='grc' dir='ltr'><strong>δὲ</strong></span> 
     </span>
     <span class='ocr_line' id='line_1_15' title="bbox 209 1203 1697 1262; baseline -0.003 -13"><span class='ocrx_word' id='word_1_136' title='bbox 209 1209 278 1249; x_wconf 86' lang='grc' dir='ltr'><strong>καὶ</strong></span> <span class='ocrx_word' id='word_1_137' title='bbox 308 1207 659 1260; x_wconf 70' lang='grc' dir='ltr'><em>συνεσκιασμένως</em></span> <span class='ocrx_word' id='word_1_138' title='bbox 693 1206 845 1262; x_wconf 75' lang='grc' dir='ltr'><em>ἐρρέθη</em></span> <span class='ocrx_word' id='word_1_139' title='bbox 856 1238 868 1256; x_wconf 98' lang='grc'><em>,</em></span> <span class='ocrx_word' id='word_1_140' title='bbox 918 1207 1042 1247; x_wconf 73' lang='grc' dir='ltr'><em>ἒκεῖνο</em></span> <span class='ocrx_word' id='word_1_141' title='bbox 1074 1207 1311 1261; x_wconf 72' lang='grc' dir='ltr'><em>λογίζεσθαι</em></span> <span class='ocrx_word' id='word_1_142' title='bbox 1338 1203 1448 1262; x_wconf 83' lang='grc' dir='ltr'><em>χρή,</em></span> <span class='ocrx_word' id='word_1_143' title='bbox 1496 1204 1559 1247; x_wconf 81' lang='grc' dir='ltr'><em>ὅτι</em></span> <span class='ocrx_word' id='word_1_144' title='bbox 1592 1204 1697 1246; x_wconf 82' lang='grc' dir='ltr'><em>Ἰου-</em></span> 
     </span>
     <span class='ocr_line' id='line_1_16' title="bbox 210 1274 1742 1332; baseline -0.002 -14"><span class='ocrx_word' id='word_1_145' title='bbox 210 1278 342 1326; x_wconf 87' lang='grc' dir='ltr'><em>δαίοις</em></span> <span class='ocrx_word' id='word_1_146' title='bbox 372 1283 456 1326; x_wconf 83' lang='grc' dir='ltr'><em>τοῖς</em></span> <span class='ocrx_word' id='word_1_147' title='bbox 489 1278 543 1325; x_wconf 76' lang='grc' dir='ltr'><strong>εἷς</strong></span> <span class='ocrx_word' id='word_1_148' title='bbox 574 1278 802 1318; x_wconf 83' lang='grc' dir='ltr'><em>πολυθ·εἰ’·αν</em></span> <span class='ocrx_word' id='word_1_149' title='bbox 822 1274 988 1332; x_wconf 77' lang='grc' dir='ltr'><em>ῥέπουσι</em></span> <span class='ocrx_word' id='word_1_150' title='bbox 1009 1279 1330 1330; x_wconf 79' lang='grc' dir='ltr'><em>νομοθετοῦντες</em></span> <span class='ocrx_word' id='word_1_151' title='bbox 1354 1275 1428 1317; x_wconf 84' lang='grc' dir='ltr'><strong>οὐκ</strong></span> <span class='ocrx_word' id='word_1_152' title='bbox 1449 1275 1698 1328; x_wconf 72' lang='grc' dir='ltr'><em>ἐδοκίμασαν</em></span> <span class='ocrx_word' id='word_1_153' title='bbox 1711 1275 1742 1310; x_wconf 69' lang='grc' dir='ltr'><strong>1ἕ</strong></span> 
     </span>
     <span class='ocr_line' id='line_1_17' title="bbox 210 1342 1699 1404; baseline -0.003 -16"><span class='ocrx_word' id='word_1_154' title='bbox 210 1345 418 1404; x_wconf 79' lang='grc' dir='ltr'><em>διαφορὰν</em></span> <span class='ocrx_word' id='word_1_155' title='bbox 436 1343 667 1402; x_wconf 82' lang='grc' dir='ltr'><em>προσώπων</em></span> <span class='ocrx_word' id='word_1_156' title='bbox 689 1347 928 1400; x_wconf 73' lang='grc' dir='ltr'><em>εἰσαγαγεῖν,</em></span> <span class='ocrx_word' id='word_1_157' title='bbox 960 1346 1030 1386; x_wconf 77' lang='grc' dir='ltr'><strong>ἵνα</strong></span> <span class='ocrx_word' id='word_1_158' title='bbox 1056 1345 1114 1399; x_wconf 85' lang='grc' dir='ltr'><strong>μὴ</strong></span> <span class='ocrx_word' id='word_1_159' title='bbox 1151 1342 1354 1402; x_wconf 79' lang='grc' dir='ltr'><em>διάφορον</em></span> <span class='ocrx_word' id='word_1_160' title='bbox 1387 1342 1512 1402; x_wconf 87' lang='grc' dir='ltr'><em>φύσιν</em></span> <span class='ocrx_word' id='word_1_161' title='bbox 1543 1346 1584 1386; x_wconf 76' lang='grc' dir='ltr'><strong>ἐν</strong></span> <span class='ocrx_word' id='word_1_162' title='bbox 1609 1349 1699 1393; x_wconf 78' lang='grc' dir='ltr'><em>ταῖς</em></span> 
     </span>
     <span class='ocr_line' id='line_1_18' title="bbox 208 1413 1699 1472; baseline -0.003 -14"><span class='ocrx_word' id='word_1_163' title='bbox 208 1414 484 1459; x_wconf 73' lang='grc' dir='ltr'><em>ὕποστάσεσιν</em></span> <span class='ocrx_word' id='word_1_164' title='bbox 516 1413 615 1457; x_wconf 73' lang='grc' dir='ltr'><em>εἶναι</em></span> <span class='ocrx_word' id='word_1_165' title='bbox 651 1416 969 1470; x_wconf 76' lang='grc' dir='ltr'><em>δογματίσαντες</em></span> <span class='ocrx_word' id='word_1_166' title='bbox 1001 1417 1057 1465; x_wconf 74' lang='grc' dir='ltr'><strong>εἰς</strong></span> <span class='ocrx_word' id='word_1_167' title='bbox 1088 1415 1405 1472; x_wconf 78' lang='grc' dir='ltr'><em>εἷδωλολατρίαν</em></span> <span class='ocrx_word' id='word_1_168' title='bbox 1428 1413 1699 1464; x_wconf 80' lang='grc' dir='ltr'><em>ἑλκυσθῶσιν,</em></span> 
     </span>
     <span class='ocr_line' id='line_1_19' title="bbox 153 1482 1699 1542; baseline -0.002 -15"><span class='ocrx_word' id='word_1_169' title='bbox 153 1488 186 1523; x_wconf 91' lang='lat' dir='ltr'>D</span> <span class='ocrx_word' id='word_1_170' title='bbox 212 1485 318 1527; x_wconf 77' lang='grc' dir='ltr'><em>ἀλλὰ</em></span> <span class='ocrx_word' id='word_1_171' title='bbox 349 1489 423 1539; x_wconf 82' lang='grc' dir='ltr'><em>τῆς</em></span> <span class='ocrx_word' id='word_1_172' title='bbox 453 1485 679 1542; x_wconf 85' lang='grc' dir='ltr'><em>μοναρχίας</em></span> <span class='ocrx_word' id='word_1_173' title='bbox 704 1486 746 1535; x_wconf 75' lang='grc' dir='ltr'><strong>ἐξ</strong></span> <span class='ocrx_word' id='word_1_174' title='bbox 769 1485 900 1540; x_wconf 77' lang='grc' dir='ltr'><em>ἀρχῆς</em></span> <span class='ocrx_word' id='word_1_175' title='bbox 920 1482 1128 1539; x_wconf 69' lang='grc' dir='ltr'><em>μαθόντες</em></span> <span class='ocrx_word' id='word_1_176' title='bbox 1148 1483 1332 1539; x_wconf 78' lang='grc' dir='ltr'><em>μάθημα</em></span> <span class='ocrx_word' id='word_1_177' title='bbox 1353 1483 1457 1527; x_wconf 80' lang='grc' dir='ltr'><em>κατὰ</em></span> <span class='ocrx_word' id='word_1_178' title='bbox 1485 1482 1631 1541; x_wconf 82' lang='grc' dir='ltr'><em>μικρὸν</em></span> <span class='ocrx_word' id='word_1_179' title='bbox 1653 1482 1699 1524; x_wconf 79' lang='grc' dir='ltr'><em>τὸ</em></span> 
     </span>
     <span class='ocr_line' id='line_1_20' title="bbox 209 1550 1701 1610; baseline -0.003 -11"><span class='ocrx_word' id='word_1_180' title='bbox 209 1560 292 1599; x_wconf 83' lang='grc' dir='ltr'><strong>τῶν</strong></span> <span class='ocrx_word' id='word_1_181' title='bbox 309 1553 574 1598; x_wconf 75' lang='grc' dir='ltr'><em>ὓποστάσεων</em></span> <span class='ocrx_word' id='word_1_182' title='bbox 591 1555 905 1609; x_wconf 77' lang='grc' dir='ltr'><em>ἀναδιδαχθῶσι</em></span> <span class='ocrx_word' id='word_1_183' title='bbox 928 1553 1084 1610; x_wconf 84' lang='grc' dir='ltr'><em>δόγμα,</em></span> <span class='ocrx_word' id='word_1_184' title='bbox 1133 1554 1180 1597; x_wconf 85' lang='grc' dir='ltr'><em>τὸ</em></span> <span class='ocrx_word' id='word_1_185' title='bbox 1202 1552 1325 1596; x_wconf 82' lang='grc' dir='ltr'><em>πάλιν</em></span> <span class='ocrx_word' id='word_1_186' title='bbox 1348 1555 1404 1604; x_wconf 77' lang='grc' dir='ltr'><strong>εἰς</strong></span> <span class='ocrx_word' id='word_1_187' title='bbox 1426 1552 1595 1609; x_wconf 74' lang='grc' dir='ltr'><em>ἑνότητα</em></span> <span class='ocrx_word' id='word_1_188' title='bbox 1618 1550 1701 1609; x_wconf 80' lang='grc' dir='ltr'><strong>φύ-</strong></span> 
     </span>
     <span class='ocr_line' id='line_1_21' title="bbox 211 1621 1742 1681; baseline -0.002 -14"><span class='ocrx_word' id='word_1_189' title='bbox 211 1642 313 1675; x_wconf 77' lang='grc' dir='ltr'><em>σεως</em></span> <span class='ocrx_word' id='word_1_190' title='bbox 331 1624 574 1681; x_wconf 77' lang='grc' dir='ltr'><em>ἄνατρίχον,</em></span> <span class='ocrx_word' id='word_1_191' title='bbox 611 1622 668 1674; x_wconf 80' lang='grc' dir='ltr'><strong>ὡς</strong></span> <span class='ocrx_word' id='word_1_192' title='bbox 690 1622 791 1666; x_wconf 77' lang='grc' dir='ltr'><em>εἶναι</em></span> <span class='ocrx_word' id='word_1_193' title='bbox 812 1624 863 1666; x_wconf 79' lang='grc' dir='ltr'><em>τὰ</em></span> <span class='ocrx_word' id='word_1_194' title='bbox 886 1624 960 1678; x_wconf 79' lang='grc' dir='ltr'><strong>μὲν</strong></span> <span class='ocrx_word' id='word_1_195' title='bbox 982 1622 1122 1674; x_wconf 72' lang='grc' dir='ltr'><em>ἑνικῶς</em></span> <span class='ocrx_word' id='word_1_196' title='bbox 1141 1623 1336 1679; x_wconf 72' lang='grc' dir='ltr'><em>λεγόμενα</em></span> <span class='ocrx_word' id='word_1_197' title='bbox 1358 1627 1431 1678; x_wconf 85' lang='grc' dir='ltr'><em>τῆς</em></span> <span class='ocrx_word' id='word_1_198' title='bbox 1453 1621 1700 1677; x_wconf 83' lang='grc' dir='ltr'><em>ταυτότητος</em></span> <span class='ocrx_word' id='word_1_199' title='bbox 1711 1623 1742 1658; x_wconf 73' lang='lat'><strong>2⁴</strong></span> 
     </span>
     <span class='ocr_line' id='line_1_22' title="bbox 209 1691 1700 1752; baseline -0.001 -15"><span class='ocrx_word' id='word_1_200' title='bbox 209 1698 283 1751; x_wconf 73' lang='grc' dir='ltr'><em>τῆς</em></span> <span class='ocrx_word' id='word_1_201' title='bbox 302 1692 465 1752; x_wconf 80' lang='grc' dir='ltr'><em>φύσεως</em></span> <span class='ocrx_word' id='word_1_202' title='bbox 485 1692 787 1751; x_wconf 83' lang='grc' dir='ltr'><em>παραστατικά,</em></span> <span class='ocrx_word' id='word_1_203' title='bbox 814 1693 867 1736; x_wconf 77' lang='grc' dir='ltr'><em>τὰ</em></span> <span class='ocrx_word' id='word_1_204' title='bbox 890 1695 935 1736; x_wconf 77' lang='grc' dir='ltr'><strong>δὲ</strong></span> <span class='ocrx_word' id='word_1_205' title='bbox 954 1691 1253 1752; x_wconf 62' lang='grc' dir='ltr'><em>ὗπξρβαίνοντα</em></span> <span class='ocrx_word' id='word_1_206' title='bbox 1273 1694 1345 1736; x_wconf 84' lang='grc' dir='ltr'><strong>τὸν</strong></span> <span class='ocrx_word' id='word_1_207' title='bbox 1369 1691 1498 1736; x_wconf 75' lang='grc' dir='ltr'><em>ἑνικὸν</em></span> <span class='ocrx_word' id='word_1_208' title='bbox 1518 1691 1700 1750; x_wconf 81' lang='grc' dir='ltr'><em>ἀριθμὸν</em></span> 
     </span>
    </p>
   </div>
   <div class='ocr_carea' id='block_1_3' title="bbox 193 1865 1712 2947">
    <p class='ocr_par' dir='ltr' id='par_1_3' title="bbox 193 1865 1712 2947">
     <span class='ocr_line' id='line_1_23' title="bbox 210 1865 1703 1917; baseline -0.002 -12"><span class='ocrx_word' id='word_1_209' title='bbox 210 1882 253 1905; x_wconf 84' lang='lat' dir='ltr'><strong>ac</strong></span> <span class='ocrx_word' id='word_1_210' title='bbox 277 1869 499 1915; x_wconf 83' lang='lat' dir='ltr'>praedicabis</span> <span class='ocrx_word' id='word_1_211' title='bbox 524 1865 619 1905; x_wconf 89' lang='lat' dir='ltr'><strong>me.”</strong></span> <span class='ocrx_word' id='word_1_212' title='bbox 666 1880 745 1903; x_wconf 91' lang='lat' dir='ltr'><strong>nam</strong></span> <span class='ocrx_word' id='word_1_213' title='bbox 776 1868 807 1903; x_wconf 90' lang='lat' dir='ltr'><strong>si</strong></span> <span class='ocrx_word' id='word_1_214' title='bbox 838 1868 897 1903; x_wconf 90' lang='lat' dir='ltr'><strong>hic</strong></span> <span class='ocrx_word' id='word_1_215' title='bbox 928 1868 1069 1903; x_wconf 78' lang='lat' dir='ltr'><strong>trinitas</strong></span> <span class='ocrx_word' id='word_1_216' title='bbox 1092 1880 1163 1904; x_wconf 89' lang='lat' dir='ltr'><strong>non</strong></span> <span class='ocrx_word' id='word_1_217' title='bbox 1189 1871 1313 1914; x_wconf 87' lang='lat' dir='ltr'><strong>aperte</strong></span> <span class='ocrx_word' id='word_1_218' title='bbox 1335 1869 1623 1917; x_wconf 65' lang='lat' dir='ltr'><strong>praedicaretur,</strong></span> <span class='ocrx_word' id='word_1_219' title='bbox 1651 1866 1703 1902; x_wconf 81' lang='lat' dir='ltr'><strong>ita</strong></span> 
     </span>
     <span class='ocr_line' id='line_1_24' title="bbox 211 1915 1703 1960; baseline -0.002 -9"><span class='ocrx_word' id='word_1_220' title='bbox 211 1919 331 1952; x_wconf 78' lang='lat' dir='ltr'><strong>fuerat</strong></span> <span class='ocrx_word' id='word_1_221' title='bbox 354 1916 558 1951; x_wconf 86' lang='lat' dir='ltr'><strong>dicendum:</strong></span> <span class='ocrx_word' id='word_1_222' title='bbox 585 1916 798 1950; x_wconf 87' lang='lat' dir='ltr'><strong>sacrificium</strong></span> <span class='ocrx_word' id='word_1_223' title='bbox 822 1915 934 1950; x_wconf 88' lang='lat' dir='ltr'><strong>laudis</strong></span> <span class='ocrx_word' id='word_1_224' title='bbox 959 1916 1099 1950; x_wconf 91' lang='lat' dir='ltr'><strong>domino</strong></span> <span class='ocrx_word' id='word_1_225' title='bbox 1126 1915 1266 1960; x_wconf 87' lang='lat' dir='ltr'><strong>exhibe,</strong></span> <span class='ocrx_word' id='word_1_226' title='bbox 1290 1928 1331 1950; x_wconf 86' lang='lat' dir='ltr'><strong>ac</strong></span> <span class='ocrx_word' id='word_1_227' title='bbox 1351 1922 1435 1950; x_wconf 91' lang='lat' dir='ltr'><strong>vota</strong></span> <span class='ocrx_word' id='word_1_228' title='bbox 1453 1922 1514 1950; x_wconf 84' lang='lat' dir='ltr'><strong>tna</strong></span> <span class='ocrx_word' id='word_1_229' title='bbox 1533 1915 1703 1949; x_wconf 82' lang='lat' dir='ltr'><strong>altissimo</strong></span> 
     </span>
     <span class='ocr_line' id='line_1_25' title="bbox 212 1962 1705 2010; baseline -0.001 -13"><span class='ocrx_word' id='word_1_230' title='bbox 212 1963 399 2010; x_wconf 81' lang='lat' dir='ltr'><strong>persolve;</strong></span> <span class='ocrx_word' id='word_1_231' title='bbox 425 1968 462 1996; x_wconf 89' lang='lat' dir='ltr'><strong>et</strong></span> <span class='ocrx_word' id='word_1_232' title='bbox 487 1963 616 1996; x_wconf 88' lang='lat' dir='ltr'><strong>invoca</strong></span> <span class='ocrx_word' id='word_1_233' title='bbox 637 1973 715 1996; x_wconf 88' lang='lat' dir='ltr'><strong>eum</strong></span> <span class='ocrx_word' id='word_1_234' title='bbox 738 1974 814 1996; x_wconf 90' lang='lat' dir='ltr'><strong>cum</strong></span> <span class='ocrx_word' id='word_1_235' title='bbox 839 1962 1022 2009; x_wconf 87' lang='lat' dir='ltr'><strong>premeris,</strong></span> <span class='ocrx_word' id='word_1_236' title='bbox 1049 1968 1085 1997; x_wconf 88' lang='lat' dir='ltr'><strong>et</strong></span> <span class='ocrx_word' id='word_1_237' title='bbox 1109 1968 1209 1997; x_wconf 89' lang='lat' dir='ltr'><strong>eruet</strong></span> <span class='ocrx_word' id='word_1_238' title='bbox 1231 1968 1280 2006; x_wconf 85' lang='lat' dir='ltr'><strong>te,</strong></span> <span class='ocrx_word' id='word_1_239' title='bbox 1305 1974 1346 1997; x_wconf 86' lang='lat' dir='ltr'><strong>ac</strong></span> <span class='ocrx_word' id='word_1_240' title='bbox 1370 1962 1593 2008; x_wconf 86' lang='lat' dir='ltr'><strong>praedicabis</strong></span> <span class='ocrx_word' id='word_1_241' title='bbox 1614 1973 1705 1996; x_wconf 87' lang='lat' dir='ltr'><strong>eum.</strong></span> 
     </span>
     <span class='ocr_line' id='line_1_26' title="bbox 214 2005 1706 2055; baseline -0.003 -10"><span class='ocrx_word' id='word_1_242' title='bbox 214 2011 279 2045; x_wconf 90' lang='lat' dir='ltr'><strong>sed</strong></span> <span class='ocrx_word' id='word_1_243' title='bbox 300 2021 370 2044; x_wconf 91' lang='lat' dir='ltr'><strong>non</strong></span> <span class='ocrx_word' id='word_1_244' title='bbox 392 2009 459 2044; x_wconf 88' lang='lat' dir='ltr'><strong>hoc</strong></span> <span class='ocrx_word' id='word_1_245' title='bbox 484 2009 609 2054; x_wconf 89' lang='lat' dir='ltr'><strong>modo,</strong></span> <span class='ocrx_word' id='word_1_246' title='bbox 641 2020 764 2044; x_wconf 82' lang='lat' dir='ltr'><strong>verum</strong></span> <span class='ocrx_word' id='word_1_247' title='bbox 799 2009 852 2044; x_wconf 88' lang='lat' dir='ltr'><strong>ita</strong></span> <span class='ocrx_word' id='word_1_248' title='bbox 881 2014 921 2043; x_wconf 90' lang='lat' dir='ltr'><strong>ut</strong></span> <span class='ocrx_word' id='word_1_249' title='bbox 951 2005 1076 2043; x_wconf 80' lang='lat' dir='ltr'><strong>rettuli</strong></span> <span class='ocrx_word' id='word_1_250' title='bbox 1107 2014 1208 2044; x_wconf 82' lang='lat' dir='ltr'><strong>vates</strong></span> <span class='ocrx_word' id='word_1_251' title='bbox 1237 2009 1376 2043; x_wconf 87' lang='lat' dir='ltr'><strong>locutus</strong></span> <span class='ocrx_word' id='word_1_252' title='bbox 1393 2013 1469 2044; x_wconf 87' lang='lat' dir='ltr'><strong>·est.</strong></span> <span class='ocrx_word' id='word_1_253' title='bbox 1517 2008 1706 2055; x_wconf 86' lang='lat' dir='ltr'><strong>perspicue</strong></span> 
     </span>
     <span class='ocr_line' id='line_1_27' title="bbox 217 2055 1708 2103; baseline -0.002 -12"><span class='ocrx_word' id='word_1_254' title='bbox 217 2057 310 2092; x_wconf 89' lang='lat' dir='ltr'><strong>enim</strong></span> <span class='ocrx_word' id='word_1_255' title='bbox 342 2056 399 2090; x_wconf 83' lang='lat' dir='ltr'><strong>his</strong></span> <span class='ocrx_word' id='word_1_256' title='bbox 432 2062 469 2091; x_wconf 85' lang='lat' dir='ltr'><strong>et</strong></span> <span class='ocrx_word' id='word_1_257' title='bbox 499 2055 580 2090; x_wconf 91' lang='lat' dir='ltr'><strong>aliis</strong></span> <span class='ocrx_word' id='word_1_258' title='bbox 616 2056 732 2090; x_wconf 81' lang='lat' dir='ltr'><strong>multis</strong></span> <span class='ocrx_word' id='word_1_259' title='bbox 755 2056 843 2090; x_wconf 87' lang='lat' dir='ltr'><strong>locis</strong></span> <span class='ocrx_word' id='word_1_260' title='bbox 865 2061 970 2090; x_wconf 84' lang='lat' dir='ltr'><strong>vetus</strong></span> <span class='ocrx_word' id='word_1_261' title='bbox 996 2061 1242 2091; x_wconf 85' lang='lat' dir='ltr'><strong>testamentum</strong></span> <span class='ocrx_word' id='word_1_262' title='bbox 1269 2055 1436 2103; x_wconf 83' lang='lat' dir='ltr'><strong>exprimit</strong></span> <span class='ocrx_word' id='word_1_263' title='bbox 1459 2067 1498 2090; x_wconf 87' lang='lat' dir='ltr'><strong>se</strong></span> <span class='ocrx_word' id='word_1_264' title='bbox 1522 2055 1708 2102; x_wconf 86' lang='lat' dir='ltr'><strong>imperium</strong></span> 
     </span>
     <span class='ocr_line' id='line_1_28' title="bbox 216 2101 1708 2149; baseline -0.002 -11"><span class='ocrx_word' id='word_1_265' title='bbox 216 2104 372 2138; x_wconf 79' lang='lat' dir='ltr'><strong>nonuni</strong></span> <span class='ocrx_word' id='word_1_266' title='bbox 395 2113 571 2149; x_wconf 77' lang='lat' dir='ltr'><strong>personae</strong></span> <span class='ocrx_word' id='word_1_267' title='bbox 598 2103 816 2148; x_wconf 85' lang='lat' dir='ltr'><strong>attribuere,</strong></span> <span class='ocrx_word' id='word_1_268' title='bbox 852 2103 916 2137; x_wconf 89' lang='lat' dir='ltr'><strong>sed</strong></span> <span class='ocrx_word' id='word_1_269' title='bbox 947 2102 1062 2137; x_wconf 87' lang='lat' dir='ltr'><strong>tribus</strong></span> <span class='ocrx_word' id='word_1_270' title='bbox 1096 2103 1326 2147; x_wconf 83' lang='lat' dir='ltr'><strong>substantiis,</strong></span> <span class='ocrx_word' id='word_1_271' title='bbox 1362 2113 1507 2148; x_wconf 85' lang='lat' dir='ltr'><strong>quarum</strong></span> <span class='ocrx_word' id='word_1_272' title='bbox 1531 2103 1634 2136; x_wconf 85' lang='lat' dir='ltr'><strong>unica</strong></span> <span class='ocrx_word' id='word_1_273' title='bbox 1659 2101 1708 2135; x_wconf 83' lang='lat' dir='ltr'><strong>sit</strong></span> 
     </span>
     <span class='ocr_line' id='line_1_29' title="bbox 216 2150 1705 2195; baseline -0.001 -11"><span class='ocrx_word' id='word_1_274' title='bbox 216 2156 344 2185; x_wconf 83' lang='lat' dir='ltr'><strong>natura</strong></span> <span class='ocrx_word' id='word_1_275' title='bbox 367 2156 404 2184; x_wconf 85' lang='lat' dir='ltr'><strong>et</strong></span> <span class='ocrx_word' id='word_1_276' title='bbox 427 2150 548 2184; x_wconf 89' lang='lat' dir='ltr'><strong>eadem</strong></span> <span class='ocrx_word' id='word_1_277' title='bbox 572 2150 749 2195; x_wconf 79' lang='lat' dir='ltr'><strong>essentia,</strong></span> <span class='ocrx_word' id='word_1_278' title='bbox 781 2156 821 2184; x_wconf 86' lang='lat' dir='ltr'><strong>ut</strong></span> <span class='ocrx_word' id='word_1_279' title='bbox 844 2150 1054 2184; x_wconf 86' lang='lat' dir='ltr'><strong>Iudaeorum</strong></span> <span class='ocrx_word' id='word_1_280' title='bbox 1088 2150 1133 2184; x_wconf 88' lang='lat' dir='ltr'><strong>de</strong></span> <span class='ocrx_word' id='word_1_281' title='bbox 1165 2150 1269 2184; x_wconf 86' lang='lat' dir='ltr'><strong>unica</strong></span> <span class='ocrx_word' id='word_1_282' title='bbox 1299 2160 1452 2194; x_wconf 87' lang='lat' dir='ltr'><strong>persona</strong></span> <span class='ocrx_word' id='word_1_283' title='bbox 1483 2161 1554 2184; x_wconf 88' lang='lat' dir='ltr'><strong>non</strong></span> <span class='ocrx_word' id='word_1_284' title='bbox 1585 2159 1705 2183; x_wconf 84' lang='lat' dir='ltr'><strong>sanam</strong></span> 
     </span>
     <span class='ocr_line' id='line_1_30' title="bbox 217 2196 1705 2242; baseline -0.002 -10"><span class='ocrx_word' id='word_1_285' title='bbox 217 2197 428 2232; x_wconf 85' lang='lat' dir='ltr'><strong>sententiam</strong></span> <span class='ocrx_word' id='word_1_286' title='bbox 451 2197 669 2231; x_wconf 87' lang='lat' dir='ltr'><strong>traduceret.</strong></span> <span class='ocrx_word' id='word_1_287' title='bbox 717 2203 825 2242; x_wconf 83' lang='lat' dir='ltr'><strong>atque</strong></span> <span class='ocrx_word' id='word_1_288' title='bbox 847 2197 997 2231; x_wconf 88' lang='lat' dir='ltr'><strong>Iudaeos</strong></span> <span class='ocrx_word' id='word_1_289' title='bbox 1021 2196 1162 2241; x_wconf 86' lang='lat' dir='ltr'><strong>quidem</strong></span> <span class='ocrx_word' id='word_1_290' title='bbox 1185 2196 1361 2231; x_wconf 80' lang='lat' dir='ltr'><strong>Sabellius</strong></span> <span class='ocrx_word' id='word_1_291' title='bbox 1385 2196 1528 2231; x_wconf 86' lang='lat' dir='ltr'><strong>videtur</strong></span> <span class='ocrx_word' id='word_1_292' title='bbox 1550 2200 1705 2239; x_wconf 79' lang='lat' dir='ltr'><strong>secutus,</strong></span> 
     </span>
     <span class='ocr_line' id='line_1_31' title="bbox 216 2242 1705 2288; baseline -0.001 -10"><span class='ocrx_word' id='word_1_293' title='bbox 216 2243 287 2279; x_wconf 87' lang='lat' dir='ltr'><strong>nisi</strong></span> <span class='ocrx_word' id='word_1_294' title='bbox 311 2245 406 2278; x_wconf 85' lang='lat' dir='ltr'><strong>forte</strong></span> <span class='ocrx_word' id='word_1_295' title='bbox 430 2244 510 2278; x_wconf 90' lang='lat' dir='ltr'><strong>dum</strong></span> <span class='ocrx_word' id='word_1_296' title='bbox 535 2242 792 2282; x_wconf 74' lang='lat' dir='ltr'><strong>multitudinem</strong></span> <span class='ocrx_word' id='word_1_297' title='bbox 817 2243 962 2278; x_wconf 89' lang='lat' dir='ltr'><strong>deorum</strong></span> <span class='ocrx_word' id='word_1_298' title='bbox 987 2243 1241 2278; x_wconf 79' lang='lat' dir='ltr'><strong>Graecanicam</strong></span> <span class='ocrx_word' id='word_1_299' title='bbox 1267 2243 1443 2288; x_wconf 78' lang='lat' dir='ltr'><strong>exagitat,</strong></span> <span class='ocrx_word' id='word_1_300' title='bbox 1474 2243 1618 2277; x_wconf 85' lang='lat' dir='ltr'><strong>nimium</strong></span> <span class='ocrx_word' id='word_1_301' title='bbox 1643 2253 1705 2276; x_wconf 81' lang='lat' dir='ltr'><strong>ae-</strong></span> 
     </span>
     <span class='ocr_line' id='line_1_32' title="bbox 193 2289 1707 2336; baseline -0.001 -11"><span class='ocrx_word' id='word_1_302' title='bbox 193 2290 381 2336; x_wconf 84' lang='lat' dir='ltr'><strong>·qualitati</strong></span> <span class='ocrx_word' id='word_1_303' title='bbox 409 2290 476 2324; x_wconf 87' lang='lat' dir='ltr'><strong>filii</strong></span> <span class='ocrx_word' id='word_1_304' title='bbox 506 2302 548 2325; x_wconf 86' lang='lat' dir='ltr'><strong>ac</strong></span> <span class='ocrx_word' id='word_1_305' title='bbox 578 2291 691 2336; x_wconf 83' lang='lat' dir='ltr'><strong>patris</strong></span> <span class='ocrx_word' id='word_1_306' title='bbox 722 2292 879 2325; x_wconf 87' lang='lat' dir='ltr'><strong>intentus</strong></span> <span class='ocrx_word' id='word_1_307' title='bbox 909 2291 954 2324; x_wconf 87' lang='lat' dir='ltr'><strong>ad</strong></span> <span class='ocrx_word' id='word_1_308' title='bbox 985 2290 1187 2336; x_wconf 87' lang='lat' dir='ltr'><strong>opinionem</strong></span> <span class='ocrx_word' id='word_1_309' title='bbox 1213 2290 1259 2324; x_wconf 90' lang='lat' dir='ltr'><strong>de</strong></span> <span class='ocrx_word' id='word_1_310' title='bbox 1281 2290 1386 2324; x_wconf 86' lang='lat' dir='ltr'><strong>unica</strong></span> <span class='ocrx_word' id='word_1_311' title='bbox 1409 2296 1563 2336; x_wconf 87' lang='lat' dir='ltr'><strong>persona</strong></span> <span class='ocrx_word' id='word_1_312' title='bbox 1587 2289 1707 2335; x_wconf 85' lang='lat' dir='ltr'><strong>prola-</strong></span> 
     </span>
     <span class='ocr_line' id='line_1_33' title="bbox 215 2336 1709 2384; baseline -0.001 -12"><span class='ocrx_word' id='word_1_313' title='bbox 215 2349 301 2384; x_wconf 87' lang='lat' dir='ltr'><strong>psus</strong></span> <span class='ocrx_word' id='word_1_314' title='bbox 333 2337 416 2372; x_wconf 84' lang='lat' dir='ltr'><strong>fuit.</strong></span> <span class='ocrx_word' id='word_1_315' title='bbox 466 2337 685 2372; x_wconf 86' lang='lat' dir='ltr'><strong>Graecorum</strong></span> <span class='ocrx_word' id='word_1_316' title='bbox 710 2342 905 2372; x_wconf 81' lang='lat' dir='ltr'><strong>sectatores</strong></span> <span class='ocrx_word' id='word_1_317' title='bbox 930 2337 1187 2382; x_wconf 87' lang='lat' dir='ltr'><strong>deprehensum</strong></span> <span class='ocrx_word' id='word_1_318' title='bbox 1211 2342 1266 2371; x_wconf 85' lang='lat' dir='ltr'><strong>est</strong></span> <span class='ocrx_word' id='word_1_319' title='bbox 1287 2337 1402 2372; x_wconf 85' lang='lat' dir='ltr'><strong>fuisse</strong></span> <span class='ocrx_word' id='word_1_320' title='bbox 1424 2337 1545 2371; x_wconf 85' lang='lat' dir='ltr'><strong>Arium</strong></span> <span class='ocrx_word' id='word_1_321' title='bbox 1569 2341 1606 2370; x_wconf 88' lang='lat' dir='ltr'><strong>et</strong></span> <span class='ocrx_word' id='word_1_322' title='bbox 1629 2336 1709 2370; x_wconf 78' lang='lat' dir='ltr'><strong>Eu-</strong></span> 
     </span>
     <span class='ocr_line' id='line_1_34' title="bbox 216 2383 1705 2430; baseline -0.001 -12"><span class='ocrx_word' id='word_1_323' title='bbox 216 2384 387 2429; x_wconf 88' lang='lat' dir='ltr'><strong>nomium,</strong></span> <span class='ocrx_word' id='word_1_324' title='bbox 423 2384 484 2430; x_wconf 91' lang='lat' dir='ltr'><strong>qui</strong></span> <span class='ocrx_word' id='word_1_325' title='bbox 509 2396 554 2418; x_wconf 86' lang='lat' dir='ltr'><strong>ex</strong></span> <span class='ocrx_word' id='word_1_326' title='bbox 576 2384 779 2419; x_wconf 85' lang='lat' dir='ltr'><strong>discrimine</strong></span> <span class='ocrx_word' id='word_1_327' title='bbox 802 2393 1031 2429; x_wconf 86' lang='lat' dir='ltr'><strong>personarum</strong></span> <span class='ocrx_word' id='word_1_328' title='bbox 1053 2384 1213 2418; x_wconf 83' lang='lat' dir='ltr'><strong>diversas</strong></span> <span class='ocrx_word' id='word_1_329' title='bbox 1239 2383 1410 2418; x_wconf 85' lang='lat' dir='ltr'><strong>essentias</strong></span> <span class='ocrx_word' id='word_1_330' title='bbox 1433 2383 1585 2417; x_wconf 83' lang='lat' dir='ltr'><strong>absurde</strong></span> <span class='ocrx_word' id='word_1_331' title='bbox 1608 2383 1705 2416; x_wconf 86' lang='lat' dir='ltr'><strong>intu-</strong></span> 
     </span>
     <span class='ocr_line' id='line_1_35' title="bbox 215 2428 1706 2476; baseline -0.001 -12"><span class='ocrx_word' id='word_1_332' title='bbox 215 2430 345 2466; x_wconf 82' lang='lat' dir='ltr'><strong>lerunt.</strong></span> <span class='ocrx_word' id='word_1_333' title='bbox 405 2430 533 2476; x_wconf 83' lang='lat' dir='ltr'><strong>quodsi</strong></span> <span class='ocrx_word' id='word_1_334' title='bbox 557 2431 636 2476; x_wconf 87' lang='lat' dir='ltr'><strong>quis</strong></span> <span class='ocrx_word' id='word_1_335' title='bbox 659 2437 764 2476; x_wconf 80' lang='lat' dir='ltr'><strong>roget</strong></span> <span class='ocrx_word' id='word_1_336' title='bbox 787 2441 849 2465; x_wconf 85' lang='lat' dir='ltr'><strong>cur</strong></span> <span class='ocrx_word' id='word_1_337' title='bbox 876 2442 946 2465; x_wconf 91' lang='lat' dir='ltr'><strong>non</strong></span> <span class='ocrx_word' id='word_1_338' title='bbox 971 2431 1016 2465; x_wconf 90' lang='lat' dir='ltr'><strong>ab</strong></span> <span class='ocrx_word' id='word_1_339' title='bbox 1038 2431 1141 2465; x_wconf 87' lang='lat' dir='ltr'><strong>initio</strong></span> <span class='ocrx_word' id='word_1_340' title='bbox 1165 2430 1284 2466; x_wconf 89' lang='lat' dir='ltr'><strong>statim</strong></span> <span class='ocrx_word' id='word_1_341' title='bbox 1308 2430 1395 2464; x_wconf 87' lang='lat' dir='ltr'><strong>haec</strong></span> <span class='ocrx_word' id='word_1_342' title='bbox 1415 2428 1601 2464; x_wconf 49' lang='lat' dir='ltr'><strong>manifesto</strong></span> <span class='ocrx_word' id='word_1_343' title='bbox 1627 2429 1706 2463; x_wconf 85' lang='lat' dir='ltr'><strong>fue-</strong></span> 
     </span>
     <span class='ocr_line' id='line_1_36' title="bbox 216 2476 1707 2523; baseline -0.001 -11"><span class='ocrx_word' id='word_1_344' title='bbox 216 2478 288 2512; x_wconf 82' lang='lat' dir='ltr'><strong>rint</strong></span> <span class='ocrx_word' id='word_1_345' title='bbox 309 2478 485 2522; x_wconf 80' lang='lat' dir='ltr'><strong>indicata,</strong></span> <span class='ocrx_word' id='word_1_346' title='bbox 521 2478 764 2523; x_wconf 87' lang='lat' dir='ltr'><strong>responderim</strong></span> <span class='ocrx_word' id='word_1_347' title='bbox 779 2504 789 2522; x_wconf 91' lang='lat'><strong>,</strong></span> <span class='ocrx_word' id='word_1_348' title='bbox 823 2477 869 2512; x_wconf 86' lang='lat' dir='ltr'><strong>iis</strong></span> <span class='ocrx_word' id='word_1_349' title='bbox 894 2477 955 2522; x_wconf 89' lang='lat' dir='ltr'><strong>qui</strong></span> <span class='ocrx_word' id='word_1_350' title='bbox 977 2478 1135 2513; x_wconf 85' lang='lat' dir='ltr'><strong>scienter</strong></span> <span class='ocrx_word' id='word_1_351' title='bbox 1157 2477 1339 2522; x_wconf 89' lang='lat' dir='ltr'><strong>audirent,</strong></span> <span class='ocrx_word' id='word_1_352' title='bbox 1373 2476 1707 2511; x_wconf 85' lang='lat' dir='ltr'><strong>demonstrationem</strong></span> 
     </span>
     <span class='ocr_line' id='line_1_37' title="bbox 215 2522 1708 2571; baseline 0 -14"><span class='ocrx_word' id='word_1_353' title='bbox 215 2522 319 2558; x_wconf 84' lang='lat' dir='ltr'><strong>istam</strong></span> <span class='ocrx_word' id='word_1_354' title='bbox 346 2530 453 2571; x_wconf 85' lang='lat' dir='ltr'><strong>atque</strong></span> <span class='ocrx_word' id='word_1_355' title='bbox 476 2525 671 2559; x_wconf 86' lang='lat' dir='ltr'><strong>doctrinam</strong></span> <span class='ocrx_word' id='word_1_356' title='bbox 696 2525 806 2559; x_wconf 85' lang='lat' dir='ltr'><strong>fuisse</strong></span> <span class='ocrx_word' id='word_1_357' title='bbox 829 2525 990 2570; x_wconf 86' lang='lat' dir='ltr'><strong>apprime</strong></span> <span class='ocrx_word' id='word_1_358' title='bbox 1011 2525 1257 2570; x_wconf 82' lang='lat' dir='ltr'><strong>perspicuam,</strong></span> <span class='ocrx_word' id='word_1_359' title='bbox 1283 2530 1322 2558; x_wconf 83' lang='lat' dir='ltr'><strong>ut</strong></span> <span class='ocrx_word' id='word_1_360' title='bbox 1343 2524 1449 2558; x_wconf 84' lang='lat' dir='ltr'><strong>etiam</strong></span> <span class='ocrx_word' id='word_1_361' title='bbox 1472 2523 1628 2569; x_wconf 79' lang='lat' dir='ltr'><strong>sapienti</strong></span> <span class='ocrx_word' id='word_1_362' title='bbox 1651 2523 1708 2557; x_wconf 88' lang='lat' dir='ltr'><strong>vi-</strong></span> 
     </span>
     <span class='ocr_line' id='line_1_38' title="bbox 216 2570 1709 2618; baseline -0.001 -14"><span class='ocrx_word' id='word_1_363' title='bbox 216 2582 293 2605; x_wconf 87' lang='lat' dir='ltr'><strong>sum</strong></span> <span class='ocrx_word' id='word_1_364' title='bbox 320 2571 390 2606; x_wconf 84' lang='lat' dir='ltr'><strong>fuit</strong></span> <span class='ocrx_word' id='word_1_365' title='bbox 409 2571 565 2606; x_wconf 82' lang='lat' dir='ltr'><strong>Philoni.</strong></span> <span class='ocrx_word' id='word_1_366' title='bbox 615 2573 709 2618; x_wconf 89' lang='lat' dir='ltr'><strong>quod</strong></span> <span class='ocrx_word' id='word_1_367' title='bbox 735 2577 849 2606; x_wconf 86' lang='lat' dir='ltr'><strong>autem</strong></span> <span class='ocrx_word' id='word_1_368' title='bbox 871 2571 941 2606; x_wconf 86' lang='lat' dir='ltr'><strong>ista</strong></span> <span class='ocrx_word' id='word_1_369' title='bbox 963 2572 1146 2606; x_wconf 86' lang='lat' dir='ltr'><strong>obscurius</strong></span> <span class='ocrx_word' id='word_1_370' title='bbox 1171 2570 1392 2618; x_wconf 84' lang='lat' dir='ltr'><strong>promulgata</strong></span> <span class='ocrx_word' id='word_1_371' title='bbox 1415 2578 1519 2615; x_wconf 88' lang='lat' dir='ltr'><strong>sunt,</strong></span> <span class='ocrx_word' id='word_1_372' title='bbox 1546 2570 1709 2615; x_wconf 75' lang='lat' dir='ltr'><strong>cogitan—</strong></span> 
     </span>
     <span class='ocr_line' id='line_1_39' title="bbox 217 2617 1708 2663; baseline 0.001 -14"><span class='ocrx_word' id='word_1_373' title='bbox 217 2617 299 2650; x_wconf 90' lang='lat' dir='ltr'><strong>dum</strong></span> <span class='ocrx_word' id='word_1_374' title='bbox 324 2623 378 2652; x_wconf 87' lang='lat' dir='ltr'><strong>est</strong></span> <span class='ocrx_word' id='word_1_375' title='bbox 400 2618 560 2663; x_wconf 86' lang='lat' dir='ltr'><strong>vatibus,</strong></span> <span class='ocrx_word' id='word_1_376' title='bbox 596 2630 672 2654; x_wconf 88' lang='lat' dir='ltr'><strong>cum</strong></span> <span class='ocrx_word' id='word_1_377' title='bbox 697 2617 839 2653; x_wconf 85' lang='lat' dir='ltr'><strong>Iudaeis</strong></span> <span class='ocrx_word' id='word_1_378' title='bbox 863 2618 907 2652; x_wconf 86' lang='lat' dir='ltr'><strong>ad</strong></span> <span class='ocrx_word' id='word_1_379' title='bbox 930 2617 1186 2652; x_wconf 87' lang='lat' dir='ltr'><strong>multitudinem</strong></span> <span class='ocrx_word' id='word_1_380' title='bbox 1209 2618 1353 2652; x_wconf 82' lang='lat' dir='ltr'><strong>deorum</strong></span> <span class='ocrx_word' id='word_1_381' title='bbox 1376 2617 1598 2652; x_wconf 83' lang='lat' dir='ltr'><strong>statuendam</strong></span> <span class='ocrx_word' id='word_1_382' title='bbox 1623 2627 1708 2663; x_wconf 85' lang='lat' dir='ltr'><strong>pro—</strong></span> 
     </span>
     <span class='ocr_line' id='line_1_40' title="bbox 219 2662 1709 2710; baseline 0.001 -14"><span class='ocrx_word' id='word_1_383' title='bbox 219 2662 369 2698; x_wconf 87' lang='lat' dir='ltr'><strong>clivibus</strong></span> <span class='ocrx_word' id='word_1_384' title='bbox 396 2664 493 2709; x_wconf 83' lang='lat' dir='ltr'><strong>leges</strong></span> <span class='ocrx_word' id='word_1_385' title='bbox 517 2665 824 2710; x_wconf 84' lang='lat' dir='ltr'><strong>praescriberent,</strong></span> <span class='ocrx_word' id='word_1_386' title='bbox 860 2676 931 2699; x_wconf 90' lang='lat' dir='ltr'><strong>non</strong></span> <span class='ocrx_word' id='word_1_387' title='bbox 963 2665 1158 2700; x_wconf 83' lang='lat' dir='ltr'><strong>consultum</strong></span> <span class='ocrx_word' id='word_1_388' title='bbox 1188 2664 1304 2698; x_wconf 80' lang='lat' dir='ltr'><strong>visum</strong></span> <span class='ocrx_word' id='word_1_389' title='bbox 1327 2664 1440 2699; x_wconf 77' lang='lat' dir='ltr'><strong>fuisse</strong></span> <span class='ocrx_word' id='word_1_390' title='bbox 1470 2664 1709 2698; x_wconf 82' lang='lat' dir='ltr'><strong>differentiam</strong></span> 
     </span>
     <span class='ocr_line' id='line_1_41' title="bbox 218 2710 1709 2757; baseline 0.001 -15"><span class='ocrx_word' id='word_1_391' title='bbox 218 2719 448 2754; x_wconf 89' lang='lat' dir='ltr'><strong>personarum</strong></span> <span class='ocrx_word' id='word_1_392' title='bbox 481 2723 773 2757; x_wconf 86' lang='lat' dir='ltr'><strong>commemorare,</strong></span> <span class='ocrx_word' id='word_1_393' title='bbox 814 2723 859 2746; x_wconf 88' lang='lat' dir='ltr'><strong>ne</strong></span> <span class='ocrx_word' id='word_1_394' title='bbox 891 2711 920 2746; x_wconf 91' lang='lat' dir='ltr'><strong>ii</strong></span> <span class='ocrx_word' id='word_1_395' title='bbox 952 2711 1114 2746; x_wconf 83' lang='lat' dir='ltr'><strong>diversas</strong></span> <span class='ocrx_word' id='word_1_396' title='bbox 1149 2710 1261 2746; x_wconf 82' lang='lat' dir='ltr'><strong>etiam·</strong></span> <span class='ocrx_word' id='word_1_397' title='bbox 1292 2716 1438 2745; x_wconf 87' lang='lat' dir='ltr'><strong>naturas</strong></span> <span class='ocrx_word' id='word_1_398' title='bbox 1477 2721 1709 2756; x_wconf 87' lang='lat' dir='ltr'><strong>personarum</strong></span> 
     </span>
     <span class='ocr_line' id='line_1_42' title="bbox 219 2755 1710 2805; baseline 0.001 -16"><span class='ocrx_word' id='word_1_399' title='bbox 219 2755 410 2801; x_wconf 60' lang='lat' dir='ltr'><strong>&gt;opinantes</strong></span> <span class='ocrx_word' id='word_1_400' title='bbox 435 2758 478 2791; x_wconf 87' lang='lat' dir='ltr'><strong>ad</strong></span> <span class='ocrx_word' id='word_1_401' title='bbox 501 2759 623 2793; x_wconf 84' lang='lat' dir='ltr'><strong>falsam</strong></span> <span class='ocrx_word' id='word_1_402' title='bbox 648 2757 856 2805; x_wconf 82' lang='lat' dir='ltr'><strong>religionem</strong></span> <span class='ocrx_word' id='word_1_403' title='bbox 880 2758 1131 2804; x_wconf 87' lang='lat' dir='ltr'><strong>desciscerent,</strong></span> <span class='ocrx_word' id='word_1_404' title='bbox 1157 2757 1220 2792; x_wconf 89' lang='lat' dir='ltr'><strong>sed</strong></span> <span class='ocrx_word' id='word_1_405' title='bbox 1246 2758 1364 2802; x_wconf 80' lang='lat' dir='ltr'><strong>potius</strong></span> <span class='ocrx_word' id='word_1_406' title='bbox 1394 2758 1438 2792; x_wconf 84' lang='lat' dir='ltr'><strong>ab</strong></span> <span class='ocrx_word' id='word_1_407' title='bbox 1463 2757 1567 2792; x_wconf 88' lang='lat' dir='ltr'><strong>initio</strong></span> <span class='ocrx_word' id='word_1_408' title='bbox 1591 2757 1710 2791; x_wconf 72' lang='lat' dir='ltr'><strong>statim</strong></span> 
     </span>
     <span class='ocr_line' id='line_1_43' title="bbox 222 2802 1712 2850; baseline 0.001 -14"><span class='ocrx_word' id='word_1_409' title='bbox 222 2802 341 2836; x_wconf 88' lang='lat' dir='ltr'><strong>edocti</strong></span> <span class='ocrx_word' id='word_1_410' title='bbox 365 2813 468 2837; x_wconf 89' lang='lat' dir='ltr'><strong>unum</strong></span> <span class='ocrx_word' id='word_1_411' title='bbox 493 2817 572 2840; x_wconf 89' lang='lat' dir='ltr'><strong>esse</strong></span> <span class='ocrx_word' id='word_1_412' title='bbox 595 2806 714 2841; x_wconf 88' lang='lat' dir='ltr'><strong>mundi</strong></span> <span class='ocrx_word' id='word_1_413' title='bbox 736 2805 924 2850; x_wconf 90' lang='lat' dir='ltr'><strong>dominum,</strong></span> <span class='ocrx_word' id='word_1_414' title='bbox 949 2805 1117 2850; x_wconf 88' lang='lat' dir='ltr'><strong>paulatim</strong></span> <span class='ocrx_word' id='word_1_415' title='bbox 1141 2804 1268 2838; x_wconf 86' lang='lat' dir='ltr'><strong>deinde</strong></span> <span class='ocrx_word' id='word_1_416' title='bbox 1290 2802 1335 2838; x_wconf 88' lang='lat' dir='ltr'><strong>de</strong></span> <span class='ocrx_word' id='word_1_417' title='bbox 1358 2804 1523 2850; x_wconf 82' lang='lat' dir='ltr'><strong>personis</strong></span> <span class='ocrx_word' id='word_1_418' title='bbox 1548 2803 1712 2838; x_wconf 85' lang='lat' dir='ltr'><strong>doctrina</strong></span> 
     </span>
     <span class='ocr_line' id='line_1_44' title="bbox 216 2848 1711 2899; baseline 0.001 -17"><span class='ocrx_word' id='word_1_419' title='bbox 216 2848 503 2894; x_wconf 83' lang='lat' dir='ltr'><strong>instruerentur,</strong></span> <span class='ocrx_word' id='word_1_420' title='bbox 537 2864 628 2897; x_wconf 89' lang='lat' dir='ltr'><strong>quae</strong></span> <span class='ocrx_word' id='word_1_421' title='bbox 661 2853 741 2899; x_wconf 84' lang='lat' dir='ltr'><strong>ipsa</strong></span> <span class='ocrx_word' id='word_1_422' title='bbox 772 2853 818 2887; x_wconf 83' lang='lat' dir='ltr'><strong>ad</strong></span> <span class='ocrx_word' id='word_1_423' title='bbox 849 2851 1019 2887; x_wconf 87' lang='lat' dir='ltr'><strong>unitatem</strong></span> <span class='ocrx_word' id='word_1_424' title='bbox 1048 2858 1195 2887; x_wconf 87' lang='lat' dir='ltr'><strong>naturae</strong></span> <span class='ocrx_word' id='word_1_425' title='bbox 1218 2850 1325 2885; x_wconf 90' lang='lat' dir='ltr'><strong>redit.</strong></span> <span class='ocrx_word' id='word_1_426' title='bbox 1374 2851 1427 2886; x_wconf 83' lang='lat' dir='ltr'><strong>ita</strong></span> <span class='ocrx_word' id='word_1_427' title='bbox 1449 2858 1540 2896; x_wconf 84' lang='lat' dir='ltr'><strong>quae</strong></span> <span class='ocrx_word' id='word_1_428' title='bbox 1563 2850 1711 2884; x_wconf 81' lang='lat' dir='ltr'><strong>unitatis</strong></span> 
     </span>
     <span class='ocr_line' id='line_1_45' title="bbox 223 2896 1710 2947; baseline 0 -15"><span class='ocrx_word' id='word_1_429' title='bbox 223 2905 368 2932; x_wconf 82' lang='lat' dir='ltr'><strong>numero</strong></span> <span class='ocrx_word' id='word_1_430' title='bbox 393 2896 439 2932; x_wconf 81' lang='lat' dir='ltr'><strong>de</strong></span> <span class='ocrx_word' id='word_1_431' title='bbox 461 2897 529 2933; x_wconf 88' lang='lat' dir='ltr'><strong>deo</strong></span> <span class='ocrx_word' id='word_1_432' title='bbox 554 2900 730 2947; x_wconf 84' lang='lat' dir='ltr'><strong>dicuntur,</strong></span> <span class='ocrx_word' id='word_1_433' title='bbox 754 2900 926 2937; x_wconf 81' lang='lat' dir='ltr'><strong>unitatem</strong></span> <span class='ocrx_word' id='word_1_434' title='bbox 949 2905 1098 2935; x_wconf 77' lang='lat' dir='ltr'><strong>naturae</strong></span> <span class='ocrx_word' id='word_1_435' title='bbox 1117 2897 1341 2935; x_wconf 83' lang='lat' dir='ltr'><strong>confirmant:</strong></span> <span class='ocrx_word' id='word_1_436' title='bbox 1369 2904 1565 2944; x_wconf 55' lang='grc' dir='ltr'><strong>ψαῦ’-σιω</strong></span> <span class='ocrx_word' id='word_1_437' title='bbox 1588 2905 1710 2932; x_wconf 83' lang='lat' dir='ltr'><strong>nume·</strong></span> 
     </span>
    </p>
   </div>
  </div>
 </body>
</html>
