1742 3184
192 153 294 204 740
674 153 917 201 GEORGII
950 152 1196 199 GEDRENI

140 280 173 315 D
198 278 341 324 ναῖκας
368 272 435 315 καὶ
462 271 532 315 ἕνα
555 267 680 326 μόνον
699 274 939 328 προσκυνεῖν
964 265 1081 321 θεόν,
1119 266 1190 311 τὸν
1211 267 1255 310 δὲ
1272 265 1457 326 Χριστὸν
1475 271 1598 323 τιμᾶν
1620 266 1675 319 ὥς

195 342 316 400 λόγον
330 346 446 394 θεοῦ,
462 341 537 396 οὗχ
551 339 606 393 ὥς
618 340 706 384 υἱὸν
719 341 779 391 δέ,
797 338 885 382 ἀλλ’
903 330 958 389 ὧς
970 339 1014 381 ἐκ
1027 336 1255 393 πνεύματος
1268 335 1384 394 ἁγίου
1395 338 1653 394 γεγενημένον
1662 350 1675 361 “

196 411 317 469 λόγον
332 413 376 455 δὲ
389 412 457 454 καὶ
470 415 629 466 πνεῦμα
641 407 894 467 προφορικὸν
906 409 973 451 καὶ
988 409 1045 459 εἷς
1060 407 1160 465 ἀέρα
1170 406 1365 463 χεόμενον
1381 405 1580 459 ῦπονοεῖν,
1603 406 1677 449 οὐκ

195 481 450 525 ἐνυπόστατα
474 480 570 523 οὐδὲ
590 483 649 538 τῷ
669 476 877 537 γεννήτορι
905 475 1126 532 ὅμοοῦσια·
1161 477 1235 533 τὴν
1261 477 1305 520 δὲ
1326 474 1444 534 ἁγίαν
1470 477 1678 534 παρθένον

196 553 373 609 Μαρίαν
392 550 450 606 μὴ
473 550 600 606 λέγειν
620 546 831 600 θεοτόκον,
866 547 974 590 ἀλλὰ
992 546 1066 603 τὴν
1079 546 1239 604 Ἀαρὼν
1260 548 1329 589 καὶ
1348 546 1540 597 Μωσέως
1558 545 1713 592 ἀδελ-5

198 619 302 680 φῆν·
336 621 443 675 μηδὲ
462 619 759 673 βαπτίζεσθαι,
794 617 900 673 μηδὲ
930 618 1204 672 σαββατίζειν,
1238 614 1341 672 μήτε
1374 615 1420 659 δὲ
1449 622 1535 667 τοῖς
1563 633 1681 670 νομι-

196 697 283 742 κοῖς
307 689 334 746 ἢ
362 690 629 745 εὖαγγελικοῖς
659 687 798 730 ἔθεσιν
819 687 1126 739 ἐπακολουθεῖν,
1162 686 1269 729 ἀλλὰ
1293 683 1592 740 βδελύττεσθαι
1612 684 1683 727 τὸν

197 758 377 817 σταυρὸν
420 759 488 801 καὶ
530 758 604 813 τὴν
645 756 763 801 σκιὰν
804 757 1098 814 ἐσταυρῶσθαι
1133 747 1207 799 τοῦ
1235 757 1425 814 Χριστοῦ
1459 753 1682 811 ὁμολογεῖν.

197 825 514 887 παρηγγυήσατο
558 827 604 869 δὲ
639 826 779 877 αὐτοῖς
820 828 888 869 καὶ
923 830 1004 869 τῶν
1039 823 1226 870 καθόλου
1258 824 1595 882 ἀπηγορευμένων
1626 827 1685 882 τῷ

53 907 83 942 P
106 906 177 944 423
199 897 312 957 νόμῳ
331 897 525 953 μετέχειν,
552 895 657 951 πλὴν
676 900 806 954 κρεῶν
823 897 1028 954 χοιρείων,
1057 895 1152 953 οἴνῳ
1179 895 1222 938 δὲ
1242 892 1476 938 παντάπασι
1497 893 1556 949 μὴ
1574 897 1685 951 χρῆ-
1699 901 1742 937 10

198 972 319 1012 σθαι.
388 964 573 1010 τοιοῦτόν
605 983 644 1009 τι
676 965 994 1021 μυθευσάμενος
1024 963 1169 1008 ἔαυτόν
1198 981 1301 1023 φησι
1323 965 1558 1018 κλειδοῦχον
1576 980 1682 1020 γεγε-

199 1041 358 1095 νῆσθαι
385 1040 460 1080 τοῦ
481 1036 749 1094 παραδείσου,
785 1037 853 1078 καὶ
872 1035 976 1078 κατὰ
1000 1035 1076 1091 τὴν
1096 1027 1254 1091 ἡμέραν
1277 1038 1351 1090 τῆς
1367 1034 1548 1091 κρίσεως,
1583 1033 1688 1087 μετὰ

199 1109 248 1152 τὸ
270 1110 528 1165 παραστῆναι
553 1105 625 1148 τὸν
643 1105 808 1148 ῙΙῚωσέα
827 1104 903 1149 σὺν
925 1111 1011 1155 τοῖς
1040 1105 1309 1162 Ἰσραηλίταις
1329 1105 1398 1146 καὶ
1417 1101 1474 1154 ὥς
1494 1100 1690 1158 παραβά-

200 1196 277 1229 τας
299 1181 372 1220 τοῦ
394 1174 523 1231 νόμου
545 1179 597 1233 τῇ
620 1173 785 1218 κολάσει
806 1179 880 1218 τοῦ
899 1173 1031 1232 πυρὸς
1051 1175 1360 1232 παραδοθῆναι,
1389 1167 1518 1224 αὖθις
1533 1172 1691 1228 Ἰησοῦν

201 1250 463 1305 παραστῆναι
486 1245 584 1299 [καὶ]
611 1243 892 1302 ἀρνησάμενον
909 1243 1145 1302 ἔμπροσθεν
1166 1247 1272 1287 θεοῦ
1295 1242 1357 1285 ὅτι
1378 1242 1452 1286 οῦκ
1473 1241 1578 1285 εἶπεν
1593 1239 1690 1284 ἒαυ-
1704 1249 1742 1285 15

186 1316 275 1361 :cciv
309 1315 409 1359 εἶναι
437 1314 527 1357 υἱὸν
557 1319 683 1368 θεοῦ,
719 1315 816 1364 τοὺς
847 1314 893 1357 δὲ
915 1311 1217 1370 Χριστιανούς,
1257 1310 1314 1363 ὥς
1333 1316 1517 1355 τοιοῦτον
1537 1309 1694 1367 τολμῆ-

204 1403 358 1437 σαντας
386 1390 644 1443 προστρῖψαι
666 1388 725 1443 τῷ
748 1386 923 1443 Χριστῷ
953 1381 1085 1439 ὄνομα
1119 1384 1189 1426 καὶ
1218 1382 1321 1426 θεὸν
1352 1381 1477 1426 αὐτὸν
1509 1384 1577 1424 καὶ
1604 1380 1695 1424 υἱὸν

205 1460 310 1499 θεοῦ
343 1457 410 1499 καὶ
441 1452 560 1510 λόγον
595 1453 905 1512 σεσαρκωμένον
933 1455 1003 1496 καὶ
1032 1452 1331 1511 σταυρωθέντα
1355 1452 1695 1509 δογματίσαντας,

206 1530 257 1583 τῇ
275 1530 348 1569 τοῦ
371 1524 502 1582 πυρὸς
521 1524 656 1582 γεέννῃ
675 1525 987 1582 παραδοθῆναι.
1058 1520 1144 1566 εἶτα
1163 1520 1323 1572 ,ἔαυτόν
1354 1538 1478 1580 φησιν
1511 1519 1590 1564 ὑπὸ
1622 1524 1695 1564 τοῦ

209 1599 314 1638 θεοῦ
345 1597 573 1650 κεκλῆσθαι
607 1592 723 1650 μάλα
755 1597 962 1648 θεοσεβῆ,
1011 1590 1068 1644 ὡς
1098 1597 1172 1636 τοῦ
1205 1590 1358 1642 παντὸς
1379 1590 1514 1653 ἀὐτὸν
1548 1590 1695 1641 ἔθνους
1707 1598 1742 1634 2(

157 1673 189 1711 Β
215 1664 343 1708 αἴτιον
361 1665 598 1718 θεοσεβείας
615 1661 855 1721 ὑπάρξαντα
873 1663 1151 1715 ἐπαινεῖσθαι,
1187 1663 1255 1705 καὶ
1277 1660 1424 1704 τούτου
1443 1658 1569 1717 χάριν
1589 1664 1697 1702 κλει-

210 1736 361 1789 δοῦχον
392 1737 467 1776 τοῦ
497 1734 750 1791 παραδείσου
782 1735 1042 1788 γεγενῆσθαι.
1112 1733 1186 1775 καί
1203 1748 1246 1787 γε
1271 1730 1374 1785 μετὰ
1398 1730 1443 1772 τὸ
1469 1727 1542 1772 ὑπ’
1569 1730 1698 1772 αὐτοῦ

209 1803 283 1847 τὸν
309 1801 562 1861 παράδεισον
594 1802 852 1861 ἀνεῳχθῆναι
887 1804 1161 1846 συνεισελθεῖν
1191 1800 1303 1861 αῦτῷ
1329 1797 1612 1856 ἑβδομήκοντα
1629 1816 1699 1854 χι-

304 1922 352 1958 20
374 1920 439 1957 καὶ
466 1918 546 1962 ais?

213 2029 295 2070 tur,
325 2027 366 2059 ut
390 2035 494 2059 unum
517 2026 653 2059 tantum
676 2024 780 2059 deum
805 2024 1018 2069 adorarent,
1054 2027 1096 2060 ut
1115 2023 1294 2060 Christum
1317 2028 1592 2070 venerarentur,
1633 2036 1709 2073 non*

214 2071 319 2117 quasi
347 2070 456 2105 filium
489 2071 554 2105 sed
576 2076 710 2106 tantum
733 2083 798 2117 pro
825 2073 936 2107 verbo
962 2071 1021 2107 dei
1043 2077 1126 2107 nato
1151 2084 1195 2106 ex
1220 2071 1358 2117 Spiritu
1382 2072 1534 2116 Sancto;
1560 2077 1598 2106 ut
1621 2083 1704 2106 ver-

212 2120 296 2154 bum
318 2122 358 2152 et
372 2117 539 2163 spiritum
563 2118 658 2163 quod
681 2118 863 2164 profertur
888 2124 925 2153 et
946 2118 984 2152 in
1011 2119 1129 2153 aetem
1153 2118 1347 2153 effunditur
1370 2119 1610 2165 opinarentur,
1634 2129 1706 2152 non

213 2175 307 2210 quae
338 2164 376 2198 in
410 2164 533 2198 divina
563 2164 800 2200 subsisterent
831 2165 986 2200 essentia
1019 2170 1081 2200 aut
1111 2164 1266 2200 eiusdem
1297 2177 1373 2200 cum
1398 2165 1560 2211 genitore
1585 2170 1705 2199 essent

215 2216 385 2254 naturae3
407 2222 452 2245 ne
474 2211 614 2245 beatam
636 2211 784 2246 Mariam
809 2212 972 2247 dicerent
997 2211 1054 2246 dei
1080 2211 1300 2257 genitricem,
1327 2212 1391 2246 sed
1411 2223 1567 2247 sororem
1591 2211 1704 2245 Mosis

215 2262 255 2292 et
270 2256 440 2300 Aaronis;
464 2269 508 2292 ne
531 2256 798 2303 baptizarentur
822 2263 883 2294 aut
905 2258 1089 2293 sabbatum
1111 2263 1271 2303 agerent,
1296 2270 1412 2304 neque
1435 2258 1525 2303 legis
1549 2269 1707 2302 evange-

214 2303 302 2338 liive
326 2303 491 2338 instituta
514 2308 701 2348 tenerent,
733 2305 798 2339 sed
822 2300 959 2339 crucem
982 2305 1291 2350 abominarentur,
1318 2307 1546 2351 umbramque
1570 2304 1706 2339 Christi

214 2349 255 2385 in
278 2361 416 2384 crucem
441 2355 554 2385 actam
578 2350 790 2386 faterentur.
840 2351 926 2397 quin
951 2357 987 2386 et
1011 2351 1161 2386 omnium
1185 2363 1304 2387 eorum
1326 2363 1425 2387 usum
1447 2352 1492 2386 iis
1517 2350 1706 2395 concessit,

216 2396 344 2444 quibus
370 2396 428 2431 lex
450 2396 654 2440 interdicit,
678 2403 828 2444 excepta
852 2397 952 2443 porci
976 2410 1096 2433 carne.
1144 2398 1228 2433 vino
1252 2409 1399 2444 prorsus
1426 2398 1607 2435 abstinere
1630 2397 1707 2432 ius-

217 2443 278 2478 sit.
327 2454 434 2489 porro
460 2448 574 2478 autem
599 2443 751 2479 fabulam
774 2444 880 2479 talem
906 2450 1120 2479 commentus
1144 2450 1212 2480 est.
1261 2445 1331 2480 sibi
1363 2445 1416 2480 ait
1448 2445 1568 2480 claves
1600 2455 1707 2489 para-

217 2488 288 2524 disi
311 2489 512 2524 commissas
534 2489 661 2525 fuisse.
709 2490 768 2525 die
801 2490 947 2535 iudicii,
985 2497 1172 2538 postquam
1194 2491 1314 2527 Moses
1349 2503 1425 2526 cum
1457 2490 1630 2526 Israelitis
1661 2491 1707 2525 ad

217 2536 375 2571 tribunal
398 2535 557 2581 adstitit,
588 2542 626 2571 et
647 2536 676 2571 ii
697 2542 736 2572 ut
760 2538 821 2582 qui
843 2537 957 2582 legem
980 2537 1175 2573 violassent
1197 2539 1358 2574 flammae
1384 2537 1550 2583 supplicii
1574 2536 1709 2572 addicti

218 2582 386 2627 fuerunt,
418 2593 557 2617 rursum
592 2583 707 2618 [esum
743 2595 783 2618 se
817 2584 975 2629 stitisse,
1017 2595 1059 2618 ac
1083 2597 1203 2619 coram
1224 2585 1291 2620 deo
1316 2596 1467 2630 negasse
1491 2595 1643 2629 unquam
1667 2595 1708 2617 se

218 2639 347 2663 nomen
370 2628 436 2663 filii
462 2628 521 2663 dei
544 2628 614 2664 sibi
638 2641 838 2675 arrogasse.
885 2630 968 2666 ideo
993 2630 1238 2676 Christianos,
1272 2632 1334 2676 qui
1358 2631 1463 2666 talem
1489 2630 1632 2665 Christo
1657 2629 1708 2664 ti-

218 2674 329 2709 tulum
351 2675 533 2722 imponere
554 2675 633 2710 ausi
656 2676 832 2721 fuissent,
869 2688 1018 2723 eumque
1041 2677 1164 2723 deum,
1200 2678 1259 2713 dei
1283 2678 1393 2712 filium
1418 2682 1455 2712 et
1476 2678 1624 2712 verbum
1650 2676 1707 2710 in-

221 2727 399 2756 carnatum
424 2733 466 2756 ac
489 2722 695 2757 crucifixum
718 2723 1028 2768 pronuntiassent,
1061 2723 1098 2758 in
1128 2736 1299 2769 geennam
1329 2723 1423 2768 ignis
1445 2723 1600 2758 deditos.
1649 2734 1708 2757 se-

216 2767 369 2801 nundum
393 2768 479 2803 haec
500 2780 540 2803 se
561 2780 583 2803 a
601 2769 668 2803 deo
693 2775 856 2805 vocatum
882 2769 995 2805 fuisse
1017 2770 1200 2805 admodum
1223 2771 1317 2816 pium
1345 2776 1382 2804 et
1413 2770 1609 2812 laudatum,
1645 2769 1709 2814 qui

222 2812 291 2847 toti
312 2813 413 2857 genti
436 2815 579 2860 pietatis
604 2819 729 2850 auctor
753 2822 870 2861 esset,
905 2816 1058 2862 ideoque
1092 2816 1210 2852 ciaves
1237 2815 1393 2862 paradisi
1417 2816 1487 2852 sibi
1510 2816 1706 2850 mandatas.

219 2863 406 2906 postquam
430 2861 631 2906 paradisum
656 2862 873 2909 aperuisset,
906 2874 1025 2899 secum
1047 2863 1201 2899 intrasse
1226 2863 1452 2910 septuaginta
1476 2863 1572 2899 milia
1596 2861 1709 2897 homi-
