1742 3184
403 189 800 235 HISTORIARUM
835 190 1233 236 COMPENDIUM.
1464 192 1564 240 275

79 302 306 362 ὁλοσχερῶς
342 305 447 363 πρὸς
477 304 552 362 τὴν
582 310 665 349 τῶν
695 308 831 349 καλῶν
861 304 1054 364 ἐργασίαν
1081 307 1349 363 διαναστῆσαι
1377 304 1486 367 ὅρκῳ
1511 309 1562 352 τὰ

78 375 279 429 λεχθέντα
311 379 552 427 πιστοῦται,
595 375 722 431 λε’γων
755 373 886 426 οὕτως
913 373 1009 418 “vai
1042 375 1104 430 μὰ
1136 375 1207 419 τὸν
1238 375 1414 437 ἁμετέρᾳ
1445 383 1565 439 ψυχᾷ

77 441 317 501 παραδόντα
337 442 585 502 τετρακτύν,
621 444 757 501 παγὰν
778 442 925 487 ἀενάου
947 442 1154 503 φύσεως.”
1227 443 1250 489 ὃ
1278 446 1324 489 δὲ
1348 445 1469 504 ὅρκος
1493 449 1557 504 γί-
1578 450 1610 486 P
1635 454 1704 493 157

75 529 186 555 νεται
227 513 373 564 αὐτοῖς.
405 515 473 556 καὶ
514 512 665 570 δόγμα.
735 507 855 564 οὗτος
890 511 913 556 ὅ
947 511 1212 573 Πυθαγόρας
1244 514 1564 571 μετεμψύχωσιν

39 579 354 638 ὄέδογμάτιζεν·
389 581 440 637 ἢν
467 583 604 626 θέλων
628 587 812 639 κυρῶσαι
839 582 971 639 ἔλεγεν
999 581 1145 627 ἑαυτὸν
1163 583 1243 642 πρὸ
1262 589 1345 633 τῶν
1365 589 1561 643 Τρωῖκιῦν

72 651 314 706 Αἰθαλίδην
342 652 544 708 γεγονέναι
560 684 572 703 ,
603 652 645 695 ἓν
675 652 720 695 δὲ
747 658 834 703 τοῖς
864 656 1068 709 Τρωΐκοΐς
1097 652 1345 711 Εὔφορβον,
1373 655 1478 710 μετὰ
1514 657 1560 699 δὲ

70 724 202 763 ταῦτα
226 717 472 778 Ἑρμότιμον
499 719 681 777 Σάμιον,
714 721 820 777 μεθ’
844 720 890 765 ὃν
912 719 1086 781 Πύρρον
1103 720 1262 779 Δήλιον
1282 725 1351 766 καὶ
1374 724 1558 780 πέμπτον

69 786 346 846 Πυθαγόραν.

202 858 299 916 Πρὸ
329 856 476 902 τούτου
505 858 550 901 δὲ
573 859 709 916 γέγονε
740 859 904 915 Θαλῆς,
936 858 983 911 ὃς
1010 860 1278 918 ἐπικεχείρηκε
1305 862 1555 921 φιλοσοφίαν

13 932 59 968 10
72 926 270 985 φυσικήν,
306 927 437 987 ἀρχὴν
468 933 543 971 τοῦ
573 929 726 979 παντὸς
751 930 819 971 καὶ
848 930 963 979 τέλος
983 928 1029 972 τὸ
1050 934 1132 986 πῦρ
1153 931 1220 973 καὶ
1242 929 1288 973 τὸ
1309 930 1424 987 ὕδωρ
1453 929 1554 974 εἶναι

68 995 231 1054 ᾳῆσας,
258 1000 326 1040 καὶ
352 999 394 1049 ἐξ
423 997 558 1040 αὐτῶν
586 997 640 1040 τοὶ
670 995 804 1040 πάντα
836 999 1132 1041 συνίστασθαι·
1167 999 1247 1057 ἀφ’
1279 993 1336 1042 ὧν
1364 1002 1431 1042 καὶ
1458 1000 1555 1051 τοὺς

65 1066 257 1121 σεισμοὺς
294 1069 362 1110 καὶ
397 1065 639 1122 πνευμάτων
673 1067 913 1126 συστροφὰς
942 1069 1011 1110 καὶ
1044 1067 1207 1126 ἄστρων
1240 1066 1417 1124 κινήσεις
1448 1071 1553 1126 γίνε-

63 1140 185 1179 σθαι.
236 1150 238 1152 ’

192 1204 285 1248 Ὅτι
308 1208 471 1261 πρῶτος
490 1201 511 1246 ὃ
537 1204 679 1260 Θαλῆς
700 1204 748 1248 τὸ
769 1209 842 1248 τοῦ
863 1208 998 1262 σοφοῦ
1018 1204 1133 1259 ἔσχεν
1152 1203 1283 1260 ὄνομα
1294 1237 1308 1258 ,
1343 1207 1412 1248 καὶ
1435 1210 1550 1263 πρῶ-

7 1283 52 1319 15
64 1292 133 1326 τος
154 1274 229 1330 τὴν
249 1274 392 1329 ψυχὴν
413 1271 518 1316 εἶπεν
537 1272 773 1326 ἀθάνατον,
803 1275 1003 1328 ἐκλείψεις
1021 1291 1064 1318 τε
1084 1276 1150 1317 καὶ
1173 1275 1387 1333 ἰσημερίας
1413 1278 1546 1319 κατεί-
1567 1283 1598 1318 Β

62 1349 180 1402 ληφε.
251 1345 319 1386 καὶ
353 1343 659 1401 ἀποφθέγματα
688 1347 858 1387 πλεῖστα
874 1344 1082 1396 κατέλιπε,
1111 1345 1180 1386 καὶ
1199 1344 1245 1387 τὸ
1266 1343 1550 1401 θρυλούμενον

54 1411 216 1470 ιςγνῶθι
261 1410 478 1456 σεαυτόν.”
549 1412 596 1455 τὸ
637 1411 717 1470 γάρ
748 1411 926 1468 Ἵγγύα,
968 1411 1083 1470 πάρα
1124 1412 1168 1455 δ’
1211 1411 1323 1467 ἄτη”
1359 1415 1549 1465 Χίλωνος

58 1480 218 1539 μᾶλλόν
239 1482 369 1534 ἔστιν,
401 1482 757 1537 ῗδιοποιησαμένου
783 1481 883 1524 αὐτὸ
906 1483 974 1524 καὶ
997 1482 1043 1524 τὸ
1074 1479 1232 1537 αμηδὲν
1256 1480 1409 1538 ἄγαν.”

198 1552 349 1610 Τρίτος
376 1550 605 1609 φιλόσοφος
627 1551 919 1606 Ἐμπεδοκλῆς.
990 1545 1109 1601 οὗτος
1128 1550 1232 1606 μετὰ
1252 1550 1407 1601 πολλὰς
1423 1568 1547 1608 τερα-

0 1621 244 1677 2οτολογίας
271 1619 511 1677 ἐδογμάτισε
542 1622 609 1663 καὶ
636 1624 790 1672 ταῦτα,
824 1620 899 1675 τὴν
917 1623 992 1662 τοῦ
1007 1619 1158 1671 παντὸς
1179 1619 1308 1677 ἀρχὴν
1328 1627 1458 1670 νεῖκος
1475 1623 1545 1663 καὶ

58 1692 199 1749 φιλίαν
227 1690 376 1747 λέγων,
405 1691 474 1732 καὶ
503 1690 550 1733 τὸ
579 1693 652 1744 τῆς
680 1688 862 1744 μονάδος
881 1689 1022 1746 νοερὸν
1040 1693 1121 1746 πῦρ
1141 1689 1213 1732 τὸν
1230 1688 1353 1740 θεόν,
1389 1691 1456 1731 καὶ
1480 1689 1543 1732 ὅτι

54 1762 99 1803 ἔκ
131 1758 261 1819 πυρὸς
290 1759 344 1802 τὰ
372 1757 505 1803 πάντα
537 1761 775 1803 συνίσταται
796 1760 864 1801 καὶ
888 1760 946 1809 εἷς
968 1762 1050 1816 πῦρ
1074 1753 1197 1809 αὖθις
1228 1756 1445 1801 ἀναλύεται
1457 1790 1472 1811 ,
1507 1752 1542 1818 ᾧ

51 1882 122 1917 que
144 1873 185 1905 ut
206 1868 402 1905 auditorem
425 1867 537 1914 magis
561 1868 606 1903 ad
631 1868 857 1903 honestarum
882 1867 1059 1902 actionum
1082 1865 1236 1902 studium
1261 1866 1453 1913 excitaret,
1482 1867 1541 1903 iu-

50 1921 210 1953 ramento
236 1915 342 1952 dictis
369 1915 474 1949 fidem
498 1915 664 1950 conciliat
685 1915 723 1949 in
750 1915 840 1949 hanc
864 1913 1094 1949 sententiam:

272 1973 337 2009 per
358 1961 426 1996 tibi
450 1973 515 2006 ego
539 1961 659 1996 divum
683 1973 770 1996 vera
791 1972 871 1995 esse
895 1961 983 1995 haec
1006 1959 1085 1994 iuro
1109 1962 1303 2005 tetractyn,

274 2012 430 2043 nostram
452 2007 602 2043 animam
624 2008 685 2054 qui
708 2012 857 2043 naturae
879 2007 925 2042 de
947 2007 1049 2042 fonte
1072 2005 1222 2053 perenni

269 2053 334 2089 irri
361 2058 410 2089 at.

49 2103 119 2138 hoc
139 2066 370 2136 iuramentufiu
394 2110 498 2134 uuum
521 2104 578 2135 est
599 2111 644 2135 ex
664 2100 819 2136 decretis
835 2099 1079 2145 Pythagorae.
1124 2097 1219 2132 idem
1237 2096 1371 2132 animas
1390 2097 1436 2132 de
1457 2107 1538 2131 eor-

47 2148 195 2194 poribus
219 2147 258 2181 in
281 2157 432 2191 corpora
454 2146 608 2191 migrare
630 2147 759 2182 sensite
792 2147 886 2192 quod
910 2151 950 2181 ut
971 2146 1213 2188 confirmaret,
1240 2155 1279 2177 se
1301 2147 1385 2178 ante
1407 2141 1536 2178 bellum

48 2194 245 2229 Troianum
269 2193 381 2227 fuisse
401 2192 622 2227 Aethalidem
645 2193 755 2238 dixit,
780 2192 819 2228 in
840 2192 934 2227 bello
956 2192 1115 2226 Troiano
1134 2190 1386 2244 Euphorbum,
1410 2194 1536 2234 postea

44 2239 303 2321 {lex-:nothum
326 2238 502 2285 Samium,
538 2250 581 2274 ao
603 2251 726 2275 rursus
747 2239 924 2285 Pyrrhum
951 2238 1113 2283 Delium,
1149 2241 1273 2283 quinto
1295 2235 1433 2270 demum
1456 2234 1535 2271 loco

145 2298 164 2321 a
191 2297 301 2321 oram.

78 2287 245 2367 ythPiior
266 2331 474 2377 Pythagora
495 2331 566 2367 fuit
587 2331 742 2378 Thales,
775 2332 839 2378 qui
862 2335 1022 2367 naturam
1044 2340 1163 2365 rerum
1185 2326 1365 2373 explicare
1387 2330 1535 2362 conatus

44 2378 186 2414 initium
217 2384 256 2414 et
277 2379 384 2413 finem
408 2377 559 2413 omnium
581 2390 697 2414 rernm
726 2379 817 2414 dixit
841 2391 920 2414 esse
944 2389 1068 2424 aquam
1099 2380 1206 2421 atque
1226 2374 1357 2419 ignem.
1405 2385 1451 2408 ax
1477 2373 1534 2408 hia

44 2425 162 2461 omnia
186 2430 369 2461 constare:
404 2425 450 2459 ab
474 2424 530 2460 his
552 2425 658 2460 etiam
680 2430 800 2462 terrae
820 2430 953 2471 motus,
977 2428 1162 2459 ventorum
1186 2419 1347 2457 turbines
1373 2424 1413 2455 et
1436 2419 1534 2455 side-

42 2484 121 2508 rum
142 2477 258 2507 motus
280 2472 475 2518 proficisci.
893 2502 895 2505 ,

136 2519 274 2553 Primus
305 2517 440 2553 Thales
471 2517 644 2564 sapientis
668 2530 794 2554 nomen
816 2516 1033 2564 reportavit,
1065 2514 1269 2560 primusque
1292 2511 1442 2547 animam
1464 2511 1531 2546 im-

42 2565 226 2601 mortalem
248 2563 359 2609 dixit,
385 2570 492 2609 atque
514 2565 674 2600 defectus
693 2565 780 2601 solis
803 2571 840 2600 et
859 2565 963 2599 lunae
982 2567 1019 2597 et
1039 2559 1264 2606 aequinoctia
1285 2557 1529 2603 deprehendit.

41 2612 194 2658 plurima
218 2611 323 2646 etiam
348 2611 498 2646 dicteria
521 2610 685 2656 reliquit3
716 2623 863 2658 quorum
888 2615 945 2645 est
968 2608 1074 2643 etiam
1098 2608 1270 2642 famosum
1291 2604 1378 2640 illud
1399 2601 1532 2639 “nosce

42 2664 80 2694 te
110 2655 263 2704 ipsum?
324 2669 404 2692 nam
430 2657 516 2692 illud
536 2654 716 2715 “spondet
749 2663 892 2705 praesto
917 2666 1010 2691 noxa
1035 2650 1112 2689 θεῖ’
1136 2651 1296 2687 Chilonis
1319 2651 1439 2699 potius
1461 2655 1528 2696 est,

41 2705 106 2751 qui
128 2706 166 2740 id
189 2703 258 2739 sibi
280 2703 501 2746 vindicavit3
529 2707 566 2739 et
589 2703 675 2738 illud
695 2701 704 2715 ‘
719 2716 765 2739 ne
788 2704 873 2750 quid
897 2696 1038 2737 nimis.”

134 2750 283 2786 Tertius
307 2750 539 2806 philosophus
561 2750 796 2796 Empedocles
809 2777 820 2795 ,
849 2754 992 2805 praeter
1014 2745 1124 2782 multa
1146 2745 1215 2780 alia
1237 2746 1445 2791 portentosa
1463 2742 1529 2777 de-

41 2800 163 2843 creta,
185 2797 253 2832 hoc
276 2802 383 2833 etiam
407 2797 541 2840 sensit,
567 2796 728 2832 universi
747 2795 925 2844 principia
946 2805 1026 2829 esse
1050 2791 1238 2828 amicitiam
1260 2795 1366 2836 atque
1390 2789 1529 2824 discor-

39 2843 155 2889 diam,
177 2843 349 2879 unitatem
369 2843 550 2879 intellectu
572 2843 731 2890 percipi,
755 2844 873 2889 ignem
897 2853 976 2877 esse
998 2841 1122 2884 deum,
1148 2838 1263 2873 omnia
1284 2849 1330 2872 ex
1347 2836 1430 2881 igne
1449 2846 1529 2870 esse

39 2894 244 2938 compacta,
274 2890 314 2926 in
347 2901 498 2939 eumque
530 2888 647 2927 omnia
668 2890 862 2927 resolutum
883 2888 944 2924 iri.
991 2886 1051 2924 oui
1071 2886 1150 2922 fere
1170 2883 1285 2921 Stoici
1306 2881 1528 2930 adstipulan-
