1742 3184
379 182 774 228 HISTORIARUM
808 182 1196 230 COMPENDIUM.
1425 184 1526 232 509
1537 187 1556 208 ‘

47 317 117 352 νος
132 299 349 357 θεολογίας
373 297 606 356 ὄρθοδόξου
632 297 814 343 ἅπτεται.
840 336 847 344 ,
881 298 941 355 μὴ
971 298 1051 357 γὰρ
1081 299 1157 355 τὴν
1185 297 1393 356 ἀκρίβειαν
1421 298 1527 355 ζήτει

48 370 162 426 παρὰ
182 374 256 413 τοῦ
284 370 532 425 δυνηθέντος
550 369 656 420 ὅλως
679 368 748 412 διὰ
768 366 928 412 σύνεσιν
951 372 1144 427 εἰλικρινῆ
1164 373 1433 412 κατοπτεῦσαι
1454 370 1528 423 τὴν

49 438 250 494 ἀλήθειαν
265 440 332 481 καὶ
352 443 403 496 τῇ
425 440 510 498 ἰδίᾳ
528 440 730 498 θρησκείᾳ
747 436 1052 493 ἀπομάχεσθαι.
1122 437 1216 481 ἀλλ’
1241 439 1364 481 ἐκεῖνο
1387 437 1525 491 ἐννόει,
1546 444 1578 479 D

49 506 111 552 ὅτι
131 510 188 557 εἷς
202 506 248 568 ἓν
267 506 486 564 πρόσωπον
506 507 555 550 οὗ
578 508 805 551 συνέκλεισε
824 507 898 563 τὴν
921 509 1160 564 θεολογίαν,
1195 505 1252 559 ὥς
1273 508 1312 550 οἷ
1335 507 1531 550 ἀπαίδευ-

14 584 110 620 5τοι
133 578 202 619 καὶ
221 575 465 632 κακόσχολοι
486 581 568 619 τῶν
594 577 804 620 Ἰουδαίων
832 580 1065 634 καθηγηταὶ
1094 576 1299 635 προλήψει
1323 574 1405 620 ’τινὶ
1431 594 1534 620 κατ-Δ

48 645 229 701 εχόμενοι
251 647 573 702 ὅογματίζουσιν.
636 647 710 689 οὐκ
733 648 776 689 ἔκ
797 645 951 690 τούτων
972 648 1016 690 δὲ
1031 646 1170 703 μόνων
1192 645 1533 702 πληκτικωτάτων

47 715 175 758 ὄντων
201 717 258 769 εἷς
284 714 438 770 ταύτην
459 714 681 773 προήχθη,
726 715 782 766 ὥς
808 734 852 773 γε
875 714 1078 772 ἡγοῦμαι,
1117 717 1191 772 τὴν
1209 716 1386 768 ἔννοιαν,
1424 716 1529 759 ἀλλὰ

48 786 116 827 καὶ
141 785 184 827 ἐκ
205 788 279 828 τοῦ
299 783 563 840 “ποιήσωμεν
585 784 810 842 ἄνθρωπον
831 787 926 829 κατ’
953 785 1089 830 εἰκόνα
1110 784 1309 844 ἡμετέραν
1333 787 1400 828 καὶ
1420 784 1528 828 καθ’

531 859 549 868 ,ι
582 852 607 868 (C
626 854 647 867 ³!

49 852 290 908 ὅμοίωσιν”
253 886 267 906 ,
328 856 396 896 καὶ
414 855 458 896 ἐκ
477 872 549 897 του
622 858 758 912 εβρεξε
777 853 916 913 κύριος
935 861 1016 913 πῦρ
1039 855 1153 913 παρὰ
1171 858 1311 913 κυρίου
1320 856 1357 907 ‚''
1395 857 1464 898 καὶ
1487 856 1531 897 ἐκ

0 928 122 967 1οτοὗ
149 921 174 937 “

48 995 92 1036 ἔκ
112 997 186 1035 τοῦ
208 990 303 1036 ιὅτι
325 993 367 1035 ἓν
387 995 453 1036 σοὶ
476 1011 497 1036 ο
517 992 640 1045 θεός,
687 995 755 1036 καὶ
781 995 831 1036 σὺ
856 992 892 1036 εἷ
908 993 928 1036 ὃ
951 994 1095 1045 θεός.”
1167 994 1264 1044 τοὺς
1283 994 1362 1079 γὰρ
1386 995 1530 1050 λέγον-
1553 994 1584 1029 Ρ
1604 995 1673 1031 291

46 1080 122 1113 τας
139 1060 200 1105 ὅτι
220 1060 414 1119 μυριάκις
437 1064 544 1106 εστὶν
563 1062 676 1118 ἅγιος
698 1061 719 1104 ὃ
744 1061 858 1115 θεός,
877 1065 946 1106 καὶ
966 1062 1011 1106 τό
1034 1062 1058 1077 “
1067 1062 1224 1120 ἅγιος
1198 1081 1314 1119 αγιος
1330 1063 1444 1118 ἅγιος
1456 1061 1532 1105 κύ-

47 1131 161 1189 ριος”
189 1137 520 1189 παρερμηνεῦσαι
541 1136 793 1187 τολμῶντας,
821 1137 1019 1190 λαμπρῶς
1040 1135 1188 1189 ἐλέγχει
1209 1131 1254 1175 τό
1280 1130 1532 1187 ((εξεζητησα

46 1202 92 1244 τὸ
115 1199 334 1258 πρόσωπόν
357 1219 457 1253 σου,
492 1201 539 1244 τὸ
561 1199 782 1257 πρόσωπόν
801 1218 876 1244 σου
899 1201 1010 1259 κύριε
1034 1201 1214 1258 ζητήσω,
1249 1202 1308 1257 μὴ
1329 1203 1530 1259 ἀποστρέ-

182 921 288 966 ειπεν
315 921 336 966 ὅ
366 921 507 980 κύριος
533 928 590 981 τῷ
614 926 742 982 κυρίῳ
764 942 869 978 μου,
905 924 1043 968 κάθου
1066 927 1108 967 ἐκ
1130 928 1271 976 δεξιῶν
1289 925 1428 980 μου,”
1463 926 1532 967 καὶ

0 1278 36 1314 15
48 1283 136 1327 ψῃς
159 1271 206 1314 τὸ
234 1269 454 1328 πρόσωπόν
484 1288 560 1314 σου
587 1270 660 1312 ἀπ’
695 1271 843 1325 ἔμοῧ.”
916 1273 951 1313 εἲ
967 1273 1027 1326 μὴ
1050 1272 1130 1327 γὰρ
1149 1277 1222 1326 τὴν
1244 1269 1361 1326 ἆγιάν
1384 1270 1531 1326 ἀνεκή-

48 1357 167 1397 ρυττε
197 1344 406 1395 μυστικῶς
436 1338 586 1397 τριάδα
617 1338 637 1381 ὃ
661 1338 851 1396 φράσας,
896 1343 1198 1398 περιττολογίας
1218 1342 1374 1391 δίκαιος
1394 1339 1444 1382 ἂν
1468 1341 1529 1395 εἴη

47 1409 327 1464 ἇπαιτηθῆναι
348 1411 475 1465 ὁί.κην
535 1409 583 1452 οὗ
603 1408 731 1462 μόνον
752 1410 835 1451 δὲ
818 1427 859 1451 εν
878 1409 1009 1452 τούτω
1030 1414 1207 1466 (χρηναι
1223 1410 1311 1466 γὰρ
1331 1408 1485 1463 οἶμαι
1467 1411 1533 1452 επὶ

1031 1478 1099 1493 σοι(

49 1476 341 1564 σαφέστερονε
324 1484 503 1535 ορμῆσαι
523 1478 664 1535 ῥητὸι)
696 1478 801 1520 ἀλλὰ
830 1481 899 1521 καὶ
929 1497 971 1522 εν
992 1496 1049 1537 τῳ
1107 1484 1238 1522 θῦσον
1256 1483 1314 1536 τῷ
1335 1483 1424 1536 θεῶ
1447 1483 1533 1521 θυ-

47 1565 153 1598 σιας
159 1549 370 1600 αἰνέσεως,
405 1550 474 1590 καὶ
503 1546 659 1597 ἀπόδος
690 1551 749 1590 τῶ
777 1545 941 1606 ὖψίστω
976 1549 1052 1599 τὰς
1073 1547 1194 1603 ευχάς
1214 1565 1313 1600 σου,
1349 1550 1418 1591 και
1442 1549 1532 1590 ἔπι-

0 1616 220 1662 Ξοκάλεσαί
229 1635 283 1672 με
301 1619 344 1660 ἐν
364 1615 496 1678 ἡμέρα
518 1614 708 1671 θλίψεώς
729 1634 828 1668 σου,
864 1619 932 1660 καὶ
953 1619 1169 1672 ἐξελοῢμαί
1187 1635 1231 1661 σε
1253 1619 1321 1659 καὶ
1345 1617 1533 1669 δοξάσεις

42 1687 141 1742 fae-³²
215 1688 249 1730 εἲ
267 1687 326 1744 μὴ
345 1689 424 1744 γὰρ
446 1706 472 1742 η
493 1687 610 1744 τριὰς
628 1687 812 1729 ἐνταῦθα
830 1691 976 1744 σαφῶς
997 1686 1251 1744 εκηρύττετο,
1287 1686 1368 1729 ἔδει
1393 1686 1586 1772 ῥηθη-Β

44 1774 111 1799 ναι
132 1753 298 1829 “Sionis
315 1762 375 1798 τῶ
401 1761 491 1799 θεῶ
512 1757 666 1799 θυσίαν
686 1757 895 1807 αἰνέσεως,
931 1758 1000 1798 καὶ
1020 1756 1174 1807 ἀπόδος
1195 1762 1253 1815 τῶ
1268 1754 1433 1815 υψίστω
1455 1757 1532 1807 τὰς

45 1823 166 1882 εὐχάς
187 1842 262 1870 σου
270 1858 285 1879 ,
332 1828 402 1870 καὶ
435 1824 670 1870 ἐπικάλεσαι
704 1825 828 1868 αὐτὸν
857 1827 899 1869 ἐν
932 1824 1068 1888 ἡμέρα
1102 1824 1291 1882 θλιψεώς
1319 1842 1420 1878 σου,
1464 1827 1533 1868 καὶ

43 2018 131 2042 vero
153 2005 256 2040 Philo
276 2005 416 2040 veracis
438 2004 640 2050 theologiae
659 2007 802 2042 decreta
827 2011 1008 2043 assecutus
1033 2010 1107 2050 est3
1133 2018 1247 2052 neque
1267 2009 1321 2042 est
1340 2017 1403 2041 eur
1421 2007 1464 2042 ab
1486 2018 1531 2042 eo

43 2058 176 2088 tantam
200 2053 454 2098 perfectionem
480 2054 654 2097 requiras,
678 2058 717 2088 ut
739 2059 844 2100 putes
869 2066 944 2089 eum
969 2055 1108 2090 sincera
1130 2054 1363 2098 intelligentia
1387 2054 1530 2099 perspi-

45 2111 126 2134 cere
154 2099 339 2134 veritatem
374 2098 535 2144 potuisse
568 2105 605 2134 et
638 2110 736 2134 suam
769 2100 976 2146 religionem
1009 2101 1177 2135 abiicere.
1232 2100 1296 2134 sed
1319 2100 1387 2133 hoc
1412 2100 1531 2134 cousi-

43 2146 151 2190 dera,
187 2145 281 2191 quod
312 2145 586 2191 disputationem
619 2145 664 2180 de
697 2147 763 2181 deo
796 2159 866 2182 non
888 2149 933 2182 ad
957 2147 1092 2182 unicam
1118 2145 1307 2181 adstrinxit
1329 2157 1531 2200 personam,

43 2192 136 2232 sicut
163 2191 298 2227 indocti
335 2203 377 2227 ac
409 2190 498 2226 male
534 2192 654 2226 feriati
677 2192 886 2229 Iudaeorum
911 2194 1070 2240 magistri
1095 2193 1253 2237 faciunt,
1293 2203 1314 2226 a
1338 2191 1531 2227 maioribus

44 2251 110 2287 per
145 2250 268 2274 manus
304 2238 470 2273 traditam
511 2239 712 2283 opinionem
751 2246 944 2275 sectantes.
993 2251 1107 2283 neque
1145 2239 1234 2273 haec
1271 2250 1337 2283 ego
1372 2243 1529 2293 fantum,

44 2297 251 2331 quamquam
275 2284 458 2332 plurimum
484 2284 637 2320 habeant
660 2288 844 2332 momenti,
880 2299 1007 2322 censeo
1031 2286 1172 2320 Philoni
1201 2296 1339 2319 causam
1369 2284 1420 2319 ita
1444 2296 1530 2320 sen-

42 2332 156 2368 tiendi
178 2333 406 2382 praebuisse,
429 2331 493 2366 sed
517 2332 622 2366 etiam
646 2332 734 2367 haec
757 2335 870 2387 (Gen.
896 2330 963 2378 1)
969 2330 1150 2367 faciamus
1175 2331 1347 2366 hominem
1372 2332 1417 2366 ad
1440 2332 1530 2366 ima·

43 2379 159 2424 ginem
186 2383 222 2413 et
245 2359 505 2413 similitudinem
530 2377 718 2435 nostrams
761 2379 845 2415 item
871 2381 983 2424 (Gen.
1005 2375 1099 2424 18)
1102 2375 1205 2424 ‘pluit
1229 2378 1390 2413 dominus
1413 2378 1534 2422 ignem

44 2436 68 2460 a
90 2423 254 2460 domino”
286 2431 325 2460 et
360 2424 481 2468 (Psal.
502 2422 636 2469 109)‘
639 2421 745 2461 dixit
767 2427 926 2462 dominus
951 2426 1090 2461 domino
1114 2436 1210 2468 meo,
1246 2424 1331 2459 sede
1357 2436 1378 2460 a
1396 2423 1534 2461 dextris

43 2467 154 2507 meis'’
179 2478 216 2506 et
238 2469 425 2517 “quoniam
450 2472 487 2505 in
511 2476 548 2505 te
573 2472 660 2506 deus
685 2477 751 2516 est,
777 2479 814 2508 et
836 2480 874 2508 tu
899 2485 937 2507 es
960 2468 1085 2507 deus.”
1134 2483 1194 2506 eos
1221 2471 1311 2505 enim
1331 2471 1393 2516 qui
1411 2471 1534 2507 dicunt

44 2518 147 2553 deum
170 2518 320 2553 infinitis
344 2518 456 2554 modis
483 2529 562 2552 esse
586 2523 764 2563 sanctum,
783 2521 998 2576 audentque
1030 2519 1068 2553 in
1101 2518 1207 2553 alium
1230 2528 1333 2562 quam
1358 2517 1403 2552 de
1427 2516 1534 2552 trini-

43 2570 117 2600 tate
142 2577 282 2604 sensum
307 2564 535 2610 interpretari
561 2563 647 2598 illud
671 2565 774 2607 (Esa.
799 2563 873 2611 6)
877 2563 1045 2609 sanctus,
1065 2570 1225 2621 sanctus,
1251 2568 1394 2598 sanctus
1417 2563 1534 2600 donii-

43 2623 129 2654 nus‚
130 2607 154 2622 '’
178 2623 240 2646 eos
262 2612 351 2646 haec
378 2611 476 2646 dicta
499 2617 623 2656 aperte
646 2611 814 2647 refellunt
838 2612 951 2657 (Psal.
977 2592 1073 2655 26),
1077 2607 1252 2656 quaesivi
1273 2610 1400 2645 faciem
1393 2616 1532 2668 „tuam

43 2657 170 2692 faciem
196 2664 311 2702 tuam,
347 2657 508 2701 domine,
543 2657 741 2702 requiram.
774 2671 820 2694 ne
844 2664 987 2693 avertas
1010 2658 1138 2693 faciem
1162 2663 1258 2692 tuam
1279 2669 1302 2692 a
1323 2653 1415 2693 me.''
1461 2656 1533 2694 nisi

43 2703 135 2739 enim
164 2711 289 2739 auctor
322 2704 378 2739 his
409 2704 530 2738 verbis
558 2704 708 2748 mystice
740 2710 896 2740 sanctam
926 2705 1120 2739 trinitatem
1155 2703 1367 2748 indicasset,
1403 2703 1530 2739 merito

42 2762 385 2796 supervacaneorum
407 2752 596 2787 verborum
619 2751 866 2787 inculcationis
899 2751 1057 2786 damnari
1079 2756 1215 2798 posset.
1262 2761 1378 2795 neque
1401 2750 1439 2787 in
1462 2749 1531 2786 hoc

41 2803 176 2833 tantum
209 2798 387 2841 (arbitror
410 2798 504 2853 enimt
526 2798 685 2842 apertius
709 2798 824 2832 adhuc
848 2798 977 2833 dictum
1002 2797 1146 2844 aliquod
1167 2797 1441 2843 proferendum)
1466 2796 1533 2831 sed

41 2849 79 2877 et
100 2844 138 2878 in
159 2845 227 2879 hoc
251 2844 366 2889 (Psal.
390 2841 494 2889 49)‘
498 2841 721 2879 sacrificium
745 2844 859 2879 laudis
881 2845 1023 2882 domino
1046 2845 1195 2888 exhibe,
1220 2855 1262 2884 ae
1283 2849 1367 2881 vota
1391 2848 1453 2878 tua
1475 2844 1531 2878 al-

39 2890 174 2934 tissime
197 2891 375 2943 persolve.
429 2890 558 2927 invoca
580 2902 636 2927 me
660 2896 821 2938 tempore
844 2902 1085 2931 aerumnarum
1105 2897 1256 2938 tuarum,
1277 2895 1316 2928 et
1334 2901 1456 2929 eruam
1480 2894 1530 2935 te,
