1742 3184
376 192 782 264 fflsromA'RUM
810 219 1207 265 COMPENDIUM.
1439 224 1537 270 501

58 333 212 390 μαθὼν
229 331 285 386 ὧς
303 332 383 377 §nb
404 333 705 390 Διοκλητιανοῦ
722 335 789 378 καὶ
804 336 1074 391 Μαξιμιανοῢ
1096 334 1165 378 διὰ
1186 335 1260 391 τὴν
1280 337 1337 387 εἲς
1355 339 1540 395 Χριστὸν

60 402 279 460 ὁμολογίαν
298 409 418 447 τοῦτο
442 403 687 456 πεπόνθασι,
721 404 774 447 τὰ
788 405 904 460 χείλη
927 404 1244 461 τοϊς-τραύμασι
1268 407 1538 463 προσενήνοχε

61 471 434 528 κατασπαζόμενος,
453 472 632 516 ἕλκύσειν
647 475 803 516 ἐκεῖθεν
823 474 1007 530 εὐλογίαν
1024 479 1082 533 τῷ
1097 474 1297 533 φιλήματι
1314 475 1537 519 πιστεύων·

63 537 296 597 οὗτως-ἧνὸ
318 540 557 597 θαυμάσιος
570 543 673 600 ἀνὴρ
688 543 836 594 ἐκεῖνος
855 543 1044 604 εὐλαβείᾳ
1058 546 1125 586 καὶ
1138 545 1267 587 πίστει
1286 547 1353 587 καὶ
1371 563 1538 603 μετριο-

29 619 51 655 5
65 610 249 670 φροσύνῃ
271 613 642 669 λελαμπρυσμένος.
685 618 736 669 τῇ
760 613 804 655 δὲ
822 611 1015 670 ἐπαύριον
1036 614 1244 657 ἐπίσκοποι
1263 612 1410 665 πάντες
1429 617 1495 657 καὶ
1515 613 1536 658 ὃ
1559 627 1590 662 Β

61 679 256 734 βασιλεὺς
274 683 330 732 εἷς
350 681 419 722 ἵνα
439 679 565 723 τόπον
585 680 851 732 συνελθόντες
872 686 1043 726 καλοῦσι
1062 683 1132 726 τὸν
1152 682 1329 740 ”Αρειον
1355 684 1431 728 σὺν
1452 691 1538 735 τοῖς

62 747 293 807 ὃμόφροσιν
324 749 452 792 αὐτοῦ
478 753 536 801 εἷς
564 750 639 806 τὴν
669 749 855 803 σύνοδον,
891 752 1167 809 ἐπιτρέποντες
1199 753 1309 811 αὐτῷ
1339 758 1538 809 συστῆναι

61 825 148 870 τοῖς
169 815 566 875 οἰκείοιςὸόγμασιν.
635 814 685 876 ἦν
706 822 749 863 δὲ
770 821 822 863 τὰ
844 820 1030 877 δόγματα
1052 827 1125 864 τοῦ
1146 823 1321 875 ἀσεβοῦς
1337 825 1404 865 καὶ
1421 839 1538 879 τρισ-

61 886 296 944 καταράτου
318 889 493 944 Ἀρείου
522 893 667 932 ταῦτα.
738 889 813 932 οὒκ
847 890 908 932 ἀεὶ
946 888 967 932 ὃ
990 891 1090 942 θεὸς
1112 892 1246 947 πατὴρ
1270 887 1333 947 ἦν,
1368 893 1464 934 ἀλλ’
1486 886 1538 947 ἦν

7 954 52 1002 io
63 957 130 1000 ὅτε
151 957 253 1008 θεὸς
272 958 408 1015 πατὴρ
430 958 503 1000 οὐκ
523 953 587 1013 ἦν.
658 958 732 1001 οὐκ
761 959 822 1001 ἀεὶ
852 954 902 1015 ἦν
928 957 949 1001 ὃ
974 964 1048 1003 τοῦ
1067 965 1173 1003 θεοῦ
1195 959 1336 1016 λόγος,
1374 961 1470 1003 ἀλλ’
1495 963 1539 1012 ἐξ

63 1027 137 1070 οὒκ
167 1025 295 1070 ὄντων
321 1027 478 1083 γέγονεν
492 1041 504 1052 ·
551 1025 572 1069 ὅ
591 1027 670 1086 γὰρ
695 1027 750 1070 ὢν
770 1027 870 1080 θεὸς
892 1029 963 1071 τὸν
984 1030 1042 1084 μὴ
1067 1029 1165 1072 ὄντα
1187 1031 1230 1072 ἐκ
1249 1034 1322 1073 τοῦ
1344 1030 1403 1086 μὴ
1425 1029 1541 1080 ὄντος

61 1097 265 1161 πεποίῃκε.
335 1096 399 1138 διὸ
419 1092 470 1152 ἦν
488 1097 585 1140 ποτὲ
606 1095 672 1140 ὅτε
692 1098 766 1139 οὐκ
782 1092 854 1152 ἦν·
897 1099 1048 1152 κτίσμα
1077 1098 1155 1155 γάρ
1186 1100 1269 1143 ἐστι
1291 1102 1359 1141 καὶ
1384 1101 1541 1154 ποίημα

63 1163 84 1207 ὃ
106 1163 208 1216 υἱός.
278 1164 369 1208 οὕτε
392 1166 437 1208 δὲ
456 1165 599 1221 ὅμοιός
615 1168 723 1209 ἐστιν
741 1164 762 1208 ὃ
784 1166 873 1217 υἱὸς
892 1171 950 1225 τῷ
969 1170 1090 1225 πατρὶ
1115 1169 1199 1210 κατ’
1222 1169 1378 1211 οὐσίαν.
1449 1168 1541 1211 οὕτε

63 1234 114 1290 δὴ
144 1235 343 1290 ἀληθινὸς
371 1237 439 1277 καὶ
471 1234 592 1292 φύσει
622 1240 698 1277 τοῦ
730 1236 886 1293 πατρὸς
915 1235 1034 1291 λόγος
1068 1238 1189 1290 ἐστίν,
1236 1236 1329 1280 οὔτε
1362 1237 1541 1292 ἀληθινὴ

8 1314 51 1351 15
65 1305 191 1362 σοφία
220 1303 349 1347 αὐτοῦ
380 1305 507 1348 ἐστίν·
551 1304 648 1346 ἀλλ’
685 1301 741 1354 εἷς
769 1305 845 1358 μὲν
877 1309 958 1347 τῶν
988 1304 1227 1360 ποιημάτων
1259 1308 1326 1348 καὶ
1354 1304 1540 1362 γεννητός
1562 1318 1594 1353 c

62 1374 169 1425 ἔστι,
205 1377 542 1430 καταχρηστικῶς
572 1374 615 1415 δὲ
644 1374 801 1429 λέγεται
823 1372 945 1431 λόγος
965 1377 1033 1416 καὶ
1057 1377 1206 1432 σοφία,
1240 1373 1452 1431 γενόμενος
1476 1376 1546 1417 καὶ

63 1443 187 1494 αὐτὸς
213 1447 271 1501 τῷ
300 1443 390 1500 ἰδίῳ
418 1446 493 1484 τοῦ
512 1447 614 1484 θεοῦ
637 1442 744 1500 λόγῳ
764 1445 830 1485 καὶ
850 1446 892 1486 ἓν
912 1448 969 1501 τῷ
991 1448 1079 1502 θεῷ
1100 1446 1227 1503 σοφίᾳ
1238 1477 1251 1495 ,
1288 1446 1329 1486 ἐν
1351 1439 1378 1502 ᾗ
1401 1446 1468 1486 καὶ
1490 1445 1544 1487 τὰ

61 1511 194 1555 πάντα
220 1513 288 1554 καὶ
311 1511 436 1554 αὐτὸν
457 1514 670 1567 πεποίηκεν
687 1510 708 1554 ὅ
727 1510 840 1563 θεός.
911 1513 975 1555 διὸ
997 1516 1064 1555 καὶ
1083 1511 1254 1571 τρεπτός
1273 1514 1357 1556 ἔστι
1380 1515 1447 1556 καὶ
1469 1513 1546 1555 ἀλ-

63 1581 234 1632 λοιωτὸς
253 1581 328 1636 τὴν
349 1579 488 1639 φύσιν,
525 1579 581 1632 ὡς
598 1583 666 1623 καὶ
686 1580 819 1624 πάντα
837 1581 890 1623 τὰ
910 1580 1065 1638 λογικά.
1136 1583 1248 1634 ξένος
1267 1599 1310 1625 τε
1331 1584 1398 1625 καὶ
1418 1580 1545 1625 ἄλλό-

7 1663 175 1708 Ξοτριος
207 1652 274 1693 καὶ
307 1651 664 1706 ἀπεσχοινισμένος
695 1651 802 1694 ἐστὶν
832 1648 853 1693 ὃ
888 1649 1010 1707 λόγος
1035 1655 1109 1706 τῆς
1139 1655 1246 1694 θεοῦ
1275 1652 1418 1702 οὐσίας
1427 1684 1441 1704 ,
1477 1653 1547 1693 καὶ

64 1719 243 1783 ἀόρατος
263 1717 284 1761 ὃ
305 1721 441 1776 πατὴρ
462 1724 522 1778 τῷ
541 1721 632 1778 υἱῷ.
686 1719 778 1763 οὕτε
800 1719 879 1776 γὰρ
901 1722 1048 1771 τελέως
1068 1722 1136 1763 καὶ
1157 1722 1340 1778 ἀκριβῶς
1361 1719 1549 1777 γινώσκει

63 1788 84 1832 ὃ
105 1789 225 1846 λόγος
244 1788 315 1832 τὸν
333 1790 511 1847 πατέρα,
547 1788 639 1833 οὔτε
662 1791 822 1840 τελείως
842 1787 967 1832 αὐτὸν
993 1788 1094 1847 ὁρᾶν
1119 1788 1304 1832 δύναται.
1374 1792 1442 1832 καὶ
1469 1790 1550 1846 γὰρ

64 1853 212 1903 ἑαυτοῦ
234 1858 309 1915 τὴν
329 1860 472 1902 οὐσίαν
495 1859 568 1903 οὐκ
597 1857 705 1902 οἶδεν
733 1856 789 1910 ὡς
812 1857 902 1910 υἱός
923 1860 1029 1903 ἐστι·
1066 1859 1125 1901 δι’
1146 1858 1256 1915 ἡμᾶς
1278 1859 1358 1917 γὰρ
1382 1860 1550 1914 πεποίη-

62 1992 236 2039 piensque
264 1991 302 2025 id
334 2003 395 2026 eos
420 2003 443 2026 a
461 1990 686 2026 Diocletiano
711 1995 749 2027 et
770 1990 985 2026 Maximiano
1009 2002 1136 2036 passos
1167 1991 1263 2034 quod
1285 1991 1467 2027 Christum
1493 2002 1550 2026 es·
1580 2020 1582 2023 ,

63 2045 144 2074 sent
177 2037 356 2082 confessi,
391 2037 576 2071 cicatrices
602 2049 720 2072 eorum
743 2037 847 2072 labiis
872 2037 1021 2073 admotis
1046 2037 1268 2071 deosculatus
1293 2043 1368 2082 est,
1402 2048 1553 2084 sperans

65 2084 194 2120 osculis
227 2085 312 2118 inde
340 2096 380 2118 se
413 2084 620 2118 felicitatem
658 2085 879 2119 hausturum:
916 2090 1053 2119 tantum
1085 2084 1154 2117 suit
1186 2084 1222 2117 in
1245 2083 1314 2117 isto
1336 2083 1553 2129 imperatore

63 2132 161 2176 fidei,
184 2130 434 2165 observantiae
452 2142 536 2175 erga
558 2135 700 2165 sanctos
721 2136 759 2164 et
781 2131 991 2166 modestiae.
1015 2130 1189 2176 postridie
1213 2129 1375 2175 episcopi
1392 2128 1553 2164 universi

65 2185 103 2214 et
125 2178 320 2223 imperator
353 2177 392 2211 in
425 2187 531 2211 unum
564 2176 677 2211 locum
709 2176 846 2211 collecti
874 2178 996 2212 Arium
1021 2177 1065 2210 ad
1089 2188 1128 2210 se
1153 2181 1283 2210 vocant
1306 2176 1341 2210 in
1367 2175 1554 2210 concilium

65 2237 143 2260 cum
168 2224 242 2259 suis
263 2223 511 2267 sectatoribus,
538 2222 643 2268 eique
666 2234 748 2258 suas
771 2223 958 2269 opiniones
975 2222 1157 2256 asserendi
1173 2227 1386 2267 potestatem
1403 2222 1554 2256 faciunt.

65 2272 154 2306 haec
187 2277 303 2305 autem
333 2275 436 2304 erant
457 2269 557 2313 impii
581 2274 689 2315 atque
713 2271 921 2306 exsecrandi
946 2269 1023 2303 Arii
1045 2269 1203 2302 decreta.
1252 2268 1339 2302 deus
1364 2279 1435 2302 non
1459 2271 1554 2302 :sem-⁴

63 2330 131 2365 per
153 2317 222 2352 fuit
244 2322 358 2363 pater,
383 2317 446 2350 sed
471 2316 540 2349 fuit
563 2326 638 2349 cum
660 2317 746 2351 deus
771 2328 842 2351 non
865 2321 960 2351 esset
983 2321 1095 2360 pater.
1121 2326 1192 2349 non
1216 2325 1357 2359 semper
1378 2314 1448 2349 suit
1469 2325 1553 2348 vet-

64 2367 147 2400 bum
171 2363 252 2408 dei,
286 2363 350 2397 sed
374 2375 419 2397 ex
444 2374 486 2396 eo
512 2363 605 2407 quod
630 2361 718 2396 nihil
741 2368 839 2408 erat,
865 2368 1020 2397 creatum
1043 2366 1116 2395 est:
1152 2361 1239 2395 deus
1264 2361 1355 2394 enim
1378 2360 1440 2407 qui
1464 2363 1555 2405 erat,

66 2412 98 2446 is
118 2412 220 2446 deum
245 2410 306 2456 qui
331 2421 402 2443 non
426 2413 515 2452 erat,
541 2420 585 2442 ex
609 2407 719 2442 nihilo
743 2409 893 2443 creavit.
941 2407 1130 2453 aliquando
1162 2406 1272 2451 igitur
1303 2409 1449 2442 verbum
1482 2418 1555 2441 non

65 2458 153 2492 fnit:
178 2468 257 2491 nam
275 2455 370 2490 filius
395 2459 558 2490 creatura
580 2460 645 2498 est,
671 2460 708 2490 et
729 2466 788 2490 res
813 2456 955 2490 effecta.
989 2465 1105 2498 neque
1127 2465 1214 2488 vero
1241 2453 1335 2498 quod
1359 2453 1403 2488 ad
1428 2464 1553 2488 essen-

64 2504 150 2538 tiam
172 2503 312 2546 attinet,
339 2502 432 2536 filius
455 2501 550 2547 patri
570 2501 695 2535 similis
719 2507 793 2545 θεῖς
817 2513 934 2547 neque
954 2500 1144 2545 genuinum
1166 2504 1203 2534 et
1226 2504 1373 2534 naturae
1398 2499 1554 2534 eiusdem

65 2562 144 2584 cum
163 2555 272 2594 *patre
294 2549 441 2582 verbnm
467 2552 542 2590 est,
581 2558 696 2592 neque
719 2559 808 2582 vera
835 2548 911 2582 eius
928 2546 1124 2593 sapientia.
1172 2546 1236 2580 sed
1258 2547 1405 2580 verbum
1429 2550 1486 2580 est
1508 2546 1562 2592 de¹

65 2607 211 2635 numero
227 2600 478 2638 creaturarum,
491 2593 670 2637 genitum:
693 2593 887 2640 improprie
905 2599 1020 2628 autem
1042 2593 1188 2626 verbum
1212 2597 1249 2627 et.
1267 2591 1446 2638 sapientia
1462 2591 1561 2626 dici-¹

66 2650 146 2687 tur,
184 2653 260 2675 cum
293 2641 409 2687 ipsum
445 2651 587 2686 quoque
609 2639 787 2674 conditum
812 2640 861 2675 sit
884 2652 906 2674 a
929 2637 1074 2684 proprio
1098 2638 1158 2672 dei
1183 2639 1294 2672 verbo
1317 2643 1354 2674 et
1378 2637 1555 2685 sapientia

67 2698 159 2734 quae
183 2688 221 2722 in
244 2688 312 2723 deo
336 2692 410 2731 est,
435 2698 506 2733 qua
525 2699 547 2720 a
571 2686 639 2720 deo
663 2687 781 2721 omnia
803 2692 840 2721 et
866 2687 1009 2719 verbum
1034 2695 1175 2730 quoque
1197 2684 1312 2731 ipsum
1340 2686 1435 2720 facta
1459 2690 1555 2720 sunt.

66 2735 150 2770 ideo
176 2735 322 2769 verbum
347 2733 452 2768 etiam
476 2731 644 2767 mutabile
666 2738 723 2767 est
745 2745 787 2768 ac
807 2738 957 2767 naturae
981 2730 1196 2775 alterabilis,
1224 2731 1331 2766 sicuti
1355 2731 1472 2766 omnia
1492 2743 1553 2766 ra-

69 2783 168 2816 tione
191 2781 373 2826 praediun
407 2779 628 2824 alienumque
661 2783 717 2814 est
744 2781 892 2813 verbum
915 2777 1017 2812 a'dei
1040 2777 1260 2822 substantia,
1291 2779 1336 2822 ub
1361 2789 1474 2823 esque
1498 2778 1554 2811 di-

70 2827 250 2862 stinctum.
297 2837 414 2871 neque
435 2826 560 2860 videre
584 2830 702 2870 potest
722 2831 858 2871 patrem
881 2823 988 2868 filius,
1012 2834 1127 2869 neque
1150 2823 1310 2879 perfecte
1335 2830 1371 2860 et
1394 2824 1557 2871 praecise

73 2885 152 2908 eum
174 2884 390 2919 cognoscere
414 2884 531 2918 neque
554 2871 677 2906 videre
726 2876 832 2906 otest.
879 2881 959 2905 nam
977 2879 1075 2904 suam
1093 2869 1207 2916 ipsms
1226 2881 1367 2917 quoque
1389 2873 1556 2906 substan-

74 2920 158 2955 tiam
181 2932 251 2955 non
273 2919 386 2965 novit,
412 2919 586 2966 quomodo
610 2918 659 2953 sit
679 2918 703 2953 fi
718 2918 787 2953 ius.
813 2921 962 2964 propter
984 2928 1048 2953 nos
1072 2916 1165 2951 enim
1187 2917 1302 2953 factus
1326 2922 1394 2963 est,
1416 2923 1457 2952 ut
1471 2918 1558 2951 deus
