1742 3184
177 215 276 262 278
659 215 900 289 GEORGII
927 215 1175 260 CEDRENI

304 331 510 388 Ἕβδομος
531 328 828 390 Ἀναξαγόρας,
864 328 910 382 ὃς
935 330 1115 374 ἐκαλεῖτο
1135 332 1273 383 Νοῦς,
1309 329 1446 387 ἐπειδὴ
1467 328 1571 386 ὕλην
1588 332 1658 374 καὶ

173 405 270 446 νοῦν
290 401 453 446 πάντων
473 401 603 460 ἀρχὴν
624 404 692 444 καὶ
713 400 898 460 φρουρὸν
916 398 999 443 εἶπε
1009 432 1023 452 ,
1054 402 1121 443 καὶ
1142 399 1213 443 τὸν
1235 400 1310 456 μέν
1330 403 1427 443 νοῦν
1448 405 1656 453 ποιοῦντα,

171 471 247 528 τὴν
271 473 315 515 δὲ
331 470 432 528 ’ὅλην
449 472 674 529 γινομένην.
743 469 870 512 ὄντων
885 469 964 527 γὰρ
984 467 1147 512 πάντων
1169 467 1366 527 ὁμοφυῶν
1383 466 1404 512 ὅ
1424 474 1520 521 νοῦς
1538 471 1656 512 ἔπελ-

170 541 263 584 θιὺν
292 540 569 596 διεκόσμησεν.
639 534 758 590 οὗτός
790 540 899 582 ἔστιν
921 538 966 590 ὃς
986 539 1059 582 τὸν
1079 537 1197 594 ἥλιον
1223 537 1305 582 εἶπε
1325 536 1485 597 μύδρον
1504 537 1655 586 διάπυ-

116 618 150 655 Ῑ)
174 628 269 668 ρον,
305 611 487 654 τουτέστι
514 608 682 667 πύρινον
710 610 851 652 λίθον·
883 606 1044 667 μύδρος
1067 609 1110 651 δ’
1140 608 1225 652 ἐστὶ
1248 609 1417 667 σίδηρος
1437 608 1562 667 ἀργὸς
1581 617 1687 653 πε-5

167 681 495 739 πυρακτωμένος.
563 678 610 721 τὸ
636 678 679 721 δ’
706 677 801 729 ἴπος

387 749 524 806 ἠέλιον
542 746 745 804 πυρόεντα
762 744 921 804 μύδρον
941 746 1039 789 ποτὲ
1059 742 1214 805 φάσκεν
1234 743 1434 804 ὖπάρχειν

446 819 515 860 καὶ
540 816 610 860 διὰ
631 821 751 860 τοῦτο
767 821 911 860 θανεῖν
928 815 1074 870 μέλλεν
1086 813 1378 874 Ἀναξαγόρας.

164 883 227 929 ὅτι
245 887 312 928 καὶ
330 886 454 940 μείζω
475 891 548 942 τῆς
563 884 883 942 Πελοποννήσου
907 884 977 928 τὸν
998 883 1113 940 ἣλιον
1133 883 1280 941 ἔλεγεν.
1349 879 1467 935 οὗτος
1486 885 1653 937 Κλαζο-

161 956 300 1010 με’νιος
320 954 377 998 ὢν
401 957 564 1012 ἀγέλαις
580 973 623 999 τε
643 958 710 998 καὶ
731 953 932 1012 καμήλοις
949 953 1001 998 τὰ
1022 952 1171 997 ἑαυτοῦ
1191 955 1328 1009 ἀνῆκε.
1395 956 1488 1011 περὶ
1503 953 1649 998 τούτου
1665 963 1710 999 10

162 1023 241 1081 ἔφη
260 1023 530 1076 Ἀπολλώνιος
551 1023 572 1068 ὃ
595 1026 781 1078 Τυανεὺς
799 1023 1023 1082 προβάτοις
1039 1028 1200 1079 μᾶλλον
1220 1022 1247 1079 ἢ
1271 1021 1510 1081 ἀνθρώποις
1531 1027 1653 1082 φιλο-

163 1098 359 1152 σοςοῆσαι.
430 1093 451 1137 ὅ
479 1097 522 1137 δὲ
551 1095 738 1151 Θηβαῖος
757 1092 931 1154 Κράτης
955 1092 1234 1136 κατεπόντωσε
1259 1093 1333 1149 τὴν
1357 1094 1523 1144 οὗσίαν,
1559 1092 1652 1136 οὕτε

161 1162 387 1220 προβάτοις
422 1162 598 1220 ποιήσας
635 1163 842 1221 ἐπιτήδεια
878 1162 971 1207 οὔτε
1005 1160 1256 1220 ἀνθρώποις.
1325 1156 1446 1213 οὗτος
1491 1161 1651 1217 ἤκμασε

160 1233 266 1275 κατὰ
287 1233 332 1275 τὸ
353 1238 514 1290 πρῶτον
533 1233 622 1285 ἔτος
640 1238 714 1290 τῆς
736 1232 805 1290 πη’
821 1230 1124 1287 Ὀλυμπιάδος·
1158 1231 1266 1275 καθ’
1298 1230 1345 1275 ὃν
1373 1234 1442 1275 καὶ
1466 1230 1652 1275 Πλάτων

160 1302 315 1358 λέγεται
342 1307 599 1358 γεγενῆσθαι.
1661 1309 1706 1346 15

13 1374 44 1410 P
70 1376 138 1413 159
288 1370 464 1427 ’Όγδοος
483 1371 717 1430 Ἀρχέλαος.
788 1364 908 1422 οὗτος
936 1368 1016 1428 ἔφη
1044 1368 1118 1426 τὴν
1143 1372 1257 1426 μῖξιν
1281 1373 1355 1425 τῆς
1375 1368 1479 1426 ὕλης
1499 1367 1651 1425 ὁμοίως

151 1438 427 1502 Ἀναξαγόρᾳ,
476 1444 544 1484 καὶ
579 1442 656 1493 τὰς
688 1441 820 1498 ἀρχὰς
854 1438 1064 1491 ὡσαύτως.
1135 1441 1237 1497 φησὶ
1275 1440 1320 1482 δὲ
1348 1441 1416 1482 καὶ
1448 1442 1538 1498 περὶ
1567 1444 1649 1483 τῶν

158 1507 271 1567 ζῴων
306 1509 369 1552 ὅτι
399 1512 727 1568 θερμαινομένης
755 1514 829 1565 τῆς
860 1515 935 1566 γῆς
969 1509 1015 1552 τὸ
1048 1513 1212 1567 πρῶτον
1240 1509 1281 1569 ἕν
1307 1513 1366 1567 τῷ
1388 1507 1500 1552 κάτω
1520 1509 1647 1566 μέρει,

156 1577 258 1621 ὅπου
294 1579 340 1622 τὸ
373 1581 535 1638 θερμὸν
558 1582 626 1623 καὶ
648 1579 695 1623 τὸ
717 1579 883 1636 ψυχρὸν
902 1580 1086 1635 ἐμίσγετο
1097 1610 1111 1630 ,
1147 1577 1406 1635 ἀναφανῆναι
1427 1576 1480 1621 τά
1496 1596 1538 1622 τε
1563 1581 1648 1637 ζῷα

154 1649 223 1690 καὶ
256 1648 296 1690 οἳ
328 1647 569 1706 ἄνθρωποι,
604 1648 775 1706 ὕστερον
797 1649 842 1691 δὲ
867 1649 1007 1698 αὐτοῖς
1028 1645 1055 1703 ἦ
1080 1649 1122 1699 ἐξ
1146 1645 1334 1702 ἀλλήλων
1362 1647 1514 1704 γένεσις
1545 1650 1703 1705 ἔπη-20

155 1715 423 1772 κολούθησεν.
470 1717 625 1774 ἤκμαζε
646 1718 693 1761 δὲ
712 1719 781 1760 καὶ
803 1718 928 1770 αὐτὸς
948 1716 1053 1760 κατὰ
1073 1715 1170 1768 τοὺς
1185 1714 1363 1776 χρόνους
1375 1717 1645 1778 Ἀναξαγόρα,

153 1786 345 1837 συνέταξε
371 1788 416 1829 δὲ
437 1790 505 1831 καὶ
527 1789 808 1846 φυσιολογίαν.

282 1854 476 1908 ’Έννατος
503 1855 707 1910 Πλάτων,
741 1854 938 1913 μαθητὴς
970 1852 1241 1913 Σωκράτους·
1289 1852 1310 1897 ὃ
1345 1856 1391 1900 δὲ
1419 1855 1646 1915 Σωκράτης

241 1986 421 2033 Septimus
441 1989 691 2034 Anaxagoras,
715 1989 948 2034 cognomento
969 1986 1073 2022 Mens
1086 2012 1096 2031 ,
1120 1986 1215 2033 quod
1236 1986 1386 2022 omnium
1404 1999 1521 2024 rerum
1540 1989 1641 2035 prin-

148 2031 278 2078 cipium
311 2046 353 2069 ac
385 2036 691 2070 conservationem
723 2033 893 2069 materiae
925 2045 967 2068 ac
1000 2033 1108 2069 menti
1135 2033 1375 2079 adscriberet,
1411 2034 1463 2070 ita
1486 2036 1641 2081 quidem,

148 2083 188 2113 ut
212 2079 300 2115 haec
325 2081 504 2127 efficeret,
539 2094 584 2118 ex
612 2082 673 2117 illa
694 2093 753 2116 res
774 2082 915 2116 fierent.
963 2080 1092 2114 etenim
1112 2091 1190 2115 cum
1207 2080 1323 2115 omnia
1342 2082 1641 2117 essent-eiusdem

147 2130 296 2162 naturae
327 2133 363 2163 et
393 2130 559 2174 confusa,
595 2133 747 2164 mentem
777 2126 1028 2182 supervenisse
1052 2138 1094 2161 ac
1124 2139 1167 2162 ea
1189 2127 1388 2162 secrevisse
1415 2134 1454 2163 et.
1480 2128 1518 2163 in
1540 2129 1640 2164 ordi-

146 2183 227 2206 nem
260 2174 464 2210 adduxisse.
512 2175 545 2210 is
580 2181 636 2211 est
668 2174 730 2221 qui
759 2174 852 2209 dix1t
882 2174 992 2208 solem
1024 2185 1103 2208 esse
1133 2185 1282 2209 massam
1309 2174 1399 2210 ferri
1419 2176 1639 2223 candentem,

146 2217 184 2253 id
208 2223 264 2255 est
283 2219 436 2267 lapidem
457 2222 613 2268 igneum.
663 2233 707 2256 ea
729 2221 774 2256 de
796 2231 922 2255 versus
945 2221 1109 2255 feruntur
1130 2220 1245 2255 tales:

367 2269 574 2304 candentem
596 2269 686 2303 ferri
709 2278 858 2303 massam
881 2268 975 2312 quod
999 2267 1140 2302 dixerat
1165 2279 1244 2302 esse

367 2315 497 2361 solem,
523 2316 586 2351 vix
609 2319 756 2350 mortem
777 2313 871 2359 fugit
890 2313 1133 2358 Anaxagoras.

145 2362 183 2393 et
207 2359 300 2404 quod
326 2360 434 2396 solem
458 2361 705 2409 Peloponneso
728 2361 893 2396 maiorem
912 2360 1075 2395 dixisset.
1124 2359 1346 2395 Clazomenis
1365 2360 1534 2395 oriundus
1553 2361 1638 2398 fuit.

143 2415 250 2449 agros
284 2419 367 2442 suos
403 2409 531 2444 ovibus
568 2414 604 2444 et
638 2408 780 2444 camelis
814 2407 1009 2454 pascendos
1044 2405 1203 2452 reliquit.
1273 2407 1396 2452 itaque
1427 2407 1637 2452 Apollonius

144 2449 315 2495 Tyaneus
348 2465 426 2490 eum
459 2455 586 2491 ovibus
615 2455 726 2501 magis
757 2465 860 2500 quam
894 2452 1093 2488 hominibus
1127 2453 1412 2500 philosophatum
1445 2454 1549 2490 dixit.
1598 2459 1636 2490 at

145 2496 272 2533 Crates
300 2501 495 2537 Thebanus
523 2503 561 2537 in
595 2514 691 2537 mare
725 2500 875 2536 abiectis
899 2499 973 2535 suis
997 2500 1124 2545 opibus
1147 2511 1263 2546 neque
1289 2500 1406 2534 ovium
1429 2512 1546 2546 neque
1567 2501 1635 2536 ho-

143 2542 271 2579 minum
295 2547 441 2583 utilitati
463 2549 666 2584 inservivit.
714 2547 837 2583 floruit
859 2546 953 2581 circa
977 2547 1125 2592 primum
1148 2558 1274 2582 annum
1291 2546 1515 2593 Olympiadis
1533 2553 1632 2583 octo-

141 2590 296 2632 gesimae
318 2599 488 2638 octavae3
514 2607 584 2641 quo
607 2600 768 2640 tempore
793 2593 897 2628 etiam
922 2592 1024 2628 Plato
1051 2593 1237 2628 exstitisse
1254 2592 1398 2628 dicitur.

236 2637 394 2675 Octavus
426 2642 633 2677 Archelaus.
683 2640 741 2676 hic
767 2640 1000 2684 Anaxagorae
1023 2640 1234 2675 sententiam
1259 2640 1302 2674 de
1326 2639 1498 2674 mixtione
1520 2644 1632 2675 mate-

142 2679 218 2715 riae
249 2688 286 2717 et
317 2687 502 2734 principiis
535 2693 677 2723 secutus
707 2692 775 2722 est.
824 2687 869 2721 de
894 2685 1100 2721 animalibus
1124 2686 1234 2731 dixit,
1258 2697 1335 2720 cum
1360 2686 1509 2732 primum
1534 2692 1631 2722 terra

141 2726 346 2782 incaluisset
366 2734 444 2769 imis
467 2736 651 2780 partibus,
687 2734 747 2769 ubi
772 2732 920 2768 calidum
945 2738 981 2767 et
1004 2732 1172 2777 frigidum
1198 2733 1531 2778 commiscebantur,
1567 2745 1630 2767 ex-

141 2777 278 2809 stltlsse
303 2782 337 2812 et
360 2780 522 2816 animalia
548 2787 583 2816 et
607 2781 788 2816 homines:
827 2784 953 2825 postea
975 2779 1020 2813 iis
1046 2779 1210 2814 evenisse
1242 2784 1282 2813 ut
1313 2779 1369 2814 sui
1400 2779 1514 2814 simile
1543 2791 1630 2825 pro-

140 2826 315 2876 crearent.
365 2827 522 2872 aequalis
553 2827 624 2863 fuit
655 2830 910 2872 Anaxagorae,
941 2831 978 2860 et
1005 2825 1132 2860 librum
1162 2827 1207 2861 de
1239 2829 1365 2861 natura
1392 2837 1511 2861 rerum
1532 2837 1629 2861 eom-

166 2873 272 2902 osuit.

138 2875 164 2912 p
229 2914 354 2951 Nonus
378 2915 501 2964 Plato,
527 2920 721 2968 discipulus
745 2918 928 2966 Socratis,
951 2918 1013 2965 qui
1035 2918 1245 2955 Archelaum
1269 2917 1456 2964 physicum
1479 2918 1627 2955 audive-
