1742 3184
186 165 289 218 704
520 201 526 207 .
668 164 912 213 GEORGII
947 163 1194 210 CEDRENI

184 302 256 337 νος
285 283 332 328 τὸ
368 280 544 343 σφάλμα
574 280 598 328 ὃ
628 282 894 339 ἓποιήσενέῗς
911 281 986 339 τὴν
1006 279 1310 338 αι’χμαλωσιάν,
1345 279 1404 336 μὴ
1429 275 1682 338 ἓξαγοράσας

187 353 337 411 αὐτήν,
372 355 596 412 συμφέρειν
629 352 781 410 ἔκρινεν
811 351 923 411 αὐτῷ
952 353 994 396 ἓν
1023 355 1084 410 τῷ
1107 351 1187 409 βίῳ
1210 348 1342 408 τούτῳ
1365 349 1585 404 ἀπολαβεῖν
1605 349 1681 405 τὴν

37 430 68 466 P
92 429 164 467 402
188 423 394 482 ἁμαρτίαν
413 425 480 467 καὶ
499 424 558 479 μὴ
580 425 622 466 ἓν
641 426 700 481 τῷ
717 422 921 477 μέλλοντι.
990 423 1059 464 καὶ
1079 418 1256 476 ποιήσας
1276 417 1432 475 δεήσεις
1450 416 1681 476 ἐγγράφους

186 495 393 538 ἀπέστειλε
413 493 516 551 πρὸς
533 491 667 535 πάντα
685 489 942 549 πατριάρχην
960 493 1027 534 καὶ
1047 489 1228 546 μοναχὸν
1248 492 1305 540 εἷς
1324 487 1457 532 πάντα
1477 488 1529 532 τὰ
1548 506 1681 543 μονα-

186 563 336 622 στήρια
354 565 421 606 καὶ
445 565 499 613 εἷς
520 562 570 604 τὰ
594 559 871 619 Ἱεροσόλυμα
880 593 895 614 ,
925 562 997 604 ἵνα
1018 558 1264 616 αι’τήσωνται
1286 558 1357 602 τὸν
1377 558 1477 601 θεὸν
1496 559 1678 601 ἐνταῦθα
1691 562 1713 598 5

187 636 257 679 καὶ
280 634 339 689 μὴ
361 634 447 676 ε’κεῖ
459 636 604 674 τοῦτον
622 635 896 687 κολασθῆναι.
966 630 1272 681 ἕσκανὸαλίζετο
1293 629 1338 671 δὲ
1359 630 1427 671 καὶ
1451 630 1506 679 εἷς
1530 630 1682 670 Φιλιπ-

187 703 306 747 πικὸν
338 702 408 745 τὸν
440 701 630 758 γαμβρὸν
662 700 812 754 αὐτοῦ,
848 698 904 751 ὥς
932 700 979 743 τὸ
1011 707 1064 758 φῖ
1087 698 1190 755 ἔχειν
1217 700 1273 749 εἷς
1293 697 1585 757 χρηματισμὸν
1610 697 1682 740 τὸν

186 778 332 817 τοῦτον
354 769 653 826 ἄναιρήσοντα,
682 772 754 814 καί
774 787 838 826 τοι
863 767 1076 828 διαφόρως
1095 768 1207 827 αὐτῷ
1231 770 1481 811 Φιλιππικοῦ
1504 767 1683 822 ὃμνυμέ·

185 861 258 886 νου
278 841 337 897 μὴ
360 841 462 897 ἔχειν
483 842 526 892 ἐξ
549 841 676 884 αὐτοῦ
697 838 832 899 φόβον
850 838 955 883 τινά.
1006 837 1170 882 πάντων
1192 833 1264 881 οὖν
1282 840 1372 896 περὶ
1393 835 1540 881 τούτου
1562 837 1681 891 εὖχο-

184 913 340 968 μένων,
371 909 474 954 εἶδεν
504 908 525 954 ὃ
559 912 799 969 ΖΙἸαυρῖκιος
821 911 863 953 ἓν
884 913 963 970 μιᾷ
983 910 1096 952 νυκτὶ
1120 906 1176 959 ὥς
1200 909 1258 959 εἷς
1275 908 1350 963 τὴν
1368 911 1527 965 χαλκῆν
1549 905 1680 962 πύλην
1694 912 1738 948 10

185 987 260 1025 τοῦ
291 982 492 1024 παλατίου
520 978 737 1035 ἱστάμενον
756 978 905 1023 ἑαυτὸν
926 978 1162 1036 ἔμπροσθεν
1182 981 1256 1033 τῆς
1279 976 1432 1029 εῗκόνος
1453 981 1528 1019 τοῦ
1546 980 1682 1032 σωτῆ-

187 1069 283 1110 ρος,
328 1052 397 1094 καὶ
435 1050 538 1094 λαὸν
566 1050 696 1093 πολὺν
725 1049 800 1093 σὺν
832 1049 946 1108 αὐτῷ
974 1054 1057 1093 τῶν
1088 1045 1361 1104 αι’χμαλώτων
1390 1044 1683 1103 ἐγκαλούντων.

134 1126 165 1163 Β
191 1124 257 1165 καὶ
277 1121 395 1179 φωνὴ
413 1121 570 1178 γέγονεν
589 1122 632 1163 ἐκ
653 1125 728 1163 τοῦ
745 1118 861 1176 ἁγίου
877 1123 1142 1176 χαρακτῆρος
1163 1118 1338 1175 λέγουσα
1366 1114 1489 1160 ι(δότε
1507 1117 1681 1174 Μαυρί-

186 1191 324 1235 κιον.”
398 1192 466 1234 καὶ
486 1190 524 1232 οἱ
544 1193 675 1245 δῆθεν
695 1188 894 1247 ὑπηρέται
917 1187 1194 1247 κρατήσαντες
1214 1187 1340 1230 αὐτὸν
1358 1187 1620 1244 παρέστησαν
1640 1186 1683 1228 ἓν

184 1267 244 1321 τῷ
276 1264 482 1319 πορφυρῷ
513 1259 706 1318 ὄμφαλίῳ
735 1264 794 1318 τῷ
823 1261 964 1303 ἐκεῖσε.
1031 1260 1100 1302 καὶ
1129 1259 1231 1316 φησὶ
1259 1256 1363 1315 πρὸς
1389 1256 1512 1300 αὐτὸν
1535 1254 1560 1312 ἦ
1583 1256 1680 1298 θεία
1694 1260 1738 1297 15

293 1329 304 1346 Ι
329 1329 355 1344 (C
419 1335 439 1344 ευ
1650 1325 1678 1341 2³

186 1349 305 1390 φωνη
361 1348 440 1373 που
463 1330 598 1380 θέλεις
619 1328 825 1373 ἀποδώσω
843 1346 933 1384 σοις
970 1321 1074 1381 ὧδε,
1108 1327 1135 1383 ’ἢ
1158 1329 1201 1371 ἓν
1219 1331 1278 1386 τῷ
1296 1328 1485 1382 μέλλοντι
1506 1328 1642 1381 αι’ὥνις

185 1399 208 1444 ὅ
229 1402 274 1444 δὲ
293 1399 372 1458 ἔφη
397 1397 702 1459 αφιλοίνθρωπε
734 1400 913 1443 δέσποτα
923 1431 937 1452 ,
974 1399 1251 1455 δικαιοκρίτα,
1288 1391 1367 1440 ὧδε
1395 1400 1576 1452 μᾶλλον,
1612 1396 1683 1439 καὶ

184 1471 243 1527 μὴ
276 1471 318 1513 ἐν
348 1474 406 1529 τῷ
434 1469 671 1525 μέλλοντι.”
742 1471 811 1512 καὶ
840 1469 996 1520 εὐθέως
1022 1469 1226 1511 ἐκέλευσεν
1245 1467 1470 1523 ἐκδοθῆναι
1491 1464 1617 1509 αὐτόν
1639 1482 1682 1509 τε

185 1542 254 1584 καὶ
287 1539 362 1596 τὴν
391 1546 565 1596 γυναῖκα
595 1541 664 1582 καὶ
696 1539 748 1583 τὰ
782 1539 903 1582 τέκνα
937 1538 1066 1582 αὐτοῦ
1096 1539 1165 1581 καὶ
1196 1542 1333 1580 πᾶσαν
1356 1537 1430 1593 τὴν
1451 1537 1683 1593 συγγένειαν

187 1613 321 1670 Φωκᾷ
362 1614 420 1668 τῷ
461 1606 706 1667 στρατιώτῃ.
777 1610 1034 1659 ὃιυπνισθεὶς
1074 1602 1146 1651 οὖν
1187 1607 1419 1650 ἀπέστειλεν
1452 1606 1581 1657 εὐθὺς
1611 1605 1682 1648 τὸν
1692 1610 1740 1646 20

182 1678 552 1738 παρακοιμῶμενον
576 1679 705 1722 αὐτοῦ
727 1678 890 1735 ἀγαγεῖν
913 1675 1160 1720 Φιλιππικόν
1173 1691 1184 1702 ·
1213 1676 1261 1728 ὃς
1282 1678 1387 1734 αὐτῇ
1405 1680 1457 1733 τῇ
1475 1674 1563 1736 ὥρα
1583 1675 1684 1718 ι’δὼν

129 1751 163 1787 C
185 1750 257 1793 τὸν
283 1746 652 1807 παρακοιμώμενον
683 1750 752 1791 καὶ
776 1752 850 1804 τῆς
869 1746 1018 1790 ἑαυτοῦ
1039 1749 1145 1803 ζωῆς
1163 1746 1366 1804 ἀπογνοὺς
1388 1744 1569 1803 ᾐτήσατο
1594 1762 1685 1787 κοι-

185 1823 366 1875 νωνῆσαι
380 1850 394 1872 ,
424 1820 493 1862 καὶ
515 1817 647 1869 οὕτως
668 1816 789 1877 ἀπῄει
810 1818 915 1876 πρὸς
934 1817 1007 1861 τὸν
1026 1817 1223 1873 βασιλέα,
1259 1815 1495 1859 καταλιπὼν
1513 1814 1590 1872 τὴν
1608 1832 1683 1872 γυ-

181 1999 256 2034 tum
284 2007 402 2033 secum
439 1995 601 2042 cogitans
632 2007 739 2042 quam
764 1995 925 2042 graviter
949 1996 1012 2032 abs
1036 2006 1077 2031 se
1100 1998 1284 2043 peccatum
1309 1998 1409 2032 esset
1430 2006 1500 2042 quo
1524 1997 1685 2042 tempore

181 2043 347 2091 captivos
375 2043 552 2078 redimere
577 2043 710 2089 noluit,
774 2050 934 2080 raestare
960 2043 1180 2079 existimavit
1204 2044 1256 2079 uti
1279 2043 1317 2078 in
1342 2044 1410 2078 hoc
1432 2042 1551 2089 potius
1579 2053 1685 2088 quam

181 2091 221 2126 in
256 2091 378 2125 futuro
411 2090 552 2126 saeculo
585 2102 718 2136 poenas
770 2103 812 2125 eo
836 2091 1069 2137 dependeret.
1118 2090 1242 2137 itaque
1270 2090 1541 2138 deprecationes
1568 2088 1685 2123 literis

182 2137 410 2183 consignatas
443 2138 488 2171 ad
521 2149 642 2172 omnes
674 2137 896 2193 patriarchas
928 2142 966 2173 et
995 2137 1208 2182 monachos,
1247 2138 1285 2172 in
1317 2137 1434 2172 omnia
1457 2135 1685 2179 monasteria,

182 2184 291 2219 etiam
323 2184 578 2230 Hierosolyma
610 2184 725 2230 mimt,
762 2190 802 2220 ut
835 2196 856 2219 a
887 2185 955 2219 deo
981 2189 1149 2229 peterent
1171 2190 1211 2219 ut
1232 2184 1303 2231 ipsi
1327 2196 1398 2219 non
1420 2184 1459 2218 in
1483 2182 1594 2218 altero
1620 2183 1686 2217 sed

181 2231 221 2267 in
243 2231 311 2265 hoc
332 2230 474 2266 saeculo
499 2242 633 2276 poenas
657 2231 870 2278 imponeret.
920 2230 1005 2278 quin
1032 2236 1067 2266 et
1089 2231 1127 2266 in
1151 2230 1390 2278 Philippicum
1421 2230 1587 2277 impegit,
1624 2239 1685 2263 so-

181 2277 276 2314 roris
311 2289 399 2313 suae
427 2278 610 2322 maritum,
645 2280 689 2313 ab
726 2291 768 2313 eo
798 2277 942 2312 caedem
978 2278 1050 2312 sibi
1080 2277 1203 2324 parari
1237 2278 1422 2324 suspicans
1447 2289 1491 2311 ex
1513 2275 1685 2311 vaticinio

181 2325 357 2370 quodam,
397 2325 492 2369 quod
537 2325 759 2371 percussoris
803 2336 930 2359 nomen
961 2336 983 2359 a
1012 2324 1118 2360 litera
1149 2336 1201 2360 ΡΗ
1234 2325 1347 2360 ordiri
1374 2324 1562 2367 monebat,
1607 2334 1686 2357 cum

181 2371 326 2417 quidem
358 2370 581 2418 Philippicas
614 2371 763 2407 insidias
797 2371 959 2406 omnibus
990 2371 1103 2406 modis
1135 2371 1305 2407 eiuraret.
1360 2376 1516 2406 ceterum
1546 2369 1685 2404 Mauri-

183 2417 280 2462 cius,
320 2429 396 2452 cum
420 2431 486 2465 pro
513 2430 555 2453 eo
579 2430 704 2465 preces
733 2418 865 2464 passim
889 2418 1036 2462 fierent,
1073 2419 1222 2464 quadam
1248 2422 1353 2453 nocte
1376 2417 1414 2452 in
1437 2417 1569 2452 somnis
1594 2416 1684 2451 ima-

183 2464 327 2510 ginatus
354 2469 411 2499 est
434 2477 473 2500 se
499 2465 642 2500 adstare
667 2477 784 2500 coram
808 2464 961 2510 imagine
985 2465 1203 2510 servaturis,
1228 2465 1266 2499 in
1292 2469 1396 2512 porta
1418 2463 1543 2510 palatii
1565 2474 1683 2507 aerea,

182 2511 399 2557 multamque
421 2524 539 2547 secum
564 2513 702 2547 turbam
727 2512 948 2558 captivorum
972 2511 1087 2557 ipsum
1109 2512 1367 2546 accusantium:
1393 2517 1466 2546 tum
1490 2522 1614 2545 vocem
1638 2511 1685 2544 de

183 2569 286 2592 sacra
308 2557 461 2603 imagine
486 2558 638 2603 exiisse,
674 2571 765 2605 quae
788 2558 1001 2593 Mauricium
1024 2558 1105 2593 sisti
1128 2558 1281 2594 iuberet.
1329 2558 1380 2592 ita
1403 2570 1443 2594 se
1468 2569 1489 2592 a
1513 2556 1685 2592 ministris

182 2609 407 2650 correptum,
440 2605 548 2650 inque
581 2605 838 2652 porphyretico
874 2604 926 2640 ibi
961 2605 1126 2640 umbilico
1152 2605 1380 2640 constitut-um
1401 2616 1423 2639 a
1447 2604 1570 2639 divina
1593 2614 1683 2638 voce

182 2649 440 2695 interrogatum
466 2652 601 2697 fuisse,
630 2653 772 2687 ubinam
796 2651 867 2687 sibi
889 2651 1040 2697 rependi
1062 2651 1183 2687 vellet.
1233 2664 1273 2687 se
1297 2657 1412 2686 autem
1438 2650 1571 2685 dixisse
1592 2647 1682 2685 “do—

182 2695 278 2730 mine
303 2697 570 2743 humani-ssime,
595 2699 703 2734 iudex
729 2699 844 2744 iuste,
870 2698 928 2733 hic
952 2697 1040 2732 malo
1066 2710 1169 2744 quam
1188 2698 1225 2732 in
1248 2698 1361 2733 altera
1384 2694 1496 2732 vita.’'
1542 2697 1683 2731 statim-

183 2753 255 2786 que
278 2744 478 2779 mandatum
501 2746 613 2780 fuisse
636 2750 675 2780 ut
699 2757 776 2780 cum
797 2757 910 2780 uxore
932 2757 998 2780 sua
1022 2748 1059 2779 et
1080 2745 1204 2780 liberis
1225 2749 1371 2790 totaque
1388 2743 1523 2779 familia
1540 2743 1683 2778 Phocae

183 2787 287 2822 militi
313 2790 476 2826 dedatur.
525 2798 754 2837 experrectus
777 2792 897 2827 statim
921 2791 1158 2828 accubitorem
1183 2803 1283 2827 suum
1307 2791 1405 2826 misit
1422 2790 1483 2837 qui
1503 2789 1681 2836 Philippi-

184 2846 262 2869 cum
299 2836 501 2872 adduceret.
550 2838 611 2883 qui
642 2839 832 2885 desperata
862 2840 907 2874 ob
939 2838 976 2873 id
1011 2838 1085 2873 vita
1117 2838 1216 2884 prius
1248 2837 1521 2873 communionem
1546 2848 1680 2871 sacram

184 2881 348 2929 expetiit,
375 2894 488 2930 eaque
512 2890 686 2932 percepta
709 2886 755 2922 ad
777 2886 1027 2933 imperatorem
1050 2885 1152 2934 abiit,
1175 2897 1320 2922 uxorem
1343 2884 1561 2931 relinquens,
1587 2894 1679 2930 quae
