1742 3184
203 170 304 216 552
683 170 923 216 GEORGII
956 169 1202 214 GEDRENI

203 286 250 330 τὸ
283 285 353 330 τὸν
382 288 455 342 τῆς
483 283 729 344 ὄρθοδοξίας
746 283 865 343 λόγον
885 284 927 329 ἓν
946 281 1074 343 ταύτῃ
1095 283 1319 341 ἀναστῆναι
1327 317 1341 339 ,
1363 282 1608 329 Ἅναστασιά
1628 285 1673 329 δὲ

204 356 275 399 διὰ
303 356 349 400 τὸ
379 356 543 410 συμβὰν
573 358 630 407 εἷς
657 355 782 409 αὐτὴν
811 353 1195 413 θαυματουργημα·
1231 355 1384 412 λέγεται
1403 355 1482 413 γὰρ
1503 352 1673 411 γυναῖκά
1704 363 1706 365 ’

203 443 294 469 τινα
324 424 484 469 ἄνωθεν
504 429 707 468 πεσοῦσαν
728 424 976 478 ἀποθανεῖν,
1009 424 1223 482 γενομένης
1241 425 1285 467 δὲ
1301 429 1436 478 κοινῆς
1457 425 1575 479 εὐχῆς
1590 422 1670 467 ὑπὸ

201 499 283 538 τῶν
322 492 560 551 ὄρθοδόξων
596 491 748 549 ταύτην
780 494 1016 550 ἀναστῆναι.
1083 498 1233 550 μικροῦ
1263 494 1307 537 δὲ
1336 492 1451 545 ’ὄντος
1479 492 1569 536 τότε
1598 497 1671 536 τοῦ

202 564 434 621 εὖκτηρίου,
474 561 642 621 ὕστερον
682 564 746 606 ἐπὶ
773 567 848 606 τοῦ
878 562 992 607 ὁσίου
1017 565 1272 622 Μαρκιανοῦ
1299 562 1706 619 ἀνοικοδομηθῆναιό

199 634 343 685 καθὼς
365 631 524 690 ὁρᾶται.

340 745 561 798 Θεοδόσιος
589 746 727 803 μέντοι
754 747 948 803 βασιλεὺς
965 751 1024 806 τῷ
1042 746 1141 805 γε’νει
1163 745 1237 803 μὲν
1249 745 1366 805 ’Ἰβηρ
1386 739 1437 803 ἦν
1454 750 1535 790 τῶν
1553 744 1675 790 ἕσπε-

202 818 322 877 ρίων,
353 817 513 873 εὐγενὴς
539 816 587 859 δέ
609 835 672 868 τις
698 819 766 860 καὶ
790 815 1030 873 θαυμάσιος
1050 818 1141 875 περὶ
1161 816 1258 867 τοὺς
1275 816 1489 871 πολέμους.
1559 810 1676 866 οὗτος

147 893 179 928 C
205 887 307 930 εὐθὺ
338 886 434 937 τοὺς
462 887 503 929 ἓν
536 885 682 947 Θρᾴκῃ
710 885 952 945 βαρβάρους
979 886 1085 930 κατὰ
1110 885 1260 943 κράτος
1279 887 1456 942 ἐνίκησεν
1464 917 1478 938 ,
1506 884 1676 939 εὐσεβὴς

201 955 257 1001 ὢν
283 957 351 999 καὶ
379 954 619 1014 ὃρθόδοξος.
689 951 808 1007 οὗτος
838 951 888 1011 ἦν
914 956 988 1012 τὴν
1015 956 1088 1011 μὲν
1119 955 1357 1013 ἀναδρομὴν
1384 958 1458 999 τοῦ
1485 952 1675 1009 σώματος
1689 960 1735 997 10

199 1023 453 1083 σύμμετρος,
490 1024 701 1080 ἄμεμπτος
734 1025 814 1068 ἀπὸ
846 1028 985 1069 ποδῶν
1017 1026 1093 1076 ἕως
1121 1028 1324 1083 κεφαλῆς,
1360 1022 1596 1080 ὑπέρυθρος
1619 1027 1678 1082 τῷ

199 1094 431 1153 προσώπῳ,
468 1095 626 1149 ξανθὴν
648 1094 749 1150 ἔχων
770 1094 845 1150 τὴν
864 1097 1006 1152 τρίχα,
1042 1094 1116 1148 τὴν
1132 1094 1232 1151 ’ῥῖνα
1254 1094 1402 1148 λεπτὴν
1427 1094 1494 1135 καὶ
1515 1093 1679 1149 ἐπίγρυ-

199 1182 298 1217 πον,
324 1165 482 1221 χαρίεις
507 1163 582 1219 τὴν
609 1162 793 1218 ὁμιλίαν,
828 1165 899 1207 τὸν
920 1162 1071 1220 τρόπον
1096 1164 1139 1204 δὲ
1154 1163 1445 1218 χαριέστατος,
1481 1160 1582 1217 ἔχων
1603 1179 1678 1218 γυ-

198 1240 320 1276 ναῖκα
354 1231 523 1287 ὀνόματι
552 1235 818 1284 Πλακίλλαν,
854 1234 897 1283 ἐξ
918 1226 967 1287 ἧς
991 1230 1102 1286 ἴσχεν
1126 1229 1342 1287 Ἀρκάδιον
1370 1232 1437 1273 καὶ
1461 1228 1678 1287 Ὅνώριον·

198 1297 250 1358 ἧς
270 1300 563 1357 τελευτησάσης
579 1303 620 1342 Γ
618 1301 746 1343 άλλαν
766 1301 950 1359 ἀδελφὴν
970 1302 1011 1342 Γ
1009 1304 1203 1358 ρατιανοῦ
1223 1299 1379 1356 ἔγημεν.
1447 1300 1489 1342 ἐν
1515 1300 1678 1343 Θεσσα-
1691 1306 1734 1343 15

199 1357 337 1428 λονίκῃ
379 1372 422 1414 δὲ
463 1370 542 1422 ὤν,
577 1369 686 1429 νόσῳ
723 1368 973 1428 περιπεσών,
1006 1371 1240 1424 βαπτίζεται
1268 1367 1344 1411 ὕπὸ
1366 1369 1576 1424 Ἀσχολίου
1606 1374 1680 1413 τοῦ

203 1439 437 1483 ἐπισκόπου.
507 1442 573 1483 καὶ
594 1439 718 1495 νόμον
737 1439 838 1497 ὖπὲρ
859 1444 940 1483 τῶν
961 1438 1201 1497 ὂρθοδόξων
1224 1443 1297 1481 τοῦ
1318 1437 1536 1494 ὅμοουσίου
1558 1439 1681 1495 ἔγρα-

202 1522 306 1565 ψεν,
338 1508 383 1552 ὃν
403 1511 444 1552 ἐν
463 1508 890 1553 Κωνσταντινουπόλει
913 1509 1162 1551 ἀπέστειλαν.
1198 1508 1334 1551 ἐλθών
1351 1509 1395 1551 δὲ
1413 1511 1479 1550 καὶ
1499 1509 1622 1560 αὐτὸς
1639 1510 1681 1551 ἓν

204 1578 631 1622 Κωνσταντινουπόλει
657 1580 892 1637 Δημοφίλῳ
919 1577 1120 1635 ἐδήλωσεν
1144 1577 1170 1634 ἢ
1198 1577 1421 1633 ἀποστῆναι
1441 1582 1513 1633 τῆς
1523 1579 1679 1636 Ἀρείου

153 1658 185 1694 D
211 1647 366 1703 πλάνης
390 1647 418 1702 ἢ
442 1648 596 1702 ταχέως
616 1653 689 1703 τῆς
712 1649 925 1703 ἐκκλησίας
952 1650 1144 1699 ἐξελθεῖν.
1214 1645 1234 1689 ὅ
1265 1648 1308 1689 δὲ
1335 1647 1381 1690 τὸ
1409 1651 1572 1703 πλῆθος
1599 1652 1738 1692 τῶν20

198 1718 416 1774 Ἆρειανῶν
448 1715 626 1768 συνάξας
652 1717 731 1768 ἔξω
756 1722 829 1772 τῆς
855 1716 1010 1767 πόλεως
1031 1717 1308 1770 ἕκκλησίαζεν,
1344 1716 1445 1771 ἔχων
1466 1719 1533 1758 καὶ
1558 1716 1683 1759 Λού-

205 1804 294 1829 κιον
326 1786 398 1829 τὸν
422 1785 725 1843 Ἀλεξανδρείας
746 1787 963 1829 ἐπίσκοπον
976 1785 1181 1842 Ἀρειανόν
1199 1785 1274 1827 σὺν
1293 1787 1419 1843 αὐτῷ.
1487 1787 1554 1828 καὶ
1575 1785 1682 1829 οὕτω

206 1854 348 1898 λοιπὸν
378 1853 399 1897 ὃ
427 1859 543 1907 θεῖος
569 1856 610 1896 Γ
607 1854 796 1914 ρηγόριος
805 1887 818 1909 ,
852 1855 954 1911 μεθ’
985 1849 1041 1898 ὧν
1061 1854 1183 1905 αὐτὸς
1205 1854 1279 1910 τὴν
1299 1853 1529 1913 ὄρθόδοξον
1551 1858 1684 1900 πίστιν

205 2032 436 2078 Anastasiae,
463 2044 549 2077 una,
573 2033 667 2079 quod
690 2032 742 2068 ibi
764 2032 961 2068 resurrexit
983 2044 1092 2067 verae
1114 2031 1298 2078 religionis
1322 2032 1505 2079 doctrina,
1529 2033 1639 2070 altera
1662 2047 1685 2070 a

206 2080 374 2115 miraculo
408 2079 459 2114 ibi
492 2081 602 2115 edito.
651 2082 764 2116 fertur
797 2080 889 2114 enim
919 2080 1093 2124 quandam
1123 2080 1300 2114 mulierem
1325 2081 1369 2114 de
1390 2080 1528 2115 sublimi
1554 2081 1686 2128 lapsam

207 2126 409 2172 exspirasse
441 2131 478 2160 et
506 2127 786 2161 Christianorum
818 2126 966 2173 publicis
997 2126 1162 2173 precibus
1185 2126 1222 2160 in
1246 2127 1352 2161 vitam
1384 2134 1600 2162 revocatam.
1647 2129 1684 2163 id

207 2172 398 2207 oratorium
423 2184 500 2207 cum
524 2185 565 2207 eo
589 2181 748 2220 tempore
770 2179 866 2208 esset
887 2184 1054 2219 parvum,
1088 2179 1214 2219 postea
1235 2173 1405 2218 temporis
1427 2173 1507 2220 pius
1530 2175 1684 2222 impera-

207 2224 264 2254 tor
286 2218 488 2254 Marcianus
511 2221 557 2255 ad
581 2232 659 2255 eam
680 2220 805 2255 molem
830 2220 1004 2255 exstruxit
1025 2231 1095 2265 qua
1118 2231 1209 2254 nunc
1231 2219 1374 2255 visitur.

301 2311 525 2346 Theodosius
547 2311 741 2357 imperator
764 2311 907 2347 natione
929 2311 999 2346 fuit
1018 2311 1218 2358 Hispanus,
1251 2311 1380 2346 nobilis
1403 2316 1439 2347 et
1460 2313 1552 2348 bello
1574 2313 1685 2349 admi-

208 2358 359 2402 randus,
384 2358 464 2403 pius
489 2363 525 2393 et
547 2371 656 2393 verae
678 2358 859 2403 religionis
882 2359 1077 2403 professor.
1123 2359 1155 2393 is
1180 2359 1297 2393 statim
1319 2360 1488 2394 barbaros
1508 2361 1544 2394 in
1566 2361 1685 2395 Thra-

211 2404 266 2438 cia
289 2416 414 2449 magno
441 2404 576 2450 praelio
599 2407 794 2451 superavit.
842 2410 978 2439 statura
1011 2405 1080 2440 fuit
1115 2405 1302 2450 mediocri,
1338 2417 1359 2440 a
1387 2405 1482 2440 calce
1505 2407 1550 2441 ad
1573 2408 1685 2442 verti-

211 2462 286 2484 cem
312 2463 423 2497 usque
447 2451 645 2497 inculpata3
678 2453 843 2486 subrufus
866 2451 1012 2495 faciem,
1047 2451 1144 2486 fulvo
1169 2451 1314 2498 capillo,
1340 2463 1425 2486 naso
1447 2453 1545 2487 tenui
1571 2459 1607 2489 et
1629 2454 1687 2488 in-

212 2508 343 2541 curvo,
376 2498 553 2543 gratiosus
585 2498 621 2532 in
653 2498 846 2543 colloquio,
882 2498 1037 2532 moribus
1071 2498 1340 2533 venustissimis.
1387 2509 1530 2534 uxorem
1564 2500 1688 2536 habuit

212 2543 408 2589 Placillam,
435 2555 526 2591 quae
550 2556 627 2579 eum
651 2544 803 2579 Arcadio
827 2551 863 2579 et
883 2544 1044 2579 Honorio
1068 2550 1201 2590 patrem
1224 2544 1324 2579 fecit.
1373 2557 1415 2579 ea
1438 2552 1574 2583 mortua
1597 2548 1686 2582 Gal-

191 2588 281 2624 ‘lam
312 2591 433 2636 duxit,
466 2590 632 2625 Gratiani
662 2603 832 2626 sororem.
881 2590 1157 2626 Thessalonicae
1189 2592 1320 2636 degens
1354 2603 1430 2626 cum
1461 2593 1499 2627 in
1530 2596 1687 2629 morbum

212 2634 416 2681 incidisset,
459 2637 662 2683 baptizatus
702 2643 757 2673 est
794 2638 838 2672 ab
869 2637 1034 2671 Ascholio
1066 2637 1248 2684 episcopo.
1294 2637 1476 2684 legemque
1506 2641 1589 2676 tulit
1621 2653 1686 2687 pro

213 2681 416 2721 orthodoxis
449 2685 493 2718 de
527 2684 599 2719 filio
632 2685 743 2730 patris
775 2683 1085 2728 consubstantiali,
1122 2695 1267 2730 eamque
1298 2685 1427 2730 Cpolin
1456 2686 1564 2722 misit.
1609 2687 1688 2733 ipse

213 2737 352 2772 quoque
376 2742 417 2763 eo
443 2742 519 2764 cum
543 2730 720 2775 venisset,
754 2730 996 2776 Demophilum
1020 2736 1081 2765 aut
1102 2732 1146 2766 ab
1173 2741 1293 2764 errore
1315 2731 1393 2765 Arii
1423 2733 1596 2768 desistere
1627 2740 1688 2769 aut

212 2784 292 2807 mox
324 2775 474 2811 ecclesia
506 2777 680 2812 decedere
711 2777 828 2812 iussit.
875 2776 1101 2823 Demophilus
1131 2776 1350 2812 multitudine
1371 2778 1579 2814 Arianorum
1603 2792 1686 2815 con-

212 2819 317 2854 ducta
349 2821 659 2859 conciones'extra
682 2826 804 2860 urbem
827 2822 972 2865 habuit3
1010 2828 1156 2868 eratque
1184 2834 1260 2857 cum
1285 2836 1327 2858 eo
1351 2825 1502 2871 Lucius,
1533 2827 1686 2862 Alexan-

212 2865 320 2901 dreae
346 2867 532 2914 episcopus
554 2870 720 2906 Arianus.
776 2871 829 2906 ita
861 2870 997 2906 demum
1027 2870 1153 2906 beatus
1185 2870 1400 2917 Gregorius,
1436 2878 1474 2909 et
1504 2884 1594 2920 quos
1626 2872 1688 2908 ille
