1742 3184
222 207 286 257 96
704 205 946 253 GEORGH
980 204 1227 251 CEDRENI

222 322 261 370 οἱ
277 320 510 385 σοφώτατοι
532 324 634 383 παρ’
661 323 852 381 Ἕλλησι,
893 325 961 367 καὶ
987 321 1248 379 Ἀσκληπιὸς
1268 319 1289 364 ὃ
1312 317 1477 379 ιάτρός,
1513 321 1583 365 καὶ
1605 322 1705 364 Λυ-

103 400 132 435 Ρ
156 398 204 436 54
225 402 395 454 κοῦργος
418 394 438 438 ὃ
460 394 722 452 Σπαρτιάτης
742 397 811 438 καὶ
834 394 1062 449 νομοθέτης
1083 397 1164 437 τῶν
1191 390 1404 448 “Ελλήνων
1429 392 1704 450 ἐγνωρίζοντο.

219 467 323 523 μετὰ
345 467 388 509 δὲ
411 466 556 524 Βαράκ
579 466 710 522 γέγονε
731 464 870 522 κριτὴς
892 464 933 505 Γ
930 461 1052 506 &aar
1061 495 1074 515 ,
1124 461 1145 506 ὅ
1169 466 1238 506 καὶ
1254 459 1501 520 ζΙερορἰίαλι,
1546 461 1614 517 ἔτη
1644 459 1703 516 μ’.

221 535 406 588 πατάξας
427 535 496 579 τὸν
515 536 700 590 Μαδιὰμ
717 535 820 590 μετὰ
845 538 925 576 τῶν
946 531 1169 588 λαψάντων
1188 533 1445 590 τριακοσίων,
1472 529 1528 581 ὥς
1550 531 1705 583 λελέξε-

222 625 314 659 ται,
362 607 429 648 καὶ
451 605 547 657 τοὺς
572 604 774 663 ἄρχοντας
795 603 928 647 αὐτῶν
947 601 1122 659 ἢλόησεν
1143 603 1184 645 ἓν
1206 609 1295 653 ταῖς
1315 599 1531 653 ἀκάνθαις.
1600 601 1704 657 μετὰ
1717 608 1742 644 5·

223 678 265 718 Γ
260 675 382 719 εδεών
402 676 534 732 γέγονε
557 675 696 731 κριτὴς
714 674 944 729 Ἀβιμέλεχ
963 673 1051 724 υἱὸς
1075 673 1204 716 αὐτοῦ
1226 671 1293 728 ἔτη
1317 672 1423 730 τρία,
1457 670 1643 724 πατάξας
1663 672 1707 715 δὲ

224 748 291 789 καὶ
319 746 415 796 τοὺς
443 744 647 802 ἀδελφοὺς
681 744 807 787 αὐτοῦ
832 745 875 786 ἐκ
897 748 978 786 τῶν
1000 743 1231 800 ἐλευθέρων
1254 741 1409 800 ἄνδρας
1432 739 1468 784 o'
1491 742 1556 784 ἐπὶ
1586 743 1708 784 λίθον

226 817 294 860 ἕνα
305 848 318 867 ,
356 816 398 866 ἐξ
431 809 487 858 ὧν
517 815 590 858 οὐκ
621 814 852 872 ἀπελείφθη
873 813 978 868 πλὴν
996 811 1187 856 Ἰωάθαν
1209 817 1281 856 τοῦ
1300 812 1497 870 νεωτέρου
1511 825 1522 836 ·
1569 811 1616 863 ὃς
1638 812 1707 854 καὶ

227 885 412 929 ἀνελθὼν
432 887 474 928 ἓν
492 889 551 943 τῷ
577 883 660 941 ὄρει
683 883 764 928 εἶπε
794 891 879 935 τοῖς
898 885 1130 939 Σικιμίταις
1157 883 1230 938 τὴν
1251 882 1495 940 παραβολὴν
1514 887 1595 925 τῶν
1618 882 1708 924 δέν-

227 957 360 1014 ὅρων,
395 959 467 1010 τῆς
498 972 540 998 τι·
573 956 711 1006 ἐλαίας
732 956 798 997 καὶ
819 959 891 1009 τῆς
911 958 1038 1010 συκῆς
1062 954 1128 996 καὶ
1150 957 1223 1008 τῆς
1242 953 1425 1008 ἀμπέλου
1449 954 1515 995 καὶ
1538 956 1611 1007 τῆς
1631 950 1707 1010 ῥά-
1721 955 1742 991 1⁴

225 1042 329 1080 μνου
342 1058 355 1078 ,
385 1024 490 1067 καθ’
516 1023 567 1080 ἢν
583 1027 651 1067 καὶ
674 1025 822 1080 συνέβη
843 1024 993 1075 αὐτοῖς.
1064 1024 1133 1066 καὶ
1152 1023 1205 1066 τὰ
1226 1022 1350 1066 λοιπὰ
1370 1026 1452 1066 τῶν
1473 1026 1622 1081 κριτῶν
1641 1019 1709 1064 εὗ-

175 1104 206 1141 Β
230 1087 364 1155 ρήσεις
384 1095 631 1152 ἔμπροσθεν.

362 1165 518 1208 Ἷστὲον
541 1159 633 1216 οὖν,
673 1164 799 1221 φησὶν
829 1160 851 1205 ὃ
882 1162 1070 1218 ἀοίδιμος
1089 1159 1414 1221 Χρυσόστομος,
1451 1159 1506 1212 ὦς
1528 1157 1711 1215 ⁷102va-

227 1233 381 1292 μαντόν
411 1236 495 1277 ἐστι
520 1234 565 1277 τὸ
595 1233 728 1288 ὄνομα
758 1237 830 1288 τῆς
859 1237 1114 1290 παραβολῆς.
1185 1232 1269 1275 ἔστι
1289 1232 1368 1289 γὰρ
1391 1230 1609 1289 παραβολὴ
1635 1229 1711 1272 λά-

229 1310 340 1362 λημα
364 1307 429 1348 καὶ
451 1303 678 1360 ὑπόδειγμα
698 1305 764 1346 καὶ
786 1301 1036 1358 ὄνειδισμός,
1086 1300 1142 1353 ὥς
1172 1301 1271 1345 ὅταν
1296 1303 1400 1358 λέγει
1423 1302 1559 1344 Λαυίὸ
1577 1299 1710 1343 “ἕθου
1724 1304 1742 1340 1

228 1374 337 1431 ἡμᾶς
351 1379 406 1426 εἰς
419 1374 660 1432 παραβολὴν
681 1374 722 1415 ἒν
743 1380 826 1424 τοῖς
848 1373 1000 1425 ἔθνεσι,
1024 1373 1178 1428 κίνησιν
1196 1375 1381 1430 κεφαλῆς
1398 1373 1439 1415 ἐν
1457 1378 1543 1422 τοῖς
1558 1370 1709 1421 λαοῒς.”

227 1444 284 1489 ἔτι
316 1446 359 1488 δὲ
387 1444 605 1502 παραβολὴ
637 1441 940 1500 αἰνιγματώὸης
967 1440 1106 1499 λόγος,
1149 1441 1172 1485 ὃ
1194 1444 1336 1485 πολλοὶ
1357 1443 1518 1498 λέγουσι
1539 1439 1712 1497 ζήτημα,

227 1516 418 1573 ἐκφαῖνον
438 1515 588 1569 μέντοι,
617 1515 690 1557 οὗκ
713 1512 891 1556 αὐτόθεν
911 1514 956 1556 δὲ
979 1510 1141 1563 πάντως
1163 1514 1287 1567 δῆλον
1306 1510 1352 1554 ὂν
1373 1511 1453 1554 ἀπὸ
1475 1517 1556 1554 τῶν
1577 1508 1713 1568 ῥημά-

225 1602 320 1637 των,
358 1585 453 1627 ἀλλ)
486 1584 576 1639 ἕχον
605 1583 716 1633 ἐντὸς
744 1583 1021 1639 κεκρυμμένην
1043 1580 1241 1634 διάνοιαν,
1275 1580 1331 1632 ὥς
1354 1579 1452 1625 ὅταν
1475 1579 1496 1623 ὃ
1520 1580 1714 1636 Σαμψών

227 1654 355 1710 ἔλεγεν
380 1652 583 1710 ι(εἶ’(ςῆἶλθεν
615 1653 694 1695 ἀπὸ
721 1651 923 1707 στόματος
944 1651 1141 1702 ἴσθοντος
1168 1655 1324 1709 βρῶσις
1347 1653 1415 1694 καὶ
1440 1651 1520 1693 ἀπὸ
1543 1644 1742 1708 ἰσχυροῦὲ

229 1723 402 1781 γλυκύ.”
475 1725 542 1765 καὶ
566 1722 764 1777 Σολομὼν
786 1721 863 1779 ἔφη
883 1719 1004 1764 “uite
1024 1719 1184 1776 νοήσεις
1204 1721 1445 1779 παραβολὴν
1466 1723 1532 1763 καὶ
1557 1738 1714 1764 σκοτει-

177 1802 208 1838 C
233 1794 303 1838 νὸν
324 1791 490 1850 λόγον.”
547 1793 700 1849 λέγεται
723 1793 768 1834 δὲ
787 1791 1006 1849 παραβολὴ
1028 1793 1095 1834 καὶ
1116 1789 1329 1847 ὁμοίωσις·
1367 1790 1494 1847 ἄλλην
1515 1791 1593 1850 γάρ
1613 1808 1715 1849 φησι

233 1999 307 2030 tum
327 1992 556 2040 Aesculapius
584 1993 739 2028 medicus
763 1992 1020 2039 Lycurgusque
1038 1992 1235 2039 Spartanus
1255 1991 1316 2038 qui
1337 1991 1487 2027 Graecis
1507 1990 1605 2036 leges
1631 2002 1716 2025 con-

235 2042 343 2086 didit,
374 2041 615 2075 innotuerunt.
664 2046 744 2087 post
766 2041 940 2075 Baracum
973 2040 1101 2075 iudicis
1134 2051 1256 2074 munus
1294 2052 1359 2086 per
1388 2051 1499 2074 annos
1526 2041 1572 2073 40
1604 2038 1718 2073 obivit

236 2089 407 2132 Gedeon,
433 2087 494 2134 qui
519 2094 560 2130 et,
581 2087 781 2123 lerobaalus
807 2093 1015 2133 usurpatur,
1048 2087 1108 2133 qui
1132 2086 1301 2121 Madiami
1322 2092 1462 2132 gentem
1480 2090 1717 2121 trecentorum

234 2135 403 2179 virorum,
428 2134 500 2180 qui,
526 2139 566 2169 ut
588 2135 746 2178 dicetur,
772 2146 895 2180 aquam
919 2133 1100 2169 lambendo
1123 2134 1250 2168 delecti
1272 2134 1430 2179 fuerant,
1457 2133 1617 2168 exercitu
1640 2132 1715 2166 fre-

234 2186 293 2217 tus
317 2182 430 2226 fudit,
466 2181 613 2226 eiusque
647 2181 825 2228 principes
849 2181 961 2227 spinis
985 2181 1182 2216 triturantis
1204 2181 1240 2214 in
1266 2192 1395 2216 morem
1420 2179 1586 2214 concidit.
1635 2179 1718 2214 huic

234 2228 328 2263 filius
350 2227 594 2263 Abimelechus
618 2229 790 2263 successit
813 2239 854 2262 ac
875 2227 1063 2263 triennium
1087 2228 1257 2274 praefuit.
1305 2227 1335 2262 is
1355 2228 1484 2262 fratres
1503 2238 1598 2271 suos,
1624 2225 1716 2260 libe-

234 2286 295 2310 ros
320 2274 497 2320 homines,
533 2286 675 2309 numero
700 2276 765 2319 70,
790 2286 898 2320 super
921 2286 990 2309 uno
1014 2287 1100 2310 saxo
1126 2287 1244 2310 omnes
1269 2274 1470 2317 interfecit3
1504 2284 1618 2319 neque
1641 2273 1717 2307 fra·

235 2326 327 2357 trum
363 2322 545 2368 quisquam
577 2321 753 2367 superfuit
781 2327 923 2367 praeter
955 2322 1292 2360 unumJoathanum
1317 2327 1400 2356 natu
1423 2320 1622 2364 minimum,
1656 2318 1719 2365 qui

237 2381 429 2407 conscenso
466 2374 582 2403 monte
611 2367 790 2403 Sicemitis
854 2368 1029 2404 arabolam
1066 2369 1110 2404 de
1139 2369 1323 2403 arboribus
1361 2367 1436 2403 olea
1469 2368 1540 2402 ficu
1570 2366 1645 2402 vite
1682 2370 1720 2400 et

236 2416 380 2451 rhamno
405 2416 587 2458 narravit3
621 2415 718 2450 cuius
742 2415 825 2449 fabu
841 2428 882 2450 ae
905 2427 978 2450 rem
1004 2427 1045 2450 ea
1068 2427 1158 2461 quae
1181 2416 1268 2462 ipsis
1294 2419 1489 2451 evenerunt
1510 2414 1718 2460 comproba-

236 2474 335 2498 vere.
383 2462 518 2507 reliqua
542 2463 586 2497 de
607 2461 801 2506 iudicibus,
826 2462 862 2496 in
883 2474 1073 2508 progressu
1098 2463 1272 2497 invenies.

328 2508 441 2543 Porro
466 2509 645 2544 sciendum
671 2514 736 2552 est,
763 2508 814 2542 ait
834 2509 982 2544 celebris
1003 2509 1062 2543 ille
1086 2510 1373 2555 Chrysostomus,
1395 2506 1586 2555 parabolae
1609 2518 1720 2541 voca-

236 2555 318 2590 bulo
345 2555 462 2602 plures
486 2567 544 2590 res
568 2556 743 2590 denotari.
793 2567 871 2591 nam
901 2562 936 2590 et
963 2568 1156 2591 sermonem
1188 2557 1365 2602 significat
1395 2561 1433 2590 et
1464 2553 1658 2600 exemplum
1684 2556 1720 2588 et

237 2603 478 2648 opprobrium,
503 2607 542 2637 ut
564 2614 640 2637 cum
663 2602 779 2637 David
804 2602 854 2637 ait
878 2603 1031 2647 (Psalm.
1056 2603 1126 2647 43)
1150 2600 1294 2638 “fecisti
1317 2614 1380 2637 nos
1405 2600 1609 2650 parabolam
1631 2612 1719 2646 gen-

236 2649 354 2693 tibus,
380 2655 419 2683 ut
442 2648 562 2695 populi
582 2649 699 2694 capita
717 2655 882 2684 moveant
905 2650 1008 2685 nobis
1032 2647 1158 2685 visis.”
1205 2657 1260 2685 est
1283 2650 1388 2685 etiam
1413 2647 1581 2695 parabola
1606 2647 1720 2682 oratio

238 2707 309 2741 qua
332 2695 464 2741 aliquid
489 2708 553 2742 per
575 2697 740 2741 ambages
764 2695 934 2740 innuitur,
962 2697 1054 2742 quod
1078 2709 1189 2743 genus
1214 2696 1312 2732 multi
1337 2695 1578 2742 quaestionem
1596 2693 1723 2741 appel-

237 2742 336 2784 lant3
369 2754 445 2777 cum
466 2742 607 2776 venisse
630 2742 850 2788 significatur
869 2742 1021 2790 aliquid,
1055 2755 1125 2778 non
1146 2744 1264 2779 statim
1288 2750 1404 2779 autem
1429 2755 1474 2778 ex
1497 2741 1618 2777 verbis
1643 2740 1722 2775 evi-

238 2789 326 2824 dens
356 2795 428 2833 est,
460 2790 524 2824 sed
555 2789 650 2824 intus
684 2790 901 2825 reconditum
936 2790 1043 2825 habet
1073 2802 1226 2826 sensum.
1276 2796 1315 2825 ut
1344 2802 1420 2825 cum
1450 2789 1600 2825 Samson
1631 2787 1723 2822 dixit

239 2836 372 2881 (Iudic.
400 2837 457 2879 14)
481 2832 549 2870 “ab
574 2847 636 2870 ore
658 2837 797 2871 voracis
824 2837 923 2872 cibus
945 2837 1032 2872 exiit
1055 2842 1092 2872 et
1113 2838 1259 2873 dulcedo
1283 2849 1304 2872 a
1326 2833 1484 2872 valido.''
1530 2837 1575 2870 de
1599 2835 1724 2869 eodem

239 2882 329 2918 haec
353 2881 549 2918 Solomonis
581 2888 662 2918 sunt
692 2885 803 2919 verba
832 2883 1030 2928 (Proverb.
1058 2886 1102 2928 1)
1129 2881 1238 2919 “tunc
1259 2883 1460 2930 parabolam
1483 2882 1661 2928 intelliges
1686 2884 1724 2915 et

241 2930 427 2966 obscurum
449 2927 681 2966 sermonem.’'
727 2930 858 2967 dicitur
889 2935 1006 2967 autem
1036 2931 1205 2978 parabola
1236 2931 1343 2967 etiam
1374 2929 1580 2966 similitudo.
1630 2928 1724 2963 unde
