1742 3184
199 183 302 234 480
671 185 925 232 -GEORGII
958 180 1212 230 GEDRENI'

199 301 286 362 ἄρα
305 303 374 346 καὶ
396 299 418 346 ὃ
441 298 592 360 πατήρ.
661 300 746 344 ἐπεὶ
768 302 844 344 τίνι
865 298 947 344 εἶπε
974 293 1227 356 ‘noviomen
1251 296 1472 359 ἄνθρωπον
1495 299 1593 344 κατ’
1618 300 1678 344 εἶ-

200 372 301 416 κόνα
325 374 394 415 καὶ
419 372 523 414 καθ’
555 370 748 426 ὁμοίωσιν
777 369 1023 427 ἧμετὲρανς’
1064 371 1099 413 εἴ
1126 369 1205 427 γὰρ
1237 369 1369 428 εἴρηκε
1397 367 1574 425 εποιήσω
1602 368 1678 412 ἅν·-

199 447 374 501 θρωπον
395 441 490 484 κατ’
517 440 652 484 εἶκόνα
675 442 741 483 καὶ
762 439 867 482 καθ’
891 437 1084 495 ὁμοίωσιν
1105 438 1239 495 ἓμήν,’
1277 438 1407 483 ἐδόκει
1441 438 1493 482 ἂν
1521 438 1569 483 τὸ
1603 442 1679 493 τῆς

196 511 422 568 μονότητος
439 510 567 554 αὐτοῦ
586 510 809 565 σημαίνειν.
860 509 907 552 τὸ
933 509 978 552 δὲ
998 508 1093 552 κατ’
1120 507 1253 552 εἰκόνα
1275 511 1342 551 καὶ
1361 507 1554 564 ὁμοίωσιν
1573 506 1677 564 ἦμε-

196 583 317 639 τέραν
349 585 495 639 σαφῶς
525 584 594 622 καὶ
626 579 697 622 τὸν
725 579 816 622 υῖὸν
849 581 917 621 καὶ
947 579 1022 634 τὴν
1051 576 1220 634 ἰσότητα
1243 571 1455 634 ἐσήμανεν.
1525 578 1573 620 οὗ
1595 577 1711 635 γὰρ5

194 650 333 707 μεῖζόν
354 669 394 694 τι
416 654 664 708 προσλαβεῖν
687 647 881 701 δύναται,
917 648 1054 703 ἐπειδὴ
1085 645 1245 703 ἡλικίας
1268 647 1438 703 αὔξησιν
1456 646 1531 690 οὗκ
1549 645 1678 690 οἶδεν·

195 720 418 765 ἐλάττωσιν
449 718 572 762 πάλιν
597 718 644 761 οὗ
668 718 871 773 chyam?
938 719 1088 768 Ἰωνᾶς
1116 716 1236 775 ῥαβὶς
1263 715 1369 760 εἶπεν
1396 714 1678 775 “ἀνθρωπίνῳ

48 796 81 832 P
101 797 173 835 274
196 793 380 848 λογισμῷ
404 789 477 831 οὐκ
499 788 584 831 ἔστι
607 788 748 831 ὁέκτεῖα
767 786 793 843 ἡ
815 788 960 838 πίστις.
1027 793 1144 830 ποῖον
1171 787 1250 844 γὰρ
1275 786 1377 829 θεὸν
1409 783 1680 841 συμβουλεύει

196 855 316 909 οὗτος
347 862 642 913 πιστευθῆναι,
691 856 735 900 ὃν
768 859 837 900 καὶ
868 856 1027 914 πατέρα
1058 858 1127 899 καὶ
1157 856 1247 899 υἱὸν
1278 858 1346 898 καὶ
1375 859 1536 909 πνεῦμα
1564 855 1679 911 ἅγιον

197 927 438 985 ὃμολογεΐ,·”
470 926 491 970 ὃ
514 926 628 984 ἅγιος
642 929 892 984 Σίλβεστρος
909 926 987 984 ἔφη
1007 923 1136 969 ιιὅταν
1155 926 1338 984 ἀναγνῷς
1354 925 1396 967 ἓν
1414 932 1504 975 ταῖς
1517 926 1679 978 βίβλοις
1692 936 1736 973 10

197 1001 289 1056 περὶ
323 999 398 1053 μὲν
429 1000 504 1039 τοῦ
536 995 712 1054 πατρός,
750 995 869 1051 ἡνίκα
893 996 996 1052 λε’γει
1019 996 1109 1052 περὶ
1130 999 1203 1037 τοῦ
1227 996 1333 1036 ἰδίου
1355 994 1449 1036 υἱοῦ
1469 991 1576 1045 ευἱός
1595 1011 1678 1048 μου

198 1067 237 1111 εἷ
252 1066 337 1120 (fbf
367 1065 519 1122 ὁμοίως
539 1067 584 1109 δὲ
605 1068 672 1108 καὶ
692 1068 733 1109 ἓν
752 1064 875 1124 ἑτέρῳ
893 1063 1007 1123 τόπῳ
1031 1063 1176 1114 ζαὐτὸς
1194 1063 1473 1107 ἐπικαλέσεταί
1486 1079 1562 1117 με,
1597 1080 1681 1104 πα-

199 1136 275 1195 τήρ
306 1152 388 1192 μου
420 1134 458 1179 εἷ
481 1134 568 1188 σῦ,-’
606 1134 696 1179 τότε
719 1135 806 1192 εἴσῃ
826 1139 973 1192 σαφῶς
991 1134 1038 1176 τὸ
1061 1131 1299 1189 λεγόμενον,
1334 1135 1402 1175 καὶ
1426 1133 1544 1175 οὐδὲν
1569 1132 1681 1182 ξένον

198 1209 290 1264 περὶ
311 1210 385 1261 τῆς
406 1203 523 1261 ἆγίας
544 1204 714 1263 τριάδος
734 1202 949 1261 ὑπολάβῃς
966 1204 1090 1253 λέξειν
1109 1201 1236 1257 ἡμᾶς.
1302 1204 1393 1260 περὶ
1412 1202 1456 1244 δὲ
1475 1206 1548 1243 τοῦ
1563 1199 1680 1257 ἁγίου

198 1275 429 1330 πνεύματος
453 1274 574 1317 ἄκουε
598 1273 721 1317 πάλιν
739 1277 815 1316 τοῦ
836 1271 1050 1331 προφήτου
1073 1288 1148 1315 σου
1169 1272 1356 1328 λέγοντος
1374 1273 1442 1315 καὶ
1455 1270 1680 1325 ἐὐχομένου
1694 1283 1738 1319 15

192 1343 257 1396 ςτὸ
292 1342 451 1400 πνεῦμά
482 1361 557 1387 σου
589 1344 635 1386 τὸ
664 1342 778 1400 ἅγιον
800 1343 859 1398 μὴ
883 1342 1101 1399 ἄντανέλῃς
1124 1341 1199 1383 ἀπ’
1222 1340 1355 1396 ἒμοῦ.’
1378 1356 1379 1359 ’
1425 1341 1492 1383 καὶ
1516 1338 1638 1383 πάλιν
1658 1338 1680 1383 ὃ

200 1413 325 1465 αὖτός
348 1412 434 1456 ‘zai
457 1418 515 1472 τῷ
537 1412 734 1469 πνεύματι
755 1416 830 1455 τοῦ
853 1410 1057 1467 στόματος
1079 1410 1207 1453 αὐτοῦ
1228 1413 1343 1453 πᾶσα
1362 1407 1390 1465 ἡ
1410 1407 1584 1464 δύναμις
1604 1409 1682 1451 αὗ-

144 1493 176 1530 Β
199 1483 313 1537 nav?
342 1484 524 1526 τουτέστι
546 1487 628 1526 τῶν
651 1483 850 1540 οὐρανίων
875 1479 1129 1536 δυνάμεων.”
1186 1472 1497 1529 Κωνσταντῖνος
1513 1477 1683 1535 Αὔγου-

197 1570 294 1605 στος
323 1551 405 1595 eim.
425 1550 664 1608 “θαυ,ιιάζω
692 1556 774 1595 τῶν
799 1552 1020 1593 Ἰουδαίων
1041 1550 1093 1593 τὸ·
1109 1550 1398 1604 ἀναίσχυντον·
1435 1549 1515 1591 ἀπὸ
1538 1552 1684 1591 πασῶν

195 1623 276 1680 γὰρ
304 1626 386 1665 τῶν
413 1622 570 1664 οἰκείων
601 1626 773 1679 γραφῶν
803 1620 1071 1678 πολυτρόπως
1094 1617 1318 1673 ἡττώμενοι
1347 1617 1484 1674 ἀκμὴν
1512 1618 1738 1666 :mevam

196 1709 290 1735 τινα
309 1691 414 1734 κατὰ
431 1695 505 1745 τῆς
526 1690 724 1746 ἀληθείας
744 1691 951 1745 ἐπιζητεῖν.
1021 1687 1122 1731 ὅθεν
1141 1690 1224 1731 ἐπεὶ
1242 1689 1333 1746 περὶ
1351 1692 1424 1730 τοῦ
1442 1687 1598 1745 πατρὸς
1615 1689 1685 1729 καὶ

197 1765 274 1805 τοῦ
297 1760 391 1802 υἱοῦ
410 1761 478 1802 καὶ
498 1764 572 1802 τοῦ
594 1757 710 1815 ἁγίου
733 1757 964 1813 πνεύματος
984 1758 1030 1800 τὸ
1055 1757 1192 1799 ἱκανὸν
1211 1758 1369 1813 γέγονεν
1378 1750 1397 1808 ,’
1428 1756 1469 1798 εἴ
1495 1774 1534 1799 τι
1567 1757 1685 1813 ἕτερα

199 1832 279 1873 εἶσὶ
303 1829 473 1880 ὃεικτέα,
502 1827 928 1886 προσφερέσθωσαν.”
967 1828 1009 1867 Γ
1006 1826 1170 1877 οδολιάς
1185 1826 1394 1876 Ἰουδαῖος
1410 1823 1517 1867 εἶπεν
1537 1823 1688 1880 ιεὴμεΐς

201 1900 294 1957 περὶ
314 1899 466 1941 ἐκείνου
486 1897 652 1954 λέγομεν
673 1901 748 1940 τοῦ
768 1896 1007 1951 τεχθέντος,
1035 1899 1110 1939 τοῦ
1129 1896 1171 1938 ἐν
1188 1901 1275 1946 τοῖς
1295 1895 1541 1951 εὐαγγελίοις
1558 1895 1686 1939 αὐτοῦ

201 2052 378 2102 principio
391 2064 484 2088 esse.
509 2052 554 2087 ad
570 2062 673 2098 quem
690 2051 781 2086 enim
797 2050 888 2087 dixit
903 2051 1017 2096 (Gen.
1035 2051 1077 2097 2)
1091 2046 1287 2085 “faciamus
1302 2048 1478 2085 hominem
1496 2050 1542 2085 ad
1559 2050 1688 2096 imagi-

201 2113 282 2136 nem
307 2106 344 2134 et
365 2099 628 2134 similitudinem
649 2095 871 2133 nostram?''
916 2110 995 2133 nam
1017 2097 1049 2132 si
1072 2097 1223 2131 dixisset
1245 2096 1384 2141 faciam,
1409 2102 1552 2143 poterat
1574 2098 1690 2132 videri

201 2147 374 2182 unitatem
408 2148 508 2181 suam
541 2145 704 2180 innuere.
751 2157 827 2179 cum
858 2150 974 2180 autem
1006 2143 1096 2178 dixit
1126 2139 1340 2178 “secundum
1374 2148 1530 2178 nostram
1561 2144 1691 2190 imagi-

200 2189 328 2237 nem‚’'
360 2192 549 2238 perspicue
580 2192 688 2227 filium
720 2203 868 2237 eumque
902 2191 972 2226 sibi
1004 2190 1186 2235 aequalem
1216 2189 1366 2225 indicat.
1411 2189 1500 2224 nihil
1533 2190 1625 2225 enim
1649 2202 1690 2225 se

200 2240 313 2275 maius
338 2239 501 2284 accipere
524 2242 663 2286 potest,
688 2249 766 2273 cum
788 2237 1040 2283 magnitudinis
1063 2237 1315 2271 incrementum
1341 2247 1411 2270 non
1433 2236 1615 2279 admittat3
1648 2248 1692 2272 ac

199 2299 248 2321 ne
270 2286 383 2321 minus
397 2285 548 2331 *quidem
571 2284 705 2330 aliquid
728 2284 908 2319 adsciscit.
955 2284 1050 2319 Rabi
1072 2283 1194 2318 Ionas:
1231 2283 1403 2317 humanae
1427 2282 1693 2318 ratiocinationi

199 2344 272 2368 non
296 2338 350 2367 est
373 2332 574 2367 adhibenda
597 2332 699 2367 fides.
748 2331 885 2377 qualem
910 2330 1000 2365 enim
1027 2329 1179 2365 consulit
1202 2341 1246 2364 ea
1279 2329 1380 2363 deum
1413 2329 1532 2374 credi,
1567 2329 1629 2375 qui
1655 2334 1691 2364 et

198 2385 303 2426 pater
329 2379 467 2413 dicatur
490 2384 526 2413 et
551 2378 645 2413 filius
664 2383 705 2412 et
728 2377 905 2424 spiritus?
953 2377 1148 2412 silvester-2
1173 2387 1250 2410 cum
1272 2374 1311 2409 in
1333 2375 1445 2409 sacris
1463 2376 1578 2410 literis
1599 2375 1690 2420 legis

198 2427 244 2460 de
267 2430 370 2472 patre
394 2436 495 2459 suum
518 2425 628 2459 filium
652 2423 883 2470 compellante
910 2423 1024 2467 (psal.
1049 2425 1089 2467 2)
1118 2419 1237 2457 “filius
1262 2432 1358 2456 meus
1377 2433 1416 2455 es
1435 2418 1518 2465 tu,”
1545 2426 1582 2456 et
1605 2421 1691 2457 alibi

195 2468 252 2506 “is
279 2484 332 2506 me
356 2476 492 2517 patrem
514 2482 614 2506 suum
645 2466 870 2514 invocabit‚”
902 2475 986 2504 tunc
1021 2469 1167 2505 evidens
1199 2468 1268 2503 tibi
1301 2468 1365 2502 fiet
1399 2468 1494 2512 quod
1529 2467 1691 2513 dicimus,

197 2529 315 2563 neque
339 2518 578 2562 suspicaberis
603 2529 668 2552 nos
687 2518 732 2552 de
754 2528 856 2551 sacra
877 2516 1038 2551 trinitate
1062 2515 1196 2561 aliquid
1213 2514 1298 2549 novi
1319 2513 1452 2548 dicere.
1493 2514 1538 2549 de
1561 2514 1692 2560 spiritu

198 2570 316 2598 autem
340 2569 485 2609 sancto,
518 2575 657 2599 rursum
691 2563 774 2598 audi
803 2569 921 2597 vatem
952 2568 1048 2598 tuum
1081 2562 1176 2596 inter
1199 2560 1411 2607 precandum
1437 2559 1490 2595 sic
1515 2560 1691 2595 dicentem

200 2609 313 2667 (Psal.
340 2611 401 2655 50)
428 2606 615 2656 “spiritum
640 2616 736 2645 tuum
763 2615 921 2644 sanctum
944 2621 989 2643 ne
1014 2609 1154 2644 auferas
1179 2621 1200 2643 a
1222 2603 1299 2642 me”
1324 2611 1359 2641 et
1379 2605 1464 2641 alibi
1488 2607 1600 2651 (Psal.
1625 2608 1689 2651 32)

198 2653 353 2701 ‘spiritu
389 2656 460 2691 oris
497 2657 574 2692 eius
609 2657 719 2692 omnis
753 2656 891 2691 illorum
926 2651 1021 2690 vis.'’
1066 2654 1224 2700 loquitur
1247 2657 1362 2688 autem
1387 2653 1431 2687 de
1453 2653 1690 2699 potestatibus

202 2701 429 2737 caelestibus.
477 2703 733 2739 Constantinus
764 2703 943 2748 Augustus
976 2700 1086 2736 dixit:
1122 2701 1232 2736 miror
1261 2699 1472 2734 Iudaeorum
1502 2699 1688 2746 impuden-

203 2747 302 2792 tiam,
331 2749 392 2792 qui
415 2749 531 2784 multis
555 2750 667 2785 modis
691 2762 735 2784 ex
759 2749 928 2784 universa
950 2760 1014 2783 sua
1038 2747 1216 2794 scriptura
1240 2745 1408 2791 convicti,
1433 2751 1550 2781 tamen
1576 2746 1690 2781 adhuc

204 2799 329 2828 contra
351 2794 537 2830 veritatem
560 2796 694 2851 aliquid
718 2795 842 2831 volunt
865 2794 1090 2840 conquirere.
1136 2792 1286 2839 proinde
1309 2791 1394 2836 quia
1417 2793 1462 2827 de
1492 2797 1594 2839 patre
1615 2791 1690 2826 filio

205 2843 243 2874 et
265 2839 393 2885 spiritu
415 2847 536 2876 sancto
562 2844 781 2877 satisfactum
805 2846 878 2887 est,
902 2842 1108 2887 proferant,
1132 2839 1164 2874 si
1187 2849 1257 2885 qua
1279 2838 1413 2874 habent
1435 2838 1517 2874 alia.
1566 2838 1692 2872 Godo-

204 2885 271 2922 lias
294 2886 462 2922 Iudaeus:
487 2900 563 2935 nos,
586 2889 715 2936 inquit,
738 2890 783 2926 de
806 2901 850 2925 eo
873 2888 1062 2936 loquimur,
1085 2885 1148 2934 qui
1165 2890 1268 2922 natus
1291 2884 1373 2932 fuit,
1398 2885 1473 2932 qui,
1493 2889 1534 2921 ut
1553 2884 1592 2920 in
1614 2883 1690 2920 eius
