1742 3184
183 169 284 220 646
608 197 609 201 =
646 167 902 215 'GEORGII
937 167 1183 212 GEDRENI
1223 187 1227 205 2

183 283 458 343 ἐτελεύτησαν.
528 288 596 334 καὶ
617 284 830 344 γενομένου
860 281 995 342 φόβου
1015 279 1194 340 μεγάλου
1218 282 1260 325 οἳ
1281 283 1415 326 λοιποῖ
1436 280 1663 339 ἐσωφρονί-

183 362 363 412 σθησαν.
432 353 584 411 νόμους
608 373 651 399 τε
682 353 893 413 σφοδροὺς
921 353 1027 397 κατὰ
1046 356 1127 397 τῶν
1146 350 1471 408 ἀσελγαινόντων
1485 351 1661 402 ἐξέθετο,

181 427 279 478 τοὺς
309 427 352 470 δὲ
376 426 576 476 παλαιοὺς
593 423 746 480 νόμους
770 421 926 475 πάντας
950 423 1168 476 ἄνενέωσε,
1197 419 1374 477 ποιήσας
1397 419 1660 476 μονόβιβλον,

183 495 208 539 ὃ
227 498 293 540 καὶ
316 496 485 553 Νεαρὰς
504 493 706 545 διατάξεις
726 491 904 536 ἐκάλεσε.

324 568 399 623 Τῷ
424 565 468 608 ‹5'
492 564 604 621 αὐτῷ
625 563 716 616 ἔτει,
745 564 843 618 μηνὶ
860 562 1083 620 Νοεμβρίῳ
1105 558 1190 614 κθ’,
1226 557 1316 620 ὥρα
1333 560 1447 617 τρίτῃ
1466 563 1541 615 τῆς
1558 557 1659 615 ἥμέ-
1673 566 1696 602 5

184 653 285 693 ρας,
321 633 474 677 ἔπαθεν
493 631 573 676 ὑπὸ
597 634 821 689 θεομηνιάς
850 630 973 674 πάλιν
994 629 1215 685 Ἀντιόχεια
1239 627 1266 685 ἡ
1287 628 1443 685 μεγάλη
1462 629 1565 683 μετὰ
1587 626 1662 671 δύο

183 703 252 760 ἔτη
283 708 357 747 τοῦ
386 701 527 762 πρῴην
552 707 702 746 παθεῖν
732 700 873 757 αὐτήν.
955 701 1106 757 ἐγένετο
1137 700 1216 758 γὰρ
1248 699 1414 758 σεισμὸς
1442 699 1569 754 μέγας
1598 699 1663 740 ἐπὶ

184 773 296 831 ὥραν
326 774 424 827 μίαν
462 774 531 815 καὶ
559 772 744 830 βρυγμὸς
773 773 817 814 ἐκ
849 774 924 814 τοῦ
954 770 1131 827 οὐρανοῦ
1164 768 1365 828 φοβερός,
1418 771 1486 811 καὶ
1521 766 1664 810 ἔπεσον

128 851 160 886 D
183 842 317 886 πάντα
347 841 400 885 τὰ
425 843 644 886 κτισθέντα
673 842 749 892 ἕως
777 839 958 899 ἐδάφους
986 841 1054 882 καὶ
1078 839 1130 882 τὰ
1151 841 1276 894 τείχη.
1345 839 1412 882 καὶ
1437 840 1480 881 ἐκ
1502 841 1584 880 τῶν
1603 836 1663 892 μὴ

182 910 386 956 πεσόντων
410 916 598 955 παλαιῶν
618 910 850 966 κτισμάτων
873 911 914 954 ἐν
932 914 991 969 τῷ
1013 908 1161 967 πρώτῳ
1177 911 1332 966 σεισμῷ
1354 908 1665 963 κατηνέχθησαν
1677 911 1722 947 10

184 985 271 1025 νῦν.
340 983 407 1024 καὶ
429 985 543 1024 πᾶσα
562 980 587 1037 ἦ
610 981 800 1038 γενομένη
824 980 1039 1037 εὐπρέπεια
1062 979 1103 1021 ἒν
1128 983 1179 1035 τῇ
1207 977 1320 1021 πόλει
1350 977 1393 1020 ἔκ
1420 995 1463 1020 τε
1485 981 1565 1020 τῶν
1591 980 1667 1019 τοῦ

184 1051 386 1106 βασιλέως
415 1055 669 1109 φιλοτιμιῶν,
713 1052 782 1093 καὶ
814 1044 870 1093 ὧν
905 1051 948 1101 ἐξ
980 1050 1093 1091 ῗὸίων
1124 1047 1163 1090 οἱ
1193 1051 1354 1090 πολῖται
1378 1046 1666 1106 ᾠκοδόμησαν,

184 1119 318 1164 πάντα
338 1121 570 1164 κατέπεσον.
641 1121 849 1163 ἀπέθανον
874 1120 918 1162 δὲ
936 1120 978 1161 ἐν
998 1122 1051 1175 τῇ
1072 1116 1223 1160 πτώσει
1247 1114 1375 1174 ταύτῃ
1396 1118 1464 1159 καὶ
1482 1111 1667 1171 χιλιάδες

184 1189 378 1248 τέσσαρες
411 1194 514 1233 λαοῦ
537 1191 606 1233 καὶ
635 1188 702 1233 [ου’
725 1189 882 1246 ἄνδρες.
954 1188 993 1230 οἱ
1022 1188 1066 1230 δὲ
1093 1188 1297 1238 σωθέντες
1327 1185 1477 1243 ἔφυγον
1509 1188 1565 1237 εἷς
1593 1186 1668 1236 τὰς

186 1258 315 1310 ἄλλας
347 1258 495 1311 πόλεις.
563 1260 697 1316 γέγόνε
723 1260 768 1302 δὲ
791 1260 859 1302 καὶ
878 1257 1033 1313 χειμών
1062 1258 1189 1313 μέγας
1216 1258 1284 1299 καὶ
1314 1255 1572 1313 βαρύτατος,
1613 1253 1668 1306 ὡς
1680 1259 1724 1296 15

184 1327 407 1373 λιτανεύειν
430 1328 585 1380 πάντας
607 1329 881 1379 ἀνυποδέτους
897 1327 989 1382 μετ’
1017 1327 1208 1384 ὀδυρμῶν
1222 1329 1405 1369 πυκνῶν.·
1471 1325 1600 1384 ἐφάνη
1624 1326 1672 1368 δέ

184 1415 263 1442 τινι
284 1402 478 1452 θεοσεβεῖ
494 1397 704 1457 ἀνθρώπῳ
732 1399 774 1441 ἓν
795 1395 973 1455 ὁράματι
997 1398 1118 1439 εἷπεΐν
1141 1400 1264 1439 πᾶσιν
1287 1397 1358 1438 ἵνα
1385 1394 1669 1454 ἐπιγράψωσιν

186 1469 243 1519 εἷς
262 1467 315 1512 τὰ
334 1466 555 1527 ὑπέρθυρα
576 1469 711 1512 αὐτῶν
735 1466 953 1525 “Χριστὸς
969 1466 1073 1521 μεθ’
1098 1464 1229 1521 ἡμῶν,
1265 1465 1430 1520 στῆτε.”
1483 1467 1550 1508 καὶ
1571 1464 1670 1508 τού-

42 1546 70 1582 Ρ
93 1548 163 1585 369
186 1554 258 1581 του
278 1538 492 1594 γενομένου
511 1538 607 1593 ἔστη
627 1536 652 1594 ἢ
677 1537 777 1594 ὀργὴ·
795 1541 871 1581 τοῦ
888 1541 1004 1580 θεοῦ.
1074 1537 1140 1578 καὶ
1162 1533 1284 1578 πάλιν
1306 1533 1326 1578 ὃ
1344 1535 1537 1589 βασιλεὺς
1556 1536 1623 1577 καὶ
1642 1532 1668 1590 ἦ

185 1608 414 1664 Αὖγοῢστα
436 1608 569 1650 πολλὰ
591 1606 849 1665 ἐδωρήσαντο
869 1604 1066 1664 χρήματα
1092 1607 1149 1655 εἷς
1178 1605 1470 1660 ἀνακαινισμόν
1490 1610 1563 1661 τῆς
1577 1606 1727 1649 'Am-2⁰

185 1674 325 1732 τιόχου
345 1675 525 1730 πόλεως,
558 1679 626 1720 καὶ
643 1674 939 1732 μετωνόμασαν
962 1675 1089 1730 αὐτὴν
1115 1673 1356 1717 Θεούπολιν.

328 1744 476 1804 Τούτῳ
497 1750 555 1805 τῷ
578 1746 654 1789 ἔτει
674 1749 910 1803 Σαμαρῖται
939 1747 1007 1787 καὶ
1028 1745 1229 1786 Ἰουδαῖοι
1251 1744 1291 1786 ἓν
1311 1742 1570 1799 Παλαιστίνῃ
1589 1746 1671 1797 βα-

187 1814 302 1860 σιλέα
321 1815 412 1858 τινὰ
427 1815 656 1859 Ἰουλιανὸν
686 1815 877 1870 ε’στεψαν,
923 1815 992 1857 καὶ
1014 1813 1121 1856 κατὰ
1143 1815 1408 1870 Χριστιανῶν
1426 1810 1533 1854 ὅπλα
1554 1810 1671 1868 κινή-

186 1945 308 1981 biliter
329 1946 533 1993 perierunt,
569 1958 704 1992 suoque
728 1945 888 1992 exemplo
912 1946 1067 1992 reliquos
1091 1943 1295 1990 pudicitiam
1320 1944 1438 1980 colere
1460 1944 1668 1980 docuerunt.

186 1992 267 2028 tulit
296 1993 512 2029 Iustinianus
535 1994 647 2028 ¹*acres
680 1994 778 2039 leges
812 1999 936 2028 contra
961 1992 1165 2037 ‘impudicos
1200 1996 1237 2027 et
1258 1995 1400 2026 veteres
1426 2003 1545 2026 omnes
1570 1992 1671 2038 leges

184 2045 374 2086 renovatas
403 2041 442 2076 in
477 2052 582 2076 unum
611 2040 775 2077 volumen
804 2040 965 2085 redegit,
998 2039 1094 2085 quod
1114 2038 1287 2074 Novellas
1312 2037 1592 2074 constitutiones
1613 2040 1670 2074 in-

184 2086 256 2121 scri
283 2086 344 2121 sit.
863 2102 866 2113 v
1416 2087 1418 2090 ’

258 2099 415 2168 pEodem
431 2145 534 2179 anno,
562 2133 621 2169 die
646 2133 835 2180 penultima
854 2130 1082 2176 Novembris,
1110 2131 1199 2166 hora
1223 2131 1295 2166 diei
1313 2132 1349 2176 3,
1373 2143 1510 2167 rursum
1534 2131 1591 2168 ira
1613 2132 1673 2167 dei

184 2177 415 2215 Antiocheam
437 2180 580 2226 afflixit,
605 2181 747 2216 biennio
774 2186 856 2226 post
881 2179 1100 2225 superiorem
1124 2179 1271 2213 cladem.
1321 2179 1461 2213 exstitit
1483 2179 1573 2214 enim
1596 2184 1673 2214 ter-

186 2236 249 2259 rae
278 2231 391 2262 motus
423 2227 566 2273 ingens,
600 2232 781 2273 totamque
813 2226 958 2262 duravit
988 2225 1108 2259 horam
1133 2237 1209 2260 cum
1233 2225 1386 2260 terribili
1410 2225 1499 2260 caeli
1523 2226 1672 2271 mugitu.

189 2283 232 2306 ea
262 2273 504 2309 concussione.
524 2274 639 2309 omnia
673 2286 765 2319 quae
795 2274 983 2308 aedificata
1015 2272 1176 2316 fuerant,
1213 2271 1287 2306 solo
1320 2277 1472 2318 aequata
1495 2279 1599 2317 sunt,
1637 2277 1674 2308 et

187 2319 291 2363 muri,
315 2325 422 2365 atque
445 2321 532 2357 adeo
556 2321 625 2356 ista
649 2332 790 2367 quoque
812 2326 883 2354 tum
906 2319 1072 2354 aedificia
1096 2324 1318 2363 corruerunt,
1341 2330 1433 2364 quae
1479 2319 1574 2353 riore
1596 2325 1679 2354 ter-

186 2375 249 2399 rae
285 2372 381 2401 motu
411 2378 481 2401 non
511 2368 726 2402 ceciderant.
775 2367 930 2412 denique
954 2365 1126 2411 quidquid
1150 2371 1187 2400 et
1206 2365 1435 2410 imperatoria
1454 2332 1675 2401 iiberalitate

188 2416 226 2446 et
249 2412 414 2456 privatim
438 2414 567 2449 civium
589 2415 784 2460 sumptibus
818 2413 899 2448 urbi
931 2413 1049 2446 suerat
1081 2411 1274 2447 ornamenti
1314 2413 1558 2456 conciliatum,
1590 2418 1675 2448 tunc

187 2458 311 2503 periit.
360 2462 486 2495 obruta
508 2466 591 2496 sunt
613 2461 725 2495 ruinis
748 2460 924 2494 hominum
949 2459 1046 2494 milia
1066 2459 1090 2494 4
1114 2465 1151 2493 et
1174 2459 1260 2494 870:
1291 2458 1419 2504 reliqui
1442 2459 1478 2493 in
1503 2459 1589 2493 alias
1611 2470 1680 2493 ur·-

187 2505 251 2539 bes
279 2507 527 2552 confugerunt.
563 2508 632 2542 fuit
654 2509 761 2545 etiam
785 2506 996 2551 gravissima
1016 2511 1222 2551 tempestas,
1248 2504 1336 2539 adeo
1360 2512 1400 2540 ut
1418 2505 1577 2540 universi
1594 2505 1675 2541 sine

189 2551 571 2600 calceis1supplicatum
595 2554 668 2588 sint
690 2553 872 2599 progressi
895 2564 972 2587 cum
1006 2552 1141 2587 crebris
1177 2551 1377 2587 eiulatibus.
1425 2559 1509 2587 tunc
1532 2552 1673 2597 quidam

188 2597 248 2642 pie
272 2598 373 2633 deum
396 2601 515 2635 colens
541 2602 646 2635 homo⁴
663 2601 800 2635 visione
822 2599 1097 2634 admonitusoest
1120 2602 1160 2632 ut
1182 2598 1341 2632 omnibus
1361 2599 1674 2644 praeciperet‚·‘uti

188 2644 428 2689 superioribus
451 2648 633 2682 domorum
657 2658 798 2683 suorum
823 2646 985 2692 postibus
1009 2645 1247 2680 inscriberent
1267 2641 1454 2680 “Christus
1479 2646 1674 2690 nobiscum,

190 2687 319 2726 state.”
367 2694 438 2728 hoo
454 2694 629 2728 &etenira
651 2694 709 2728 dei
734 2693 882 2730 resedit.
930 2704 1068 2727 rursum
1092 2703 1233 2737 quoque
1257 2696 1294 2726 et
1315 2691 1509 2736 imperator
1535 2697 1573 2727 et
1597 2695 1672 2726 Au-

190 2742 294 2779 gusta
318 2739 458 2779 multum
482 2741 654 2786 pecuniae
676 2740 797 2785 laigiti
820 2742 902 2774 sunt
925 2740 970 2774 ad
992 2739 1283 2774 instaurationem
1305 2737 1544 2785 Antiocheae,
1569 2738 1674 2785 eique

190 2792 315 2818 nomen
342 2785 537 2832 Theopolis
562 2787 776 2822 indiderunt.
914 2810 919 2819 ι
1300 2807 1306 2817 ⁴

283 2831 417 2866 Eodem
442 2845 532 2867 anno
558 2833 771 2869 Samaritani
795 2837 832 2868 et
853 2831 979 2868 Iudaei
1010 2830 1048 2865 in
1068 2830 1270 2873 Balaestina
1304 2832 1477 2876 quendum
1500 2832 1672 2867 Iulianum

190 2876 292 2922 regia
319 2890 451 2914 corona
482 2886 641 2916 ornatum
675 2880 746 2916 sibi
778 2879 1048 2925 praefecerunt:
1083 2878 1258 2924 armisque
1287 2880 1415 2915 ‘contra
1448 2877 1673 2914 Christianos
