1742 3184
380 185 780 232 HISTORIARUM
812 185 1204 232 GOMPENDIUM.
1432 189 1532 236 379

63 302 180 362 φωνὴ
201 301 248 346 τὸ
265 299 435 358 μήνυμα
457 302 666 358 σημαίνει·
697 297 841 358 μηνύει
865 300 944 358 γὰρ
966 297 993 356 ἦ
1017 300 1121 356 ἀρχὴ
1139 300 1213 355 τὴν
1231 302 1439 360 περίοδον,
1466 306 1534 346 καὶ

61 376 183 416 τοῦτο
210 373 318 415 ἐστὶν
343 369 371 427 ἦ
401 369 615 415 ῖνδικτιῶν.
680 369 708 426 ἦ
729 371 774 414 δὲ
787 368 934 420 Ἑλλὰς
951 369 1201 429 φερωνύμως
1216 370 1339 426 ἔθηκε
1354 372 1430 427 τὴν
1446 373 1535 414 ἐπι-

62 442 240 497 νέμησιν.
310 440 359 483 οὗ
385 441 465 498 γὰρ
497 443 555 492 εἷς
583 438 852 498 ἀπαράβατον
877 441 946 482 καὶ
974 438 1196 498 ὡρισμένον
1220 439 1354 498 βάρος
1379 442 1425 484 τὸ
1452 460 1536 484 πα-

61 510 179 553 λαιὸν
210 509 249 555 οἳ
279 508 402 568 φόροι
423 516 509 561 τοῖς
528 507 722 565 ὖπηκόοις
742 507 952 553 ἐτάττοντο
961 541 975 561 ,
1011 509 1107 552 ἀλλ’
1131 508 1159 566 ἦ
1179 514 1261 552 τῶν
1281 514 1449 568 καρπῶν
1469 511 1538 567 γε’-

28 588 169 630 swam,-
191 579 266 634 τὴν
293 577 482 630 σύνταξιν
512 579 652 630 αὐτοῖς
682 576 1121 637 ἐφιλανθρωπεύσατο’
1157 581 1427 633 σπανίζουσαν
1457 581 1538 638 γὰρ

59 647 314 707 ἦλάφρυνεν,
341 648 606 704 εὖθηνοῧσαν
636 649 679 691 δὲ
713 648 787 691 οὐκ
817 647 988 707 ἐβάρυνε
1000 680 1015 702 ,
1049 650 1118 692 καὶ
1147 650 1337 704 διένειμεν
1371 648 1539 701 ἀλύπως

60 724 148 769 τοῖς
178 718 544 776 φορολογουμένοις
572 718 619 761 τὸ
651 716 870 774 ἀνάλογον,
916 719 984 761 καὶ
1015 717 1106 762 τότε
1138 717 1204 762 ὅτε
1232 721 1352 775 χρεία
1390 717 1537 762 ἐκάλει.

60 787 236 843 μηδενὸς
265 788 309 830 δὲ
336 786 453 838 ὄντος
479 791 553 830 τοῦ
575 788 926 845 φορολογουμένου
949 787 1041 830 οὐδ’
1068 786 1211 839 ὅλωςὸ
1234 787 1363 846 φόρος
1381 787 1534 848 ἔπράτ-
1556 794 1588 829 C

60 874 151 900 τετο
160 888 175 910 ,
211 856 307 899 ἀλλ’
331 857 478 913 ἐγίνετο
498 857 643 915 κε’ρδος
662 855 684 900 ὃ
704 855 826 908 πόνος
845 855 941 907 ὅλος
959 864 1044 908 τοῖς
1062 856 1330 916 γεωργήσασι.

7 934 52 970 10
198 923 368 980 Γάλβας
393 928 627 981 ἐβασίλευσε
653 931 788 982 μῆνας
804 925 850 969 θ’
873 925 1045 983 ἡμέραις
1073 926 1138 984 ιγ’,
1166 923 1216 984 ἦν
1240 928 1285 970 δὲ
1305 932 1387 970 τῶν
1409 927 1537 971 εὖπα-

61 997 234 1051 τριδῶν,
268 993 315 1046 ὃς
334 993 413 1051 εἶχε
434 994 843 1053 παραδυναστεύοντα
862 996 932 1039 τὸν
945 996 1129 1040 ''O-ww.
1197 996 1242 1047 ὃς
1259 999 1327 1039 καὶ
1345 997 1445 1040 ἰδὼν
1462 997 1536 1040 τὸν

62 1063 232 1119 Γάλβαν
256 1063 447 1108 Λούκιον
476 1068 533 1115 εἰς
557 1062 770 1109 υἱοθεσίαν
796 1064 1113 1122 παραλαβόντα,
1150 1065 1369 1125 φθονήσας
1393 1068 1462 1110 καὶ
1486 1066 1534 1110 τὸ

62 1132 296 1192 στράτευμα
320 1135 416 1178 κατ’
450 1135 578 1178 αὐτοῦ
600 1134 767 1190 κινήσας
789 1136 1012 1178 ἀπέκτεινεν
1035 1134 1171 1179 αὐτόν.
1241 1135 1537 1192 ἀπαιτούμενος

64 1204 108 1246 δὲ
138 1201 160 1246 ὃ
181 1203 326 1247 ’Όθων
347 1202 544 1261 χρήματα
570 1205 684 1262 παρὰ
704 1209 785 1250 τῶν
804 1211 1082 1263 στρατιωτῶν,
1119 1205 1148 1248 ἃ
1167 1204 1360 1261 ὑπέσχετο
1382 1206 1536 1258 αὐτοῖς,

6 1279 50 1316 15
63 1271 141 1331 ἔφη
163 1271 244 1316 “0¹3
264 1275 332 1316 δεῖ
348 1272 631 1332 αὐτοκράτορα
649 1273 998 1331 ἀναγκάζεσθαι.”

192 1342 337 1386 ’Όθων
359 1345 592 1397 ἐβασίλευσε
611 1349 744 1400 μῆνας
764 1350 871 1401 τρεῖς
889 1342 1043 1400 ἡμέρας
1059 1341 1114 1398 η’,
1149 1337 1200 1399 ἦν
1219 1344 1262 1386 δὲ
1279 1343 1417 1400 γε’νους
1432 1343 1537 1399 ἀσή-

60 1429 157 1467 μου.
222 1409 342 1454 θῦων
369 1413 416 1455 δέ
442 1430 539 1456 ποτε
562 1414 604 1455 ἐν
629 1418 686 1472 τῷ
718 1415 810 1472 ἱερῷ
837 1412 888 1456 τὰ
913 1418 987 1468 τῆς
1003 1413 1247 1470 Ἀφροδίτης
1268 1413 1434 1473 ᾄσματα
1453 1422 1538 1464 τοῖς

61 1481 184 1538 ἱεροῖς
223 1482 441 1538 παρέμιξε,
487 1484 554 1525 καὶ
586 1482 656 1525 διὰ
687 1488 806 1526 τοῦτο
845 1483 1055 1527 Οὐϊτελιόυ
1090 1482 1199 1541 αὐτῷ
1234 1483 1533 1534 ἐπαναστάντος
1554 1489 1587 1524 D

59 1551 223 1610 ξιφιδίῳ
246 1549 390 1594 ἑαυτὸν
412 1553 675 1610 διεχειρίσατο
696 1552 818 1596 εἰπὼν
841 1550 914 1596 “τί
930 1551 1008 1610 γάρ
1028 1552 1081 1607 pie
1104 1551 1183 1595 ἔδει
1202 1560 1376 1612 μακροῖς
1398 1552 1539 1604 αὗλοῖς

3 1619 174 1682 Ξθᾷδειν
193 1622 260 1663 καὶ
280 1620 473 1676 αὗλεΐν,·”

201 1690 450 1747 Οὗϊτέλιοςῆ
471 1690 655 1741 Βιτέλιος
673 1688 760 1742 ἔτος
782 1690 844 1743 ἓν,
878 1690 1018 1747 γε’νους
1038 1689 1260 1748 ἐπιφανοῦς
1279 1689 1350 1733 ὤν.
1418 1685 1540 1742 οὗτος

61 1757 335 1817 ἀστρολόγους
356 1762 424 1803 καὶ
443 1758 723 1817 ἀστρονόμους
740 1762 806 1803 καὶ
824 1758 975 1817 γόητας
990 1759 1102 1810 ἐντὸς
1117 1759 1242 1817 ῥητῆς
1259 1758 1417 1817 ἡμέρας
1432 1758 1537 1803 πάν-

60 1845 136 1879 τας
181 1829 410 1888 ἐκχωρῆσαι
447 1834 521 1886 τῆς
553 1830 735 1881 Ἰταλίας
767 1829 1025 1888 προσέταξεν.
1093 1829 1140 1872 οἳ
1174 1831 1243 1872 καὶ
1283 1827 1538 1888 πρόγραμμα

61 2005 214 2041 circuitu
242 2005 389 2042 indicat.
447 2007 602 2043 Graecia
632 2008 677 2043 ab
710 2012 840 2043 eventu
873 2019 999 2042 nomen
1029 2007 1217 2053 imposuit,
1252 2012 1292 2042 ut
1318 2007 1535 2053 epinemesin

62 2053 273 2099 appellaret.
320 2052 513 2098 antiquitus
550 2054 641 2089 enim
672 2054 842 2089 tributum
870 2054 1022 2090 subditis
1057 2066 1126 2088 non
1156 2054 1207 2088 ita
1234 2054 1434 2099 impositum
1458 2059 1537 2089 erat

63 2104 103 2133 ut
125 2098 201 2133 eius
224 2100 296 2134 fixa
320 2104 416 2134 es'set
438 2105 475 2134 et
496 2100 719 2135 immutabilis
741 2101 853 2146 ratio,
881 2102 944 2136 sed
962 2101 1060 2134 iuxta
1077 2101 1214 2145 frugum
1235 2106 1443 2145 proventum
1468 2100 1537 2135 hu-

62 2145 212 2179 maniter
242 2145 287 2180 iis
320 2146 585 2191 imponebatur,
617 2146 669 2182 ita
699 2155 740 2182 ut
771 2160 813 2182 eo
846 2147 1010 2182 tenuiore
1033 2147 1144 2182 minus
1167 2148 1383 2192 penderent,
1418 2157 1534 2191 neque

61 2191 229 2226 uberiore
251 2203 293 2226 eo
316 2203 443 2227 census
467 2199 668 2237 augeretur.
716 2193 838 2240 itaque
862 2193 1086 2229 exactoribus
1117 2205 1182 2239 pro
1209 2193 1372 2238 portione
1395 2193 1534 2227 tribue—

61 2238 170 2283 bant,
201 2238 310 2284 idque
330 2244 432 2283 tunc,
458 2241 597 2284 quando
619 2241 813 2275 necessitas
832 2240 1046 2286 postulabat.
1094 2251 1171 2274 cum
1195 2245 1310 2273 autem
1335 2251 1436 2273 nemo
1457 2239 1536 2273 exi-

61 2290 185 2329 geret,
219 2296 365 2331 prorsus
392 2296 537 2320 censum·
553 2298 624 2321 uon
643 2287 862 2334 pendebant,
896 2287 960 2322 sed
984 2285 1095 2320 omnis
1123 2285 1254 2320 laboris
1278 2286 1414 2320 fructus
1438 2285 1535 2331 agri-

62 2331 150 2366 colis
175 2331 455 2378 relinquebatur.

157 2378 275 2413 Galba
302 2376 492 2424 imperavit
521 2389 658 2413 menses
680 2379 704 2414 9
727 2380 803 2415 dies
830 2380 886 2415 13.
935 2378 1006 2413 fuit
1026 2376 1217 2424 patricius,
1253 2376 1445 2422 habuitque
1468 2377 1536 2412 im-

62 2424 156 2479 perii
191 2424 361 2459 aemulum
394 2424 591 2470 Othonem,
625 2425 695 2470 ¹qui
729 2438 806 2461 cum
837 2426 983 2460 Lucium
1012 2436 1032 2458 a
1060 2424 1178 2458 Galba
1199 2423 1338 2458 videret
1360 2425 1536 2470 adoptari,

62 2469 200 2505 mvidia
227 2471 352 2506 ductus
385 2471 577 2505 exercitum
611 2473 780 2508 adversus
808 2473 900 2507 hunc
924 2470 1134 2515 concitavit,
1169 2481 1319 2515 eumque
1341 2470 1538 2506 interfecit.

63 2516 160 2551 otho
179 2522 294 2552 autem
313 2529 335 2551 a
353 2516 521 2552 militibus
541 2518 743 2563 pecuniam,
767 2531 870 2566 quam
888 2518 1120 2565 promiserat,
1144 2516 1341 2564 postulatus
1353 2544 1364 2563 ,
1386 2529 1537 2564 respou-

62 2563 118 2599 dit
139 2563 386 2610 imperatorem
410 2576 480 2598 non
503 2564 634 2598 debere
657 2564 751 2609 cogi.

156 2610 350 2656 Imperavit
371 2611 468 2644 Otho
491 2622 628 2645 menses
653 2612 676 2647 3
700 2611 776 2646 dies
797 2612 833 2646 8.
881 2615 983 2645 natus
1010 2608 1080 2642 fuit
1103 2609 1253 2643 obscuro
1278 2621 1424 2654 genere.
1471 2609 1539 2644 ali-

63 2656 203 2701 quando
235 2667 310 2691 rem
342 2668 476 2692 sacram
510 2657 548 2690 in
581 2657 710 2703 templo
739 2657 874 2692 faciens
908 2655 1062 2690 carmina
1084 2655 1249 2690 Venerea
1271 2656 1384 2691 sacris
1406 2656 1540 2702 permi-

63 2703 168 2737 scuit.
215 2701 296 2738 ideo
322 2714 367 2738 ue
401 2703 570 2738 adversus
599 2703 714 2750 ipsum
736 2716 759 2739 a
781 2702 924 2739 Vitellio
953 2707 1047 2736 mota
1075 2701 1251 2737 seditione
1272 2702 1390 2748 gladio
1413 2714 1541 2738 suo=se

63 2748 266 2829 giges-fait,
298 2715 423 2785 {icens
452 2746 643 2796 “quorsum
673 2749 765 2786 enim
798 2750 973 2785 attinebat
1002 2759 1059 2782 me
1089 2759 1230 2794 quoque
1257 2748 1373 2795 longis
1395 2754 1541 2785 cantare
1572 2767 1573 2770 ¹

118 2807 164 2829 ns

155 2841 320 2877 Vitellius
354 2853 459 2877 unum
491 2853 617 2877 annum
649 2841 858 2888 imperavit,
891 2839 1020 2876 illustri
1050 2839 1185 2876 familia
1205 2844 1319 2876 ortus.
1365 2840 1398 2876 is
1423 2844 1539 2876 astro-

64 2886 165 2933 logos
189 2892 409 2925 astronomos
429 2888 795 2936 praestigiatoresque
819 2899 938 2924 omnes
961 2887 1058 2924 intra
1081 2893 1214 2924 certum
1236 2887 1328 2924 diem
1349 2887 1454 2924 Italia
1475 2900 1539 2923 ex-
