1742 3184
193 156 291 202 322
667 151 912 199 GEORGII
946 149 1192 197 CEDRENI

189 269 328 328 ἄρχων
349 267 392 321 ἓξ
410 264 554 311 Ἰούδα
576 268 643 311 καὶ
664 263 886 324 ἡγούμενος
900 266 944 310 ἔκ
959 269 1042 309 τῶν
1057 269 1202 323 μηρῶν
1218 262 1359 318 αὐτοῦ,
1394 263 1470 316 ἕως
1488 262 1539 307 ἂν
1559 261 1665 321 ἔλθῃ

188 339 212 382 ὃ
235 336 442 383 ἀπόκειται
453 337 497 390 ,²²
524 336 616 394 ἤτοι
641 334 662 379 ὅ
680 334 878 393 Χριστός.
945 339 1106 393 πρῶτος
1125 333 1205 392 γὰρ
1227 331 1461 391 ἀλλόφυλος
1473 331 1668 390 Ἠρώδης

185 408 405 452 Ἰουδαίων
429 401 572 464 ἦρξεν,
608 404 765 462 ”Λραψ
784 402 841 447 ὢν
868 403 1127 459 Ἰδουμαῖος,
1162 405 1229 447 καὶ
1252 407 1414 461 πρῶτος
1435 401 1668 461 ἀλλόφυλον

190 477 380 536 ἀρχιερέα
400 475 639 530 κατέστησε,
673 474 743 516 τὸν
758 472 995 526 Ἀνάνιλον,
1030 471 1086 524 ὥς
1102 470 1308 529 Ἰώσηπος
1329 471 1446 529 λέγει.

138 561 170 596 c
321 545 423 588 τὈτι
436 542 630 601 Ἠρώδης
655 540 677 584 ὅ
707 539 927 599 μιαιφόνος
946 542 1049 600 πρὸς
1067 549 1156 593 ταῖς
1175 545 1344 592 πολλαῖς
1365 545 1446 584 τῶν
1469 542 1703 596 συγγενῶνὸ

192 615 471 675 φονοκτονίαις
503 612 665 669 ἀναιρεῖ
696 613 764 653 καὶ
789 609 995 669 “Υρκανὸν
1022 611 1095 655 τὸν
1122 609 1249 653 πάλαι
1283 609 1473 668 ἀρχιερέα
1502 609 1570 651 καὶ
1600 607 1671 650 τὸν

191 683 338 728 τούτου
366 683 455 726 υἱὸν
481 683 549 723 καὶ
578 680 652 736 τὴν
680 678 827 724 τούτου
856 677 1060 738 ἀδελφήν,
1100 678 1249 723 ἑαυτοῦ
1274 680 1319 722 δὲ
1345 684 1540 736 γυναῖκα,
1575 677 1672 727 τοὺς

193 751 268 796 δύο
287 753 456 802 οἰκείους
476 750 591 800 υἱοὺς
611 752 667 800 εἷς
688 749 841 806 ἄνδρας
859 753 1086 802 τελοῦντας,
1121 751 1189 792 καὶ
1211 748 1284 804 τὴν
1301 737 1519 805 πενθέράν,
1547 745 1607 789 ἔτι
1627 746 1672 788 δὲ

194 820 399 875 Σαλώμης
424 823 497 875 τῆς
520 820 627 870 ἰδίας
657 818 840 876 ἀδελφῆς
862 819 933 862 τὸν
954 817 1111 875 ἄνδρα·
1144 816 1349 875 γήμαντος
1368 818 1415 860 δὲ
1436 816 1564 871 αὗτὴν
1588 813 1673 857 ἑτέ-

194 909 269 949 ρου
289 892 355 932 καὶ
375 893 518 932 τοῦτον
535 888 804 945 προστίθησι,
839 888 942 945 πρὸς
959 889 1004 931 δὲ
1021 890 1089 931 καὶ
1106 887 1204 938 τοὺς
1219 885 1433 945 ὖφηγητὰς
1451 889 1533 929 τῶν
1555 885 1672 942 ἱερῶν
1686 893 1729 928 10

194 959 342 1014 νόμων,
377 959 444 1001 καὶ
477 957 573 1008 τοὺς
602 961 682 999 τῶν
704 958 883 1014 πατρίων
906 955 1100 1013 ζηλωτάς.
1168 954 1361 1014 θεηλάτῳ
1384 956 1430 998 δὲ
1448 958 1583 1011 πληγῇ
1607 954 1673 995 καὶ

193 1029 353 1086 ὕδρωπι
374 1028 590 1081 συσχεθεὶς
609 1024 821 1082 σκώληκας
841 1026 921 1068 ἀπὸ
945 1031 1018 1070 τοῦ
1044 1023 1236 1081 σώματος
1255 1026 1447 1083 ἕξέβρασε
1457 1055 1471 1076 ,
1506 1025 1575 1066 καὶ
1600 1020 1675 1066 ου’-

195 1115 274 1148 τως
293 1099 432 1146 δεινῶς
452 1093 704 1150 ὀδυνώμενος
718 1095 922 1150 τέθνηκεν.

327 1165 428 1208 ’Ότι
450 1164 666 1220 πενταετὴς
685 1163 706 1207 ὃ
727 1164 912 1222 Χριστὸς
932 1162 1011 1206 ἀπὸ
1035 1166 1108 1219 τῆς
1129 1160 1344 1219 Αἰγύπτου
1364 1160 1587 1219 ἀνέρχεται.

144 1246 176 1281 D
329 1233 431 1277 ’Ότι
458 1233 700 1290 Αὔγουστος
721 1233 954 1291 Ἀρχὲλαον
991 1232 1066 1287 μὲν
1106 1231 1194 1274 υἱὸν
1230 1229 1423 1289 Ἠριῦδου
1454 1229 1673 1275 Ἰουδαίων
1687 1236 1730 1272 15

198 1302 405 1361 ἐθνάρχην
425 1303 666 1358 κατέστησε,
704 1302 799 1353 τοὺς
827 1303 872 1345 δὲ
903 1301 1051 1352 ἄλλους
1080 1300 1286 1359 ἀδελφοὺς
1315 1299 1442 1343 αὐτοῦ
1474 1299 1676 1355 τέσσαρας

196 1372 339 1425 ὄντας,
369 1370 563 1430 Ἱῖριῦδην
594 1369 813 1426 ὁμώνυμον
840 1375 900 1429 τῷ
919 1371 1041 1428 πατρὶ
1064 1372 1131 1412 καὶ
1146 1370 1425 1426 ’Λντίπατρον
1446 1372 1505 1427 τῷ
1524 1365 1676 1424 πάππῳ

198 1442 419 1486 Λυσανίαν
435 1458 478 1484 τε
499 1443 567 1484 καὶ
589 1442 806 1492 Φίλιππον,
836 1443 891 1491 εἷς
908 1441 1087 1496 τέσσαρα
1103 1439 1207 1496 μέρη
1227 1436 1427 1493 διατεμὼν
1444 1437 1518 1494 τὴν
1533 1434 1676 1493 χώραν

201 1509 362 1569 ἑκάστῳ
385 1510 552 1565 διένειμε
579 1514 648 1553 καὶ
675 1508 900 1567 τετράρχας
928 1508 1077 1558 αὐτοὺς
1097 1505 1298 1562 ὠνόμασε.
1366 1505 1456 1550 τότε
1473 1508 1540 1549 καὶ
1559 1505 1678 1561 λιμὸς

202 1582 245 1625 ἔν
257 1577 395 1637 Ῥώμῃ
413 1579 570 1635 γέγονεν
590 1577 645 1629 ὥς
664 1583 876 1636 πραθῆναι
897 1578 968 1620 τὸν
986 1575 1135 1633 μόδιον
1147 1577 1352 1634 χρυσίνων
1371 1574 1446 1628 κζ’.
1686 1583 1734 1620 20

331 1646 434 1690 ‘'Ou
461 1652 521 1706 τῷ
548 1646 676 1704 ,εφιιῗῗ
706 1651 778 1690 τοῦ
807 1646 987 1702 κόσμου,
1022 1649 1095 1701 τῆς
1117 1646 1162 1688 δὲ
1184 1646 1303 1696 θείας
1328 1642 1571 1703 σαρκώσεως
1602 1641 1679 1687 ἔτει

204 1714 255 1775 ιγ’
281 1717 500 1760 Ἰουδαίων
525 1717 660 1775 τρίτος
681 1714 876 1774 Ἠρώδης
896 1712 1136 1774 ἐκράτησεν,
1173 1713 1220 1766 ὃς
1246 1716 1314 1757 καὶ
1333 1714 1575 1773 Ἀγρίππας
1594 1713 1680 1756 ἕλε’-

204 1869 423 1915 vaticinium,
446 1869 508 1916 qui
530 1880 600 1904 non
623 1871 705 1905 ante
729 1868 927 1905 defuturum
951 1868 1040 1904 Iuda
1061 1871 1175 1904 ortum
1197 1867 1393 1915 principem
1418 1873 1456 1904 et
1478 1868 1598 1903 ducem
1622 1878 1681 1902 se-

206 1918 302 1953 mine
323 1917 400 1952 eius
423 1920 558 1951 cretum
581 1915 763 1961 edixerat,
798 1927 901 1961 quam
933 1914 965 1950 is
993 1914 1133 1951 veniret
1166 1915 1224 1949 cui
1246 1915 1406 1962 reposita
1428 1915 1544 1950 omnia
1568 1918 1682 1958 erant,

206 1964 246 1999 id
279 1969 335 1999 est
365 1963 542 1998 Christus.
588 1962 721 2008 primus
754 1962 846 1997 enim
884 1961 1081 2007 alienigena
1113 1961 1255 1997 Iudaeis
1297 1960 1488 2008 imperavit
1518 1961 1682 1994 Herodes

205 2011 402 2091 Ῑᾱιιίιιιιοιιῗει
414 2009 542 2054 Arabs,
564 2008 781 2055 primumque
801 2007 1033 2054 alienigenam
1048 2007 1258 2058 *pontificem
1278 2006 1466 2043 constituit
1485 2006 1685 2052 Ananilum,

207 2061 249 2093 ut
290 2067 352 2091 ose
403 2067 444 2090 us
467 2060 600 2090 narrat.

300 2067 463 2137 naiades
495 2099 674 2147 parricida
707 2104 852 2147 praeter
878 2100 1003 2135 multas
1026 2103 1256 2145 cognatorum
1278 2111 1384 2135 neces
1411 2099 1516 2135 etiam
1539 2099 1683 2144 Hyrca-

209 2159 292 2184 num
309 2147 504 2192 interfecit,
528 2147 706 2194 antiquum
751 2147 927 2182 ontificem
952 2146 1147 2193 maximum,
1172 2146 1319 2192 eiusque
1339 2151 1376 2182 et
1393 2146 1501 2181 filium
1524 2150 1560 2181 et
1581 2157 1683 2180 soro-

208 2207 303 2240 rem,
335 2206 438 2241 quam
462 2194 540 2240 ipse
563 2205 706 2230 uxorem
754 2194 903 2239 abebat,
934 2193 1019 2228 item
1037 2193 1124 2228 duos
1147 2192 1242 2228 filios
1263 2192 1332 2228 iam
1359 2194 1405 2228 ad
1422 2192 1560 2228 virilem
1583 2197 1683 2226 aeta-

207 2247 279 2278 tem
302 2246 513 2288 provectos,
542 2251 701 2286 socrum,
735 2240 893 2275 Salomes
911 2251 996 2274 suae
1019 2239 1153 2274 sororis
1175 2239 1359 2285 maritum,
1383 2251 1426 2274 ac
1448 2250 1570 2274 rursus
1593 2238 1683 2273 alte·-

207 2299 285 2324 rum
313 2299 390 2322 cum
423 2299 493 2334 quo
527 2286 587 2322 illa
616 2287 789 2323 secundas
818 2285 958 2332 nuptias
988 2286 1136 2321 fecerat.
1185 2285 1324 2321 addidit
1353 2290 1391 2321 et
1420 2285 1565 2321 divinae
1593 2284 1684 2330 legis

209 2339 452 2379 enarratores,
485 2337 522 2369 et
545 2333 606 2379 qui
628 2332 762 2380 patrios
785 2332 874 2367 ritus
898 2331 1210 2378 amplectebantur.
1258 2331 1429 2367 divinitus
1452 2336 1568 2368 autem
1593 2343 1685 2376 aqua

208 2381 386 2415 intercute
408 2381 551 2427 punitus
564 2406 575 2425 ,
614 2379 875 2425 erumpentibus
900 2391 943 2414 ex
966 2390 1116 2425 corpore
1140 2378 1216 2414 eius
1239 2379 1441 2424 vermibus,
1466 2377 1685 2424 gravissimis

211 2426 393 2463 doloribus
416 2426 590 2462 cruciatus
615 2426 736 2473 periit.

305 2473 468 2508 Christus
494 2474 540 2508 ab
564 2472 729 2518 Aegypto
754 2471 862 2507 rediit
884 2483 993 2506 annos
1017 2475 1121 2506 natus
1145 2469 1314 2517 quinque.

304 2519 512 2554 Archelaum
528 2519 683 2554 Herodis
706 2518 813 2553 filium
829 2519 1008 2563 Augustus
1023 2518 1176 2553 Iudaeae
1190 2516 1288 2562 genti
1330 2515 1492 2551 raefecit.
1514 2515 1685 2562 reliquam

212 2563 391 2609 regionem
420 2565 458 2600 in
489 2565 513 2601 4
535 2570 657 2611 partes
680 2564 880 2608 distribuit,
918 2564 1039 2610 eisque
1062 2563 1218 2609 reliquos
1241 2563 1312 2597 Arc
1338 2562 1407 2597 elai
1429 2564 1559 2598 fratres
1580 2574 1685 2608 prae-

213 2610 356 2656 posuit,
386 2611 583 2647 tetrarchas
615 2623 638 2647 a
671 2609 929 2658 quadripartito
963 2610 1111 2656 imperio
1146 2609 1354 2656 appellatos.
1401 2609 1522 2644 horum
1546 2608 1687 2644 nomina

212 2660 294 2690 sunt
317 2657 481 2693 Herodes
504 2658 619 2704 patri,
651 2657 839 2704 Antipater
861 2668 928 2691 avo
953 2656 1200 2702 cognomines,
1231 2655 1408 2701 Lysanias
1433 2661 1470 2690 et
1485 2654 1685 2701 Philippus.

211 2706 311 2781 {apta
344 2715 385 2738 eo
418 2709 578 2750 tempore
611 2704 681 2740 fuit
712 2705 845 2740 Romae
875 2703 1024 2750 penuria
1059 2708 1098 2738 ut
1133 2701 1268 2738 modius
1298 2701 1415 2737 aureis
1446 2702 1493 2738 27
1519 2702 1567 2736 sit
1598 2713 1685 2735 ven-

237 2758 248 2780 ι
267 2758 320 2783 us.

304 2796 405 2828 Anno
428 2796 546 2830 mundi
571 2796 675 2842 5519,
701 2795 954 2831 incarnationis
979 2800 1094 2830 autem
1115 2793 1258 2829 divinae
1282 2794 1337 2837 13,
1365 2793 1491 2830 tertius
1507 2793 1685 2836 Herodes,

213 2841 418 2886 cognomine
439 2842 618 2889 Agrippa,
656 2855 802 2892 regnum
827 2843 865 2879 in
885 2843 1037 2879 Iudaeos
1069 2840 1244 2888 obtinuit,
1278 2839 1495 2888 alienigena,
1530 2839 1686 2876 Herodis
