1742 3184
230 203 330 250 390
711 200 954 247 GEORGII·
977 199 1222 244 CEDRENI

229 337 301 376 μοι
324 318 490 375 θέλημα
512 317 554 363 ἓν
573 316 691 374 ὗμΐν,
726 317 828 374 λέγει
859 313 999 375 κύριος
1029 311 1345 374 παντοκράτωρ,
1380 314 1448 358 καὶ
1475 312 1627 358 θυσιάν
1652 314 1700 358 οὗ

230 390 506 447 προσδέξομαι
529 389 572 430 ἔκ
595 392 675 430 τῶν
691 391 840 444 χειρῶν
861 384 998 442 ὖμῶν,
1034 384 1137 429 διότι
1158 384 1239 428 ἀπὸ
1262 385 1469 427 ἀνατολῶν
1489 382 1603 439 ἡλίου
1628 383 1703 435 ἕως

229 460 397 513 δυσμῶν
422 457 468 500 τὸ
500 455 629 511 ὄνομά
658 473 740 511 μου
774 454 1015 508 δεδόξασται
1040 456 1082 498 ἓν
1107 461 1193 506 τοῖς
1221 454 1382 506 ἔθνεσι,
1412 455 1480 496 καὶ
1511 455 1551 495 ἓν
1580 455 1700 495 παντὶ

227 526 339 585 τόπῳ
373 527 569 582 θυμίαμα
598 523 845 583 προσάγεται
873 529 932 583 τῷ
962 522 1133 580 ὀνόματί
1161 541 1242 580 μου
1273 524 1342 566 καὶ
1363 523 1494 566 θυσία
1515 520 1701 579 καθαρά.

230 595 333 640 διότι
355 597 459 652 μέγα
480 596 526 638 τὸ
551 593 681 650 ὄνομά
699 612 780 650 μου
805 595 846 638 ἓν
864 601 949 646 τοῖς
973 594 1134 647 ἔθνεσι,
1169 593 1272 650 λέγει
1305 590 1444 646 κύριος
1470 589 1734 649 παντοκρά-,ὄ

227 683 311 724 τωρ
322 697 335 718 ,
371 664 487 720 ἡμεῖς
518 665 562 707 δὲ
590 667 813 720 βεβηλοῦτε
832 662 931 707 αὐτό
942 696 956 716 ,
991 663 1058 707 διὰ
1080 667 1198 707 τοῦτο
1218 661 1339 705 δώσω
1354 659 1464 716 ὑμᾶς
1483 662 1704 716 ἐξουθενη-

227 735 374 790 μένους
397 736 463 776 καὶ
490 734 754 791 παρειμένους
778 736 834 785 εἷς
854 731 987 777 πάντα
1006 733 1059 776 τὰ
1081 732 1182 788 ἔθνη
1195 763 1210 785 ,
1245 730 1345 775 ἄνθ’
1373 725 1428 774 ὧν
1451 730 1523 774 οὒκ
1547 728 1704 788 ε’φυλά-

229 807 322 855 ξατε
341 803 416 854 τὰς
433 801 597 854 ἐντολάς
615 803 742 858 μου.”
815 800 880 846 διό
913 820 1037 861 φησιν
1058 801 1263 860 Ἱερεμίας
1288 797 1418 843 “tows
1443 800 1543 856 λέγει
1566 797 1704 856 κύριος

229 870 536 931 παντοκράτωρ.
605 872 695 916 ῗόοὐ
714 871 858 927 ὤμοσα
875 877 932 932 τῷ
951 871 1123 927 ὀνόματί
1135 888 1216 926 μου
1234 873 1294 929 τῷ
1314 867 1500 928 μεγάλῳ,
1537 870 1572 911 εἲ
1591 868 1702 911 ἔσται
1739 869 1742 871 ’

178 950 210 985 D
234 943 367 984 τοίνυν
396 947 470 985 τοῦ
501 945 646 985 λοιποῦ
675 940 969 997 ὀνομαζόμενον
998 942 1043 985 τὸ
1073 939 1202 996 ὄνομά
1222 956 1304 995 μου
1325 940 1367 982 ἓν
1388 940 1506 981 παντὶ
1530 936 1703 992 στόματι
1714 945 1742 982 11

223 1010 411 1053 ’lodda-'²
484 1014 519 1054 εἷ
538 1011 644 1054 δὲτὸ
666 1010 795 1066 ὄνομα
821 1011 947 1054 αὐτοῦ
971 1011 1049 1069 ἔφη
1073 1007 1348 1068 περιαιρήσειν
1371 1007 1450 1050 ἀπὸ
1473 1009 1703 1060 Ἰουδαίων,

230 1080 400 1136 εἷ”ὃηλον
424 1079 486 1123 ὅτι
514 1082 580 1123 καὶ
605 1080 674 1124 τὸν
698 1078 823 1135 νόμον
844 1082 910 1123 καὶ
931 1082 1005 1132 τὰς
1026 1081 1191 1131 θυσίας.
1262 1078 1310 1121 οὗ
1339 1078 1473 1120 τοίνυν
1498 1088 1704 1134 προηγου-

228 1151 359 1205 μένεος
386 1150 491 1192 κατὰ
517 1151 636 1192 θείαν
663 1148 826 1206 γνώμην
851 1148 878 1205 ἦ
903 1151 993 1208 περὶ
1015 1153 1097 1192 τῶν
1114 1151 1274 1192 θυσιῶν
1297 1145 1427 1202 ἐδόθη
1456 1147 1704 1201 νομοθεσία·

228 1219 451 1262 κάντεῦθεν
471 1220 546 1274 μὲν
566 1223 696 1262 ταῦτα
719 1219 786 1261 duc>
808 1223 889 1262 τῶν
911 1222 1134 1278 προφητῶν
1163 1217 1242 1275 ἔφη
1268 1214 1360 1267 ((τίς
1387 1215 1466 1273 γὰρ
1498 1214 1705 1271 ἓξεζήτησε

228 1293 358 1331 ταῦτα
378 1289 420 1331 ἐκ
440 1293 520 1331 τῶν
533 1293 682 1346 χειρῶν
702 1288 831 1344 σου,·”
874 1290 941 1331 καὶ
965 1287 1054 1344 “μὴ
1087 1288 1200 1342 εὐχαὶ
1223 1287 1291 1329 καὶ
1310 1287 1460 1344 κρέατα
1482 1285 1703 1342 ἀφαιροῦσι
1716 1290 1742 1327 1!

229 1356 304 1409 τὰς
323 1355 525 1416 ἁμαρτίας
544 1374 643 1413 σου,·
679 1359 747 1400 καὶ
772 1358 831 1413 μὴ
860 1356 1035 1416 σφάγιον
1057 1359 1124 1399 καὶ
1146 1358 1299 1406 θυσίας
1319 1355 1617 1412 προσηνέγκατέ
1633 1371 1704 1409 μοι

229 1428 271 1469 ἓν
302 1431 353 1484 τῇ
384 1426 522 1486 ἐρήμῳ
554 1426 621 1482 ἔτη
651 1425 756 1482 μ’;”
795 1429 862 1469 καὶ
886 1426 990 1470 αἵνα
1017 1427 1059 1470 τί
1079 1442 1152 1479 μοι
1173 1426 1338 1479 λίβανον
1359 1424 1403 1466 ἔκ
1427 1424 1549 1477 Σαβὰ
1571 1424 1706 1481 φέρεις

229 1498 298 1538 καὶ
340 1494 596 1551 κιννάμωμον
638 1498 680 1538 ἐκ
718 1499 792 1551 γῆς
825 1494 1094 1553 μακρόθεν,·”
1145 1492 1208 1536 διό
1218 1525 1232 1545 ,
1268 1493 1390 1551 φησί,
1419 1489 1602 1535 ιεθυσιάν
1637 1493 1705 1535 καὶ
1740 1506 1742 1509 ’

229 1565 473 1623 προσφορὰν
498 1568 572 1607 οὐκ
592 1564 846 1620 ἠθέλησας.”
917 1566 985 1608 καὶ
1007 1562 1095 1618 ι(μὴ
1124 1559 1444 1615 ὁλοκαυτώματα
1465 1562 1532 1603 καὶ
1553 1562 1706 1612 θυσίας

230 1635 345 1676 θέλει
378 1633 399 1676 ὃ
431 1632 551 1684 θεός,
586 1633 613 1688 ἢ
642 1633 688 1676 τὸ
718 1631 935 1676 ἰἷπακοῦειν
967 1632 1150 1686 aizoi?
1189 1632 1255 1673 καὶ
1279 1628 1415 1685 (εᾶκοὴ
1438 1629 1580 1687 ἀγαθὴ
1601 1628 1742 1690 15πέρὲ

1536 1701 1546 1716 Q
1579 1697 1629 1714 (tc

85 1713 115 1747 P
139 1714 209 1750 223
232 1702 430 1746 θ·υσιάν.”
501 1703 569 1745 καὶ
598 1699 665 1744 “ei
693 1702 902 1757 ἠθέλησας
932 1703 1106 1753 θυσίαν,
1151 1699 1284 1743 ἔδωκα
1315 1698 1411 1742 ἅν.”
1480 1717 1547 1741 και
1612 1704 1704 1742 ολο·
1735 1740 1740 1744 ,

231 1770 482 1827 καυτώματα
518 1771 592 1814 οὐκ
627 1768 901 1826 εὖδοκήσεις.”
933 1772 938 1776 “
970 1772 1038 1814 καὶ
1068 1771 1119 1826 ὀὴ
1150 1771 1218 1812 καὶ
1245 1768 1320 1820 τὰς
1349 1766 1494 1827 ἑορτὰς
1522 1769 1704 1825 ἐκβαλὼν

230 1971 325 2009 “non
355 1972 505 2022 placetis
537 1973 641 2019 mihi,
675 1973 793 2020 inquit
825 1971 982 2008 dominus
1009 1970 1248 2018 omnipotens,
1280 1981 1397 2016 neque
1429 1967 1638 2005 sacrificium
1663 1970 1708 2004 de

231 2021 363 2056 vestris
387 2021 546 2057 manibus
568 2020 750 2067 accipiam.
798 2032 875 2055 nam
901 2021 944 2054 ab
971 2024 1050 2053 ortu
1074 2018 1157 2054 solis
1189 2029 1300 2063 usque
1322 2019 1366 2052 ad
1391 2028 1550 2052 occasum
1576 2016 1708 2050 nomini

231 2079 309 2103 meo
337 2069 430 2114 apud
455 2067 601 2114 populos
622 2068 806 2114 magnifice
830 2066 942 2112 gloria
965 2066 1135 2100 defertur.
1185 2070 1223 2099 et
1247 2063 1378 2109 ubique
1397 2063 1558 2099 adoletur
1576 2062 1708 2097 nomini

231 2126 330 2158 meo,
366 2114 646 2160 sacrificiumque
678 2115 826 2149 offertur
857 2125 1000 2159 purum,
1036 2113 1118 2157 quia
1150 2112 1241 2158 apud
1278 2117 1401 2156 gentes
1435 2121 1560 2144 nomen
1594 2120 1707 2144 meum

233 2160 350 2206 magni
369 2161 429 2206 fit,
465 2161 516 2196 ait
537 2161 695 2196 dominus
718 2161 950 2206 omnipotens.
997 2170 1062 2193 vos
1086 2163 1201 2193 autem
1224 2157 1261 2191 id
1281 2157 1490 2203 profanatis.
1538 2155 1620 2190 ideo
1644 2167 1708 2190 vos

233 2208 279 2242 ad
304 2207 448 2242 nihilum
470 2208 647 2253 redigam,
671 2207 778 2267 inque
799 2206 948 2253 populos
969 2205 1161 2249 disiiciam,
1185 2210 1376 2250 propterea
1391 2201 1484 2249 quod
1499 2203 1585 2237 meis
1605 2214 1707 2247 prae-

233 2253 348 2300 ceptis
372 2266 442 2288 non
469 2250 676 2301 paruistis.'’
732 2250 845 2289 ‘ideo”
877 2251 993 2298 inquit
1024 2251 1193 2287 Ieremias
1225 2251 1321 2296 (cap.
1343 2250 1405 2294 44)
1437 2246 1549 2283 “haec
1572 2249 1622 2283 ait
1643 2248 1708 2283 do-

233 2299 346 2335 minus
376 2301 611 2347 omnipotens.
657 2313 741 2336 ecce
771 2299 888 2335 iuravi
922 2311 987 2343 per
1016 2310 1141 2333 nomen
1176 2309 1287 2332 meum
1319 2307 1499 2341 magnum,
1533 2307 1603 2330 non
1629 2296 1707 2330 fore

233 2358 341 2393 porro
368 2351 408 2382 ut
433 2348 616 2393 quisquam
648 2347 737 2383 Iuda
766 2347 933 2382 oriundus
960 2357 1085 2380 nornen
1115 2356 1226 2379 meum
1254 2344 1292 2378 in
1325 2355 1387 2378 ore
1421 2339 1586 2376 habeat.''
1631 2353 1708 2376 cum

234 2393 324 2428 dicit
353 2405 391 2428 se
424 2406 549 2428 nomen
582 2405 681 2429 suum
705 2406 748 2429 ex
771 2393 859 2429 Iuda
882 2392 1116 2436 sublaturum,
1153 2391 1264 2437 liquet
1286 2389 1377 2424 idem
1401 2389 1445 2424 de
1469 2388 1547 2433 lege
1569 2388 1707 2423 sacrifi-

234 2439 370 2486 ciisque
390 2439 652 2486 intelligendum
675 2453 767 2475 esse.
815 2451 884 2474 non
909 2451 993 2484 ergo
1022 2437 1210 2484 praecipue
1232 2436 1291 2471 dei
1318 2435 1497 2471 sententia
1519 2435 1606 2469 haec
1628 2435 1708 2480 fuit,

233 2485 332 2531 leges
366 2487 411 2521 de
440 2486 625 2522 sacrificiis
657 2487 767 2522 ferre.
815 2497 891 2520 nam
917 2491 1108 2532 propterea
1129 2483 1312 2530 postmodo
1336 2494 1402 2528 per
1424 2487 1524 2516 vates
1548 2481 1600 2515 ita
1623 2493 1708 2527 pro·—

235 2532 433 2568 nuntiavit=
454 2529 558 2579 “quis
583 2532 673 2568 enim
695 2534 781 2568 haec
805 2534 848 2568 de
870 2532 1029 2567 manibus
1055 2531 1125 2566 tuis
1149 2525 1395 2576 requisivit⁴3”
1442 2528 1525 2563 item
1550 2529 1654 2571 (Esa.
1670 2529 1707 2571 1)

233 2574 338 2613 “num
363 2584 448 2614 vota
471 2586 507 2615 et
530 2591 654 2615 carnes
677 2584 740 2615 tua
762 2585 907 2626 peccata
932 2574 1134 2614 abolent?”
1182 2583 1218 2612 et
1249 2572 1354 2610 “num
1377 2574 1603 2610 sacrificastis
1624 2573 1709 2609 mihi

237 2629 273 2659 et
304 2625 466 2661 victimas
502 2626 678 2661 obtulistis
708 2639 773 2673 per
802 2627 848 2661 40
879 2637 989 2660 annos
1019 2625 1055 2659 in
1086 2618 1339 2659 solitudine?'’
1394 2621 1477 2657 item
1511 2621 1649 2665 (Amos.
1669 2621 1708 2664 5)

231 2667 419 2715 “quorsum
444 2671 529 2707 mihi
558 2672 640 2708 thus
665 2685 709 2708 ex
731 2674 828 2708 Saba
857 2673 985 2716 affers,
1017 2678 1054 2707 et
1086 2671 1337 2705 cinnamomum
1369 2667 1414 2703 de
1444 2673 1540 2703 terra
1569 2666 1709 2712 longin-

238 2714 367 2761 quaT’
412 2718 496 2754 item
539 2719 713 2764 (Hierem.
747 2720 786 2764 6)
827 2714 1061 2754 “sacrificium
1104 2722 1140 2752 et
1179 2715 1388 2751 oblationem
1428 2710 1626 2758 nolebas,”
1673 2716 1710 2747 et

237 2762 384 2805 (Psalm.
408 2766 470 2809 39)
503 2762 619 2801 “anne
651 2768 741 2801 deus
775 2765 872 2800 malit
904 2765 1050 2800 solidum
1082 2763 1289 2798 sacrificium
1321 2767 1357 2796 et
1387 2761 1569 2804 victimas,
1631 2771 1709 2795 uam

237 2808 307 2842 sibi
335 2808 527 2847 obediri2''
573 2812 657 2847 item
691 2813 727 2857 (1
753 2812 849 2848 Sam.
875 2812 935 2857 15)
966 2807 1193 2847 “obedientia
1224 2808 1399 2844 sacrificio
1431 2802 1613 2854 praestat.'
1672 2810 1709 2839 et

234 2850 291 2910 :si
327 2856 535 2892 sacrificium
574 2858 766 2905 voluisses,
806 2857 928 2913 utique
969 2858 1037 2893 tibi
1073 2852 1345 2892 exhibuissem.'’
1407 2860 1445 2889 et
1480 2851 1625 2897 (Psalm.
1645 2851 1707 2895 50)

260 2899 422 2938 victimas
450 2903 607 2950 integras
637 2917 708 2942 non
737 2901 943 2954 probabas-’¹
989 2903 1075 2952 quin
1105 2908 1143 2940 et
1174 2903 1286 2938 festas
1315 2900 1547 2938 solennitates
1579 2898 1707 2944 reiicit,
