1742 3184
201 218 267 265 86
578 193 580 196 ’
677 210 923 262 Ganen
959 213 1206 261 CEDRENI

197 332 710 392 βρὲφουςἸσραηλιτικοῦ.
781 331 906 375 αὐτὸν
940 331 984 374 δὲ
1005 330 1075 373 τὸν
1093 332 1286 384 ΠῚιυϋσῆν
1317 330 1373 380 εἰς
1403 327 1450 372 τὸ
1471 328 1688 383 βασιλικὸν

200 405 313 460 γένος
337 401 614 458 εἰσεποιήσατο
637 399 663 457 ἦ
686 400 874 458 θυγάτηρ
903 399 1085 459 Φαραώ,
1131 399 1178 443 οὐ
1203 399 1340 454 μέντοι
1363 398 1487 454 ἀνῆκε
1508 403 1581 454 τῆς
1600 399 1688 440 ε’πι-

199 473 386 529 ταγείσης
406 474 597 528 ἐργασίας
618 473 716 522 τοὺς
732 470 1007 528 Ἰσραηλίτας.
1080 467 1368 527 ἀνδρωθέντος
1387 469 1430 511 δὲ
1452 472 1526 511 τοῦ
1547 470 1686 513 Μωϋ-

201 526 302 593 σε’ως
320 540 569 599 ὑπερβάντες
583 542 790 592 Αἰθίοπες
815 541 886 583 τὸν
912 540 1049 582 Ἰνδὸν
1077 538 1263 594 ποταμὸν
1293 541 1434 590 δεινῶς
1455 538 1530 594 τὴν
1547 538 1686 594 Αἴγυ-

201 629 300 656 πτον
322 613 523 667 ἐληίζοντο
535 644 548 664 ,
595 609 651 662 ὡς
679 611 752 662 τὰς
781 608 917 660 πόλεις
946 607 1091 666 σχεδὸν
1111 608 1248 659 πάσας
1271 608 1502 666 ἀνατρέψαι
1525 610 1593 651 καὶ
1615 607 1720 655 τὸν5

201 681 378 738 στρατὸν
397 681 523 736 αὐτῆς
540 681 738 738 ἀφανίσαι
754 681 822 723 καὶ
844 680 940 730 τοὺς
962 679 1215 737 στρατηγοὺς
1236 676 1488 737 ἀποσφάξαι.
1525 677 1687 733 ἔμειναν

201 745 273 793 οὖν
292 752 535 806 Αἰγυπτίοις
556 754 824 805 πολεμοῦντες
843 751 908 792 ἐπὶ
930 748 996 805 ἔτη
1018 749 1146 791 πέντε.
1198 749 1240 791 ἐν
1260 748 1532 808 ἀπορίαγοῢν
1555 751 1688 804 πολλῇ

200 817 472 871 καταστάντες
490 818 710 876 Αἰγύπτιοι
732 817 1036 876 χρησμεύονται
1060 817 1116 868 ὡς
1143 822 1201 876 τῷ
1224 820 1393 875 Μωῢσῇ
1411 817 1484 871 τὴν
1506 833 1687 874 στρατη-

148 900 180 937 c
203 890 295 946 γίαν
314 890 554 947 ἐγχειρίσαι,
588 891 655 931 καὶ
676 892 959 946 παρακαλοῦσι
980 889 1055 943 τὴν
1079 888 1320 946 Θέρμουθιν
1340 887 1555 945 ἐπιτρέψαι
1573 886 1686 945 αὐτῷ

197 958 272 1013 τὴν
302 960 568 1015 στρατηγίαν·
613 957 639 1014 ἡ
665 959 706 1001 δ’
732 959 929 1011 ὠνείδιζεν
955 958 1104 1009 αὐτοὺς
1123 959 1191 1000 καὶ
1213 957 1364 1008 κακοὺς
1388 957 1594 1015 ἀπέφαινε,
1608 956 1684 1000 σὺν
1699 965 1742 1001 10

197 1034 283 1078 τοῖς
304 1027 693 1085 ἱερογραμματεῦσιν
713 1031 768 1079 εἰς
796 1026 981 1082 θάνατον
1009 1029 1295 1082 ἐπιβουλεῦσαι
1317 1031 1376 1086 τῷ
1396 1028 1511 1070 παιδὶ
1529 1030 1687 1082 βουλη-

198 1098 370 1147 θέντας·
400 1096 511 1152 ὅμως
531 1096 587 1148 ὡς
601 1096 703 1154 ὑπὲρ
722 1100 918 1155 πατρίδος
938 1095 1226 1153 πολεμήσαντα
1244 1097 1533 1149 ἐξαπέστειλεν,
1556 1097 1687 1151 ἀσμε-

197 1166 371 1209 νέστατα
390 1172 463 1210 τοῦ
483 1167 628 1218 παιδὸς
649 1169 870 1222 δεξαμένου
885 1167 958 1223 τὴν
980 1167 1173 1224 ἐπιταγὴν
1196 1169 1262 1210 καὶ
1280 1167 1409 1223 μηδὲν
1432 1164 1687 1222 ἀγωνιάσαν-

198 1253 279 1286 τος.
350 1235 513 1293 ηὐξήθη
541 1237 619 1294 γὰρ
651 1235 762 1294 πάσῃ
793 1238 919 1295 ἀρετῇ
950 1239 1177 1293 κοσμηθεὶς
1200 1239 1267 1280 καὶ
1288 1238 1527 1287 παιδευθεὶς
1548 1241 1687 1278 πᾶσαν

197 1307 348 1362 σοφίαν
365 1308 617 1362 Αἰγυπτίων,
655 1305 710 1357 ὡς
730 1308 933 1360 βασιλέως
956 1307 1045 1358 υἱὸς
1062 1309 1129 1350 καὶ
1154 1305 1278 1364 φύσιν
1297 1306 1400 1361 ἔχων
1424 1305 1573 1357 δεξιάν,
1611 1306 1684 1348 ἀν-
1698 1311 1742 1351 15

198 1373 330 1429 ὁρεΐός
349 1393 390 1418 τε
411 1377 453 1418 ἐν
470 1383 554 1426 τοῖς
574 1377 781 1431 πολέμοις.
851 1376 896 1427 ὃς
924 1374 1238 1434 τριακοντούτης
1259 1374 1472 1433 τυγχάνων
1502 1379 1686 1422 τοιοῦτον

195 1442 374 1499 πόλεμον
406 1445 648 1496 ἀνεδέξατο·
701 1447 768 1488 καὶ
801 1446 865 1489 ε’πὶ
896 1447 994 1489 δέκα
1022 1445 1090 1501 ἔτη
1123 1445 1305 1501 ἐσχάτως
1337 1445 1434 1496 τοὺς
1469 1447 1686 1496 Αἰθίοπας

195 1512 429 1569 πολεμήσας
449 1519 516 1557 καὶ
537 1517 770 1558 Αἰθιοπίαν
788 1520 924 1558 πᾶσαν
944 1517 1173 1574 ἀφανίσας,
1209 1514 1283 1571 τήν
1315 1533 1356 1559 τε
1384 1516 1507 1569 Σαβὰ
1526 1513 1685 1572 μητρό-

140 1598 174 1633 1)
197 1587 314 1626 πολιν
333 1582 633 1637 βασιλεύουσαν
652 1582 875 1628 Αἰθιόπων
893 1583 1160 1642 παραλαβών,
1191 1584 1266 1641 τὴν
1284 1584 1500 1641 Αἴγυπτον
1518 1586 1662 1627 ἔλευθε

197 1659 269 1710 ροῖ
281 1651 417 1708 πάσης
438 1657 658 1709 πολεμικῆς
674 1655 903 1709 ἐπιβουλῆς.
939 1657 1129 1698 ἐντεῦθεν
1150 1653 1319 1712 ἄρχεται
1340 1654 1450 1712 αὐτῷ
1478 1652 1499 1697 ὅ
1522 1652 1742 1713 φθόνος20

195 1721 300 1779 παρ’
322 1724 588 1779 Αἰγυπτίοις,
626 1724 839 1780 ἐξαιρέτως
862 1725 906 1766 δὲ
924 1724 1036 1782 αὐτῷ
1057 1723 1171 1782 παρὰ
1193 1730 1252 1782 τῷ
1267 1727 1485 1782 Χενεφρῇ·
1522 1726 1565 1767 ἐν
1585 1722 1683 1767 τοτ’·-

194 1807 281 1842 τοις
301 1791 379 1850 γὰρ
403 1791 669 1849 τετελευτήκει
690 1791 711 1837 ὃ
732 1792 1035 1851 Παλμανιῦθης
1054 1795 1122 1837 καὶ
1142 1792 1168 1851 ἦ
1193 1794 1446 1853 Θέρμουθις.
1508 1795 1577 1836 καὶ
1598 1795 1684 1838 τοί-

195 1989 306 2025 validi
329 1990 400 2026 viri
410 1990 581 2038 Aegyptii
603 1991 820 2028 interierint.
846 1999 1003 2028 ceterum
1023 1992 1161 2028 Mosem
1178 1992 1374 2028 Pharaonis
1397 1993 1470 2030 filia
1488 1993 1526 2029 in
1547 1995 1684 2040 regium
1723 2022 1730 2025 „

194 2048 306 2082 genus
329 2039 525 2084 adoptavit,
550 2051 664 2084 neque
687 2045 803 2074 tamen
826 2041 1003 2075 Israelicis
1028 2041 1073 2075 de
1095 2041 1265 2086 imperato
1290 2053 1398 2087 opere
1418 2041 1604 2087 quicquam
1624 2055 1683 2076 re-

197 2083 305 2119 misit.
354 2096 430 2119 cum
450 2086 570 2120 Moses
592 2086 728 2121 virilem
753 2092 903 2122 aetatem
928 2087 1121 2132 attigisset,
1146 2087 1339 2133 Aethiopes
1363 2088 1452 2123 Indo
1476 2089 1586 2123 fluvio
1609 2094 1686 2123 tra-

194 2130 288 2165 iecto
311 2131 479 2175 gravibus
502 2132 764 2168 incursionibus
788 2134 988 2180 Aegyptum
1011 2134 1171 2180 populati
1192 2140 1294 2178 suut,
1322 2134 1374 2169 ita
1397 2134 1539 2180 quidem
1563 2141 1602 2170 ut
1623 2146 1686 2170 ur-

194 2177 259 2211 bes
280 2189 392 2224 prope
417 2191 536 2213 omnes
562 2180 779 2225 everterint,
816 2180 1007 2216 exercitum
1031 2180 1245 2227 Aegyptium
1269 2180 1490 2227 deleverint,
1520 2183 1685 2217 ductores

194 2223 272 2258 eius
302 2224 572 2261 trucidaverint.
621 2227 766 2261 duravit
797 2228 835 2262 id
866 2227 990 2262 bellum
1017 2239 1127 2262 annos
1154 2227 1323 2274 quinque.
1371 2228 1545 2275 Aegyptii
1569 2235 1686 2264 autem

194 2270 231 2304 in
261 2282 410 2306 summas
438 2272 576 2307 redacti
603 2274 783 2318 angustias
814 2273 953 2309 oraculo
991 2274 1157 2309 iubentur
1188 2275 1372 2320 imperium
1402 2275 1498 2310 Mosi
1530 2276 1684 2320 deferre,

193 2317 316 2363 itaque
340 2323 375 2353 et
400 2330 421 2353 a
444 2319 478 2354 T
482 2320 656 2354 hermuthi
681 2321 747 2355 hoc
771 2322 1000 2356 contendunt.
1028 2332 1070 2356 ea
1089 2321 1218 2356 acriter
1239 2322 1276 2355 in
1297 2322 1397 2367 ipsos
1419 2322 1566 2358 invecta
1589 2324 1685 2368 quod

195 2375 256 2398 eos
281 2376 346 2410 per
367 2365 483 2400 dolum
507 2367 644 2401 diceret
664 2378 704 2401 re
729 2378 805 2402 cum
829 2367 956 2402 scribis
981 2368 1098 2403 rerum
1117 2379 1296 2403 sacrarum
1320 2368 1516 2415 composita
1539 2369 1578 2404 id
1597 2381 1683 2403 con-

193 2409 307 2445 silium
331 2411 395 2445 filii
417 2413 471 2447 sui
489 2412 728 2448 interficiendi
753 2425 859 2449 causa
881 2420 1075 2460 tractasse,
1107 2420 1224 2450 tamen
1245 2415 1381 2450 Mosem
1403 2415 1537 2450 dimisit
1560 2420 1685 2461 utpote

194 2468 259 2501 pro
284 2458 400 2502 patria
425 2465 740 2507 propugnaturum.
797 2466 834 2495 et
858 2461 999 2505 quidem
1022 2462 1141 2496 Moses
1165 2461 1202 2496 id
1225 2463 1426 2497 mandatum
1450 2462 1685 2497 libentissime

195 2503 232 2537 in
255 2515 294 2538 se
316 2506 471 2550 recepit,
505 2518 620 2552 neque
652 2507 791 2542 omnino
817 2508 1003 2553 quicquam
1026 2508 1285 2544 reformidavit.
1334 2509 1467 2554 quippe
1492 2509 1585 2543 omni
1610 2509 1684 2543 vir-

196 2554 272 2583 tute
303 2556 424 2586 auctus
456 2553 682 2599 adoleverat,
717 2554 947 2599 omnibusque
978 2555 1234 2601 Aegyptiorum
1268 2556 1404 2590 artibus
1439 2555 1553 2590 veluti
1588 2556 1684 2600 regis

195 2595 290 2630 filius
310 2596 491 2634 institutus
514 2600 650 2635 fuerat:
684 2601 728 2635 ad
763 2601 851 2636 haec
880 2602 1024 2647 ingenio
1055 2606 1132 2636 erat
1164 2607 1327 2649 prompto
1354 2607 1391 2636 et
1417 2602 1462 2636 ad
1483 2614 1557 2637 rem
1580 2602 1684 2641 beni,-

196 2653 269 2675 cam
293 2643 391 2678 forti.
438 2645 470 2679 is
500 2658 584 2691 ergo
613 2659 740 2681 annum
775 2660 884 2693 agens
916 2648 1134 2693 trigesimum
1169 2649 1246 2684 eius
1277 2647 1360 2685 belli
1386 2649 1534 2694 gerendi
1559 2660 1684 2684 munus

198 2687 320 2723 subiit.
357 2701 424 2735 quo
450 2703 526 2726 cum
550 2705 614 2737 per
638 2694 845 2729 decennium
870 2701 969 2740 gesto
997 2695 1192 2740 Aethiopas
1216 2696 1254 2731 in
1278 2701 1470 2730 extremum
1495 2695 1685 2730 discrimen

198 2735 446 2780 compulisset,
483 2743 661 2785 totamque
696 2741 920 2776 devastasset
941 2741 1187 2787 Aethiopiam,
1220 2743 1422 2787 Sabamque
1458 2742 1685 2797 praecipuam

196 2781 319 2815 urbem
345 2793 386 2816 ac
409 2790 515 2829 caput
537 2786 613 2820 eius
636 2788 737 2832 regni
760 2787 796 2822 in
823 2800 922 2823 suam
944 2794 1155 2833 potestatem
1179 2789 1411 2834 redegisset,
1428 2790 1472 2823 ab
1499 2800 1593 2823 omm
1618 2789 1683 2823 ho-

195 2826 300 2862 stium
332 2834 427 2863 metu
452 2830 651 2876 Aegyptum
677 2834 858 2870 liberavit.
906 2834 988 2871 inde
1020 2836 1101 2871 odia
1128 2836 1384 2881 Aegyptiorum
1409 2835 1580 2870 adversus
1605 2846 1685 2870 eum

196 2879 410 2918 coeperunt,
444 2879 634 2922 praecipue
659 2886 774 2916 autem
798 2881 1036 2928 Chenephris.
1085 2894 1164 2920 nam
1191 2883 1329 2917 interea
1349 2882 1520 2928 temporis
1543 2882 1683 2917 Palme-

196 2921 322 2957 nothes
339 2933 381 2957 ae
396 2922 623 2959 Thermuthis
640 2925 675 2960 in
691 2927 766 2963 fata
788 2934 1050 2964 concesserant.
1076 2928 1198 2975 itaque
1217 2941 1303 2974 ergo
1324 2929 1554 2976 Chenephres
1574 2927 1683 2964 variis
