1742 3184
184 163 251 211 56
669 155 910 206 GEORGII
937 153 1188 205 GEDRENI

183 276 393 325 δύνασθαι
425 275 539 333 παρὰ
565 273 719 328 ταύτας
748 277 1131 333 τερατολογοῦντες,
1155 305 1156 308 ¹
1178 269 1310 321 ἀδεῶς
1349 263 1680 327 ἁμαρτάνουσιν,

185 348 258 391 οὐκ
288 344 580 402 εὐλαβούμενοι
587 379 601 399 ,
639 344 695 397 ὥς
713 343 793 389 ὕπὸ
814 344 1004 401 γενέσεως
1027 347 1158 387 ταῦτα
1179 347 1306 384 ποιεῖν
1327 336 1682 396 ἀναγκαζόμενοιξ,

134 424 165 461 C
190 416 435 475 εἱμαρμένην
467 416 547 475 γὰρ,
583 414 882 472 ἀναγκαστικὴν
914 412 1019 457 εἷναί
1046 430 1136 457 τινα
1168 409 1340 476 δύναμιν
1368 412 1435 460 καὶ
1469 413 1545 465 τῆς
1570 408 1671 465 ὅλης

186 489 290 546 φασὶ
320 484 539 542 κινητικήν.
574 515 576 517 -
610 486 649 529 οἱ
670 486 715 530 δὲ
733 483 855 529 πάλιν
876 481 1129 541 ἀπρονόητον
1151 481 1288 540 ,φορὰν
1310 478 1533 530 καὶςίίθεον,
1551 477 1588 535 ἢ.
1597 497 1671 524 τυ-

114 601 118 604 .
156 575 172 582 ‘⁴
181 558 307 613 χαίαν
330 554 606 613 εἷσηγούμενοι
626 554 682 608 ὡς
702 551 944 609 αὐτομάτως
963 557 1044 598 τῶν
1066 551 1230 598 πάντων
1253 551 1489 609 φερομένων
1516 548 1705 606 (τύχηνό

185 627 265 685 γὰρ
299 627 432 670 αἰτίαν
465 626 571 670 κατὰ
601 624 859 683 συμβεβηκὸς
882 625 951 667 καὶ
977 621 1214 678 σύμπτωμα
1245 619 1452 683 φύσεωςῆ
1475 620 1672 678 προαιρέ-

187 714 291 748 σεως
314 695 414 740 εἶναι
434 697 649 753 λέγουσι),
689 698 757 738 καὶ
784 689 896 739 οὗτοι
917 692 1039 737 πάλιν
1059 693 1270 744 τοῖςῗσοις
1287 692 1593 749 περιπίπτοντες
1617 692 1674 742 εἷς

168 763 170 766 ’
187 765 386 822 ἐσχάτους
404 766 567 820 βυθοὺς
580 766 790 816 ,ἀπωλείας
810 766 878 807 καὶ
899 762 1103 823 βάραθρα
1125 761 1228 824 ᾅδου
1246 765 1514 806 καταντῶσιν.
1553 798 1558 806 .

269 856 274 878 ·.
319 836 435 880 Ἰδὼν
465 830 538 878 οὖν
568 834 589 878 ὃ
619 834 910 894 προειρημένος
939 833 1136 890 βασιλεὺς
1168 831 1364 891 Γεράρων
1388 830 1603 887 Ἀβιμέλεχ
1632 830 1675 875 ἓν

186 906 306 950 παντὶ
335 904 438 964 ἔργῳ
471 904 738 962 εὖοδούμενον
769 905 840 949 τὸν
863 903 1078 963 Ἀβραάμ,
1104 904 1283 960 Ὀχοζὰὸ
1303 903 1376 946 τὸν
1397 900 1674 960 νυμφαγωγὸν
1687 908 1732 944 10

185 977 253 1018 καὶ
269 976 400 1030 Φίλοχ
419 975 489 1021 τὸν
506 974 828 1034 ἀρχιστράτηγον
849 973 1250 1032 αὗτοῢπαραλαβών
1267 967 1340 1029 ἧκε
1358 970 1685 1030 πρὸςἈβραάμ,.

188 1046 327 1103 φιλίαν
360 1047 561 1103 ἐπικυρῶν
593 1045 915 1104 κραταιοτέραν,
947 1047 1016 1089 καὶ
1040 1045 1160 1104 ὅρκον
1184 1045 1367 1087 ἀπαιτῶν
1387 1042 1446 1098 μὴ
1463 1040 1677 1104 ,ἀδικήσειν

132 1126 166 1162 D
189 1113 288 1170 μήτ’
324 1115 449 1158 αὐτὸν
477 1113 581 1171 μήτε
611 1116 657 1160 τὸ
687 1117 851 1174 σπέρμα
882 1115 1023 1160 αὐτοῦ.
1095 1114 1240 1165 καθὼς
1270 1114 1347 1171 ἐγὼ
1378 1114 1550 1169 ἐποίησα
1571 1111 1678 1167 μετὰ

188 1190 263 1228 σοῦ
292 1183 553 1241 δικαιοσύνην
573 1187 614 1229 ἓν
636 1185 765 1244 ταύτῃ
788 1190 909 1244 τῇγῇ
925 1180 952 1243 ᾖ
972 1182 1244 1244 παρῴκησας,
1281 1182 1387 1228 οὕτω
1418 1186 1486 1226 καὶ
1507 1183 1558 1226 σὺ
1579 1182 1674 1238 μετ’

187 1255 386 1315 ἒμοῦκαὶ
417 1259 491 1299 τοῦ
520 1255 754 1314 σπέρματός
784 1273 889 1311 μου,
921 1255 1017 1299 ὅταν
1038 1254 1295 1310 βασιλεύσεις
1316 1251 1469 1309 ταύτης
1492 1257 1565 1309 τῆς
1590 1258 1675 1310 γῆς.
1690 1261 1739 1299 15,

156 1349 159 1353 -
188 1325 308 1367 ὁεινοὶ
337 1324 417 1383 γὰρ
434 1325 487 1368 οἳ
515 1329 698 1380 βασιλεῖς
721 1325 792 1369 τὸν
812 1326 1014 1380 μέλλοντα
1039 1323 1210 1375 τούτους
1234 1325 1500 1380 διαδέχεσθαι
1515 1340 1678 1369 ,παντο-

187 1396 333 1446 δαποΐς
355 1396 650 1453 τεκμαίρεσθαι
673 1394 920 1452 συμβόλοις·
956 1397 1023 1438 καὶ
1043 1396 1122 1452 γὰρ
1147 1394 1286 1450 ἔμελλε
1305 1394 1474 1440 ὃιὰ·τῶν
1490 1395 1533 1444 ἐξ
1551 1393 1679 1453 αὐτοῦ

186 1465 443 1520 γεννωμένων
476 1466 626 1522 ἐκείνης
662 1470 735 1522 τῆς
762 1471 837 1523 γῆς
859 1464 1096 1522 ,βασιλεύειν
1110 1463 1317 1522 Ἀβραάμ.
1384 1465 1689 1521 -προσωνείὸισε,

185 1534 229 1576 δὲ
260 1533 331 1577 τὸν
348 1535 570 1591 ,Ἀβιμέλεχ
599 1537 692 1593 περὶ
722 1539 804 1578 τῶν
830 1535 1107 1594 ἀφῃρημένων
1130 1533 1321 1593 φρεάτων
1343 1531 1528 1581 ύπὸτῶν
1550 1534 1678 1579 αὐτοῦ

184 1605 359 1647 παίδων.
425 1605 510 1647 ἐκεῖ
538 1599 610 1648 οὖν
641 1604 755 1662 παρὰ
782 1604 830 1648 τὸ
863 1606 996 1663 φρέαρ
1027 1603 1233 1662 γενόμενοι
1244 1637 1257 1657 ,
1293 1607 1361 1648 καὶ
1391 1603 1581 1661 πρόβατα
1609 1606 1736 1651 amizo

185 1671 367 1727 μόσχους
397 1674 640 1727 τεθυκότες,
683 1672 890 1731 (διαθήκην
921 1673 1082 1734 εἰρήνης
1114 1673 1343 1733 ἀμφότεροι
1381 1675 1590 1727 διέθεντο,
1637 1675 1679 1717 ἓν

67 1746 96 1779 Ρ
120 1747 168 1783 32
191 1741 293 1785 ἑπτὰ
325 1743 370 1785 δὲ
400 1742 577 1798 ἀμνάσιν
608 1742 764 1804 ἑτέραις
793 1745 865 1789 τὸν
892 1743 1089 1803 ὅρκισμὸν
1111 1746 1206 1788 κατ’
1236 1745 1336 1796 ἔθος
1359 1743 1604 1801 ποιήσαντες
1624 1747 1689 1796 εἷς.

189 1810 394 1864 ἀπόδειξιν
430 1811 492 1856 ὅτι
531 1813 684 1874 ὤρυξεν
717 1813 863 1869 αὐτός,
907 1815 972 1861 διὸ
1010 1817 1078 1859 καὶ
1109 1816 1241 1875 φρέαρ
1273 1814 1396 1875 ὅρκου
1429 1814 1681 1872 ὠνόμασται.

190 1946 331 1993 perpeti
355 1959 482 1994 posse,
516 1946 545 1982 ii
568 1960 694 1984 secure
715 1952 886 1995 peccant,
919 1949 1054 1995 absque
1077 1952 1173 1985 metu
1187 1977 1197 1995 ‚
1234 1952 1359 1996 utpote
1382 1961 1470 1996 quos
1494 1961 1558 1984 sua
1586 1950 1680 1984 nati-

188 1994 283 2029 vitas
307 1993 358 2028 ita
389 2006 497 2040 agere
525 2001 643 2042 cogat.
692 1997 804 2031 fatum
828 1996 962 2042 quippe
986 1997 1056 2031 vim
1082 1995 1291 2032 coactricem
1315 2009 1417 2042 esse,
1451 2008 1543 2043 quae
1567 2003 1680 2032 mate-

188 2040 265 2075 riae
286 2045 414 2078 motum
433 2043 574 2077 afferat.
622 2054 762 2078 rursum
783 2043 846 2088 qui
866 2043 944 2078 sine
963 2043 1191 2090 providentia
1212 2044 1270 2079 dei
1289 2044 1438 2083 fortuito
1459 2044 1576 2079 omnia
1593 2044 1683 2079 ferri

189 2098 344 2133 casuque
373 2088 576 2128 universum
600 2089 668 2124 hoc
691 2090 750 2135 agi
773 2090 964 2136 perhibent
998 2092 1103 2135 (esse
1129 2091 1222 2126 enim
1251 2092 1430 2128 fortunam
1453 2103 1593 2127 causam
1617 2102 1683 2136 per

191 2134 376 2179 accidens,
402 2147 444 2170 ac
468 2136 634 2182 quiddam
655 2143 807 2172 naturae
830 2137 972 2172 aliunde
995 2138 1160 2173 accidens
1186 2143 1247 2173 aut
1270 2138 1464 2184 consilio),
1495 2138 1533 2173 hi
1559 2139 1683 2173 eodem

188 2180 388 2216 incidentes
421 2182 459 2217 in
489 2188 662 2219 extremas
693 2184 954 2230 profunditates
986 2185 1160 2231 perniciei
1193 2197 1236 2221 ac
1263 2185 1455 2231 voragines
1485 2186 1682 2222 inferorum

189 2225 465 2268 devolvuntur.”

283 2275 419 2311 Videns
445 2288 530 2322 ergo
555 2276 671 2312 dictus
695 2278 914 2313 Gerarorum
936 2290 1003 2313 rex
1024 2278 1271 2315 Abimelechus
1293 2278 1484 2316 Abrahami
1506 2278 1544 2313 in
1568 2278 1683 2314 omni-

190 2321 256 2355 hus
287 2323 396 2357 rebus
430 2324 725 2369 prosperitatem,
760 2324 949 2371 assumptis
984 2326 1175 2362 Ochozado
1214 2327 1390 2372 gynaecei
1423 2327 1608 2373 praefecto
1646 2331 1685 2362 et

189 2366 514 2406 Philochofflsummo
537 2371 714 2407 exercitus
738 2372 793 2407 sui
818 2371 928 2417 duce,
962 2372 1007 2407 ad
1029 2373 1265 2409 Abrahamum
1283 2374 1401 2419 venit,
1430 2374 1576 2409 artioris
1593 2373 1682 2409 ami-

191 2413 297 2449 citiae
324 2415 522 2462 iungendae
545 2418 682 2463 gratia3
706 2419 882 2464 petiitque
905 2420 950 2454 ab
975 2432 1018 2454 eo
1044 2425 1083 2455 ut
1106 2419 1303 2456 iuramento
1327 2420 1552 2468 interposito·
1567 2421 1684 2466 stipu-

190 2459 325 2496 laretur
348 2474 387 2497 se
411 2475 452 2498 ac
474 2470 639 2511 posteros
662 2465 928 2501 Abimelechum
952 2471 989 2501 et
1010 2472 1172 2512 posteros
1196 2467 1291 2504 nulla
1321 2468 1455 2503 iniuria
1477 2467 1684 2511 affecturos,

192 2507 257 2542 sed
287 2508 350 2543 ubi
380 2521 527 2556 regnum
559 2512 597 2546 in
630 2512 719 2547 istas
750 2512 915 2558 regiones
950 2514 1160 2550 obtenturus
1191 2520 1305 2560 esset,
1341 2521 1415 2550 tum
1439 2526 1516 2549 eam
1537 2513 1684 2548 Abime-

191 2552 291 2607 lecho
318 2555 464 2601 eiusque
487 2559 641 2604 posteris
664 2559 879 2606 aequitatem
902 2560 1140 2596 exhibiturum
1166 2573 1269 2608 quam
1287 2563 1368 2609 ipse
1389 2560 1538 2597 Geraris
1564 2560 1685 2606 inqui-

190 2598 297 2654 ¹².an
321 2613 429 2647 agens
451 2604 667 2641 Abimelechi
699 2613 868 2653 expertus
893 2611 1001 2642 esset.
1051 2610 1235 2655 ceteroqui
1266 2615 1384 2649 autem
1418 2620 1524 2653 reges
1557 2608 1687 2642 callent

192 2647 264 2681 εὼι
286 2659 513 2702 successuros
538 2653 744 2688 omnimodis
763 2653 905 2689 indiciis
930 2666 1190 2700 praenoscere3
1216 2661 1254 2691 et
1279 2661 1359 2691 erat
1382 2667 1470 2690 sane
1491 2653 1686 2689 Abrahami

192 2698 387 2739 posternas
410 2696 445 2731 in
469 2710 529 2733 eas
549 2700 714 2745 regiones
734 2701 910 2736 dicionem
928 2707 1176 2738 consecutura.
1224 2703 1447 2738 Abrahamus
1466 2713 1573 2748 porro
1593 2701 1685 2737 Abi-

191 2739 350 2777 melecho
376 2746 606 2788 exprobravit
628 2753 776 2793 puteos,
803 2759 892 2794 quos
916 2747 993 2784 eius
1011 2749 1133 2783 famuli
1151 2750 1225 2785 suis
1244 2748 1476 2795 eripuissent.
1523 2748 1579 2784 ibi
1596 2760 1683 2793 ergo

190 2787 236 2821 ad
260 2793 403 2833 puteum
427 2793 630 2838 congressi,
666 2795 826 2830 mactatis
860 2795 986 2831 ovibus
1011 2800 1047 2831 et
1069 2796 1216 2841 vitulis,
1249 2797 1376 2831 foedus
1404 2795 1504 2842 pacis
1529 2795 1685 2831 invicem

190 2836 528 2875 sanxerunt..,aliis
567 2851 696 2885 por-1²32
714 2844 874 2886 agnabus
906 2848 1043 2888 septem
1077 2842 1311 2878 iuramentum
1346 2843 1417 2878 rite
1451 2849 1684 2898 peregerunt,

191 2881 237 2916 ad
271 2882 576 2920 demonstrandum
612 2887 709 2933 quod
736 2889 814 2935 ipse
845 2889 1002 2934 foderit3
1034 2889 1156 2937 itaque
1179 2890 1286 2926 etiam
1304 2895 1434 2937 puteus
1454 2889 1687 2928 lurisiurandi
