<?xml version="1.0" encoding="UTF-8"?>
<!DOCTYPE html PUBLIC "-//W3C//DTD XHTML 1.0 Transitional//EN"
    "http://www.w3.org/TR/xhtml1/DTD/xhtml1-transitional.dtd">
<html xmlns="http://www.w3.org/1999/xhtml" xml:lang="en" lang="en">
 <head>
  <title>
</title>
<meta http-equiv="Content-Type" content="text/html;charset=utf-8" />
  <meta name='ocr-system' content='tesseract 3.04.00' />
  <meta name='ocr-capabilities' content='ocr_page ocr_carea ocr_par ocr_line ocrx_word'/>
</head>
<body>
  <div class='ocr_page' id='page_1' title='image "./corpusscriptorum13niebuoft_0434.png"; bbox 0 0 1742 3184; ppageno 0'>
   <div class='ocr_carea' id='block_1_1' title="bbox 198 162 1196 216">
    <p class='ocr_par' dir='ltr' id='par_1_1' title="bbox 198 162 1196 216">
     <span class='ocr_line' id='line_1_1' title="bbox 198 162 1196 216; baseline 0.003 -4"><span class='ocrx_word' id='word_1_1' title='bbox 198 162 299 212; x_wconf 86' lang='lat'>410</span> <span class='ocrx_word' id='word_1_2' title='bbox 465 191 468 193; x_wconf 89' lang='lat'>·</span> <span class='ocrx_word' id='word_1_3' title='bbox 680 169 922 216; x_wconf 89' lang='lat' dir='ltr'><strong>GEORGII</strong></span> <span class='ocrx_word' id='word_1_4' title='bbox 951 170 1196 215; x_wconf 87' lang='lat' dir='ltr'><strong>CEDRENI</strong></span> 
     </span>
    </p>
   </div>
   <div class='ocr_carea' id='block_1_2' title="bbox 55 279 1728 1938">
    <p class='ocr_par' dir='ltr' id='par_1_2' title="bbox 55 279 1728 1938">
     <span class='ocr_line' id='line_1_2' title="bbox 198 279 1667 347; baseline 0.006 -24"><span class='ocrx_word' id='word_1_5' title='bbox 198 279 297 324; x_wconf 80' lang='grc' dir='ltr'>ὅθεν</span> <span class='ocrx_word' id='word_1_6' title='bbox 317 280 449 325; x_wconf 80' lang='grc' dir='ltr'>τοίνυν</span> <span class='ocrx_word' id='word_1_7' title='bbox 471 281 694 339; x_wconf 71' lang='grc' dir='ltr'><em>λεγέτωσαν</em></span> <span class='ocrx_word' id='word_1_8' title='bbox 711 282 823 340; x_wconf 73' lang='grc' dir='ltr'>ἡμῖν,</span> <span class='ocrx_word' id='word_1_9' title='bbox 847 284 954 335; x_wconf 87' lang='grc' dir='ltr'>τίνος</span> <span class='ocrx_word' id='word_1_10' title='bbox 973 284 1086 328; x_wconf 68' lang='grc' dir='ltr'>ἕνεκα</span> <span class='ocrx_word' id='word_1_11' title='bbox 1107 286 1148 329; x_wconf 77' lang='grc' dir='ltr'>ἓν</span> <span class='ocrx_word' id='word_1_12' title='bbox 1165 283 1365 347; x_wconf 74' lang='grc' dir='ltr'>Αἰγύπτῳ</span> <span class='ocrx_word' id='word_1_13' title='bbox 1384 286 1458 344; x_wconf 73' lang='grc' dir='ltr'>μὲν</span> <span class='ocrx_word' id='word_1_14' title='bbox 1475 292 1667 332; x_wconf 80' lang='grc' dir='ltr'>τοσοῦτον</span> 
     </span>
     <span class='ocr_line' id='line_1_3' title="bbox 197 351 1668 413; baseline 0.005 -20"><span class='ocrx_word' id='word_1_15' title='bbox 197 352 486 409; x_wconf 72' lang='grc' dir='ltr'><strong><em>διατρίψαντες</em></strong></span> <span class='ocrx_word' id='word_1_16' title='bbox 508 351 659 410; x_wconf 87' lang='grc' dir='ltr'>χρόνον</span> <span class='ocrx_word' id='word_1_17' title='bbox 689 354 731 396; x_wconf 77' lang='grc' dir='ltr'>ἔν</span> <span class='ocrx_word' id='word_1_18' title='bbox 762 355 959 413; x_wconf 76' lang='grc' dir='ltr'><strong><em>κακουχίᾳ</em></strong></span> <span class='ocrx_word' id='word_1_19' title='bbox 992 355 1127 407; x_wconf 77' lang='grc' dir='ltr'><strong><em>ἐλέους</em></strong></span> <span class='ocrx_word' id='word_1_20' title='bbox 1157 354 1320 410; x_wconf 63' lang='grc' dir='ltr'>ἔτυχον,</span> <span class='ocrx_word' id='word_1_21' title='bbox 1354 359 1420 400; x_wconf 84' lang='grc' dir='ltr'>καὶ</span> <span class='ocrx_word' id='word_1_22' title='bbox 1442 360 1498 408; x_wconf 82' lang='grc' dir='ltr'>εἲς</span> <span class='ocrx_word' id='word_1_23' title='bbox 1520 361 1668 412; x_wconf 80' lang='grc' dir='ltr'>Βαβυ-</span> 
     </span>
     <span class='ocr_line' id='line_1_4' title="bbox 142 419 1663 479; baseline 0.006 -19"><span class='ocrx_word' id='word_1_24' title='bbox 142 425 174 460; x_wconf 89' lang='lat' dir='ltr'>D</span> <span class='ocrx_word' id='word_1_25' title='bbox 198 424 308 464; x_wconf 79' lang='grc' dir='ltr'>λῶνα</span> <span class='ocrx_word' id='word_1_26' title='bbox 328 419 449 463; x_wconf 87' lang='grc' dir='ltr'>πάλιν</span> <span class='ocrx_word' id='word_1_27' title='bbox 471 421 757 477; x_wconf 70' lang='grc' dir='ltr'>ἀπενεχθέντες</span> <span class='ocrx_word' id='word_1_28' title='bbox 775 423 1007 479; x_wconf 73' lang='grc' dir='ltr'>ἐπανῆλθον</span> <span class='ocrx_word' id='word_1_29' title='bbox 1031 427 1087 475; x_wconf 78' lang='grc' dir='ltr'>εἷς</span> <span class='ocrx_word' id='word_1_30' title='bbox 1107 425 1158 468; x_wconf 82' lang='grc' dir='ltr'>τὰ</span> <span class='ocrx_word' id='word_1_31' title='bbox 1179 425 1263 468; x_wconf 75' lang='grc' dir='ltr'>ἴδια</span> <span class='ocrx_word' id='word_1_32' title='bbox 1272 458 1286 478; x_wconf 94' lang='grc'>,</span> <span class='ocrx_word' id='word_1_33' title='bbox 1317 428 1383 468; x_wconf 82' lang='grc' dir='ltr'>καὶ</span> <span class='ocrx_word' id='word_1_34' title='bbox 1402 425 1475 469; x_wconf 72' lang='grc' dir='ltr'>ὕπ’</span> <span class='ocrx_word' id='word_1_35' title='bbox 1495 426 1663 470; x_wconf 72' lang='grc' dir='ltr'>Ἀντιό-</span> 
     </span>
     <span class='ocr_line' id='line_1_5' title="bbox 191 487 1667 553; baseline 0.004 -21"><span class='ocrx_word' id='word_1_36' title='bbox 191 507 272 545; x_wconf 86' lang='grc' dir='ltr'>χου</span> <span class='ocrx_word' id='word_1_37' title='bbox 308 495 490 534; x_wconf 75' lang='grc' dir='ltr'>τοσαῦτα</span> <span class='ocrx_word' id='word_1_38' title='bbox 523 491 629 533; x_wconf 81' lang='grc' dir='ltr'>κακὰ</span> <span class='ocrx_word' id='word_1_39' title='bbox 660 490 863 544; x_wconf 74' lang='grc' dir='ltr'>παθόντες</span> <span class='ocrx_word' id='word_1_40' title='bbox 887 487 1011 544; x_wconf 74' lang='grc' dir='ltr'>αὖθις</span> <span class='ocrx_word' id='word_1_41' title='bbox 1031 494 1132 550; x_wconf 87' lang='grc' dir='ltr'>πρὸς</span> <span class='ocrx_word' id='word_1_42' title='bbox 1153 494 1198 537; x_wconf 82' lang='grc' dir='ltr'>τὸ</span> <span class='ocrx_word' id='word_1_43' title='bbox 1221 492 1416 553; x_wconf 86' lang='grc' dir='ltr'>πρότερον</span> <span class='ocrx_word' id='word_1_44' title='bbox 1435 497 1667 552; x_wconf 76' lang='grc' dir='ltr'>ἐπανῆλθον</span> 
     </span>
     <span class='ocr_line' id='line_1_6' title="bbox 197 560 1700 618; baseline 0.005 -17"><span class='ocrx_word' id='word_1_45' title='bbox 197 560 371 615; x_wconf 79' lang='grc' dir='ltr'>ἀξίωμα,</span> <span class='ocrx_word' id='word_1_46' title='bbox 407 565 479 602; x_wconf 82' lang='grc' dir='ltr'>νῦν</span> <span class='ocrx_word' id='word_1_47' title='bbox 498 561 543 603; x_wconf 82' lang='grc' dir='ltr'>δὲ</span> <span class='ocrx_word' id='word_1_48' title='bbox 561 560 679 603; x_wconf 74' lang='grc' dir='ltr'>οὐδὲν</span> <span class='ocrx_word' id='word_1_49' title='bbox 698 567 881 605; x_wconf 81' lang='grc' dir='ltr'>τοιοῦτον</span> <span class='ocrx_word' id='word_1_50' title='bbox 899 562 1116 618; x_wconf 76' lang='grc' dir='ltr'>γεγένηται,</span> <span class='ocrx_word' id='word_1_51' title='bbox 1146 564 1250 606; x_wconf 80' lang='grc' dir='ltr'>ἀλλὰ</span> <span class='ocrx_word' id='word_1_52' title='bbox 1267 566 1536 607; x_wconf 80' lang='grc' dir='ltr'>πεντακοσίων</span> <span class='ocrx_word' id='word_1_53' title='bbox 1551 566 1664 618; x_wconf 74' lang='grc' dir='ltr'>ἐτῶν,</span> <span class='ocrx_word' id='word_1_54' title='bbox 1678 575 1700 612; x_wconf 85' lang='grc'><strong>5</strong></span> 
     </span>
     <span class='ocr_line' id='line_1_7' title="bbox 194 630 1668 690; baseline 0.004 -18"><span class='ocrx_word' id='word_1_55' title='bbox 194 634 265 672; x_wconf 86' lang='grc' dir='ltr'>νῦν</span> <span class='ocrx_word' id='word_1_56' title='bbox 292 630 336 671; x_wconf 78' lang='grc' dir='ltr'>δὲ</span> <span class='ocrx_word' id='word_1_57' title='bbox 358 630 500 683; x_wconf 85' lang='grc' dir='ltr'>χιλίων</span> <span class='ocrx_word' id='word_1_58' title='bbox 527 630 570 680; x_wconf 70' lang='grc' dir='ltr'>ἐξ</span> <span class='ocrx_word' id='word_1_59' title='bbox 594 631 744 672; x_wconf 72' lang='grc' dir='ltr'>ἐκείνου</span> <span class='ocrx_word' id='word_1_60' title='bbox 768 630 1015 674; x_wconf 77' lang='grc' dir='ltr'>διελθόντων</span> <span class='ocrx_word' id='word_1_61' title='bbox 1035 632 1128 675; x_wconf 76' lang='grc' dir='ltr'>οὐδὲ</span> <span class='ocrx_word' id='word_1_62' title='bbox 1150 633 1315 690; x_wconf 75' lang='grc' dir='ltr'>αἴνιγμα</span> <span class='ocrx_word' id='word_1_63' title='bbox 1333 633 1522 689; x_wconf 82' lang='grc' dir='ltr'>τοιαύτης</span> <span class='ocrx_word' id='word_1_64' title='bbox 1541 652 1668 689; x_wconf 86' lang='grc' dir='ltr'>μετα-</span> 
     </span>
     <span class='ocr_line' id='line_1_8' title="bbox 194 697 1669 761; baseline 0.004 -21"><span class='ocrx_word' id='word_1_65' title='bbox 194 702 324 754; x_wconf 82' lang='grc' dir='ltr'>βολῆς</span> <span class='ocrx_word' id='word_1_66' title='bbox 347 697 505 756; x_wconf 81' lang='grc' dir='ltr'>ὃρῶμεν</span> <span class='ocrx_word' id='word_1_67' title='bbox 526 698 770 757; x_wconf 79' lang='grc' dir='ltr'>φαινόμενον</span> <span class='ocrx_word' id='word_1_68' title='bbox 791 698 876 744; x_wconf 81' lang='grc' dir='ltr'>οἷον</span> <span class='ocrx_word' id='word_1_69' title='bbox 894 701 939 744; x_wconf 87' lang='grc' dir='ltr'>τὸ</span> <span class='ocrx_word' id='word_1_70' title='bbox 958 699 1167 760; x_wconf 83' lang='grc' dir='ltr'>πρότερον.</span> <span class='ocrx_word' id='word_1_71' title='bbox 1238 704 1272 746; x_wconf 83' lang='grc' dir='ltr'>εἲ</span> <span class='ocrx_word' id='word_1_72' title='bbox 1301 704 1345 746; x_wconf 79' lang='grc' dir='ltr'>δὲ</span> <span class='ocrx_word' id='word_1_73' title='bbox 1370 704 1444 755; x_wconf 80' lang='grc' dir='ltr'>τὰς</span> <span class='ocrx_word' id='word_1_74' title='bbox 1466 702 1669 761; x_wconf 77' lang='grc' dir='ltr'>ἁμαρτίας</span> 
     </span>
     <span class='ocr_line' id='line_1_9' title="bbox 194 766 1668 832; baseline 0.004 -22"><span class='ocrx_word' id='word_1_75' title='bbox 194 767 330 810; x_wconf 78' lang='grc' dir='ltr'>αὐτῶν</span> <span class='ocrx_word' id='word_1_76' title='bbox 361 766 657 824; x_wconf 81' lang='grc' dir='ltr'>προβάλοιντο,</span> <span class='ocrx_word' id='word_1_77' title='bbox 692 772 761 812; x_wconf 83' lang='grc' dir='ltr'>καὶ</span> <span class='ocrx_word' id='word_1_78' title='bbox 795 771 964 822; x_wconf 73' lang='grc' dir='ltr'>εἴποιεν,</span> <span class='ocrx_word' id='word_1_79' title='bbox 998 771 1079 813; x_wconf 73' lang='grc' dir='ltr'>ἐπεὶ</span> <span class='ocrx_word' id='word_1_80' title='bbox 1108 769 1342 827; x_wconf 73' lang='grc' dir='ltr'>ἡμάρτομεν</span> <span class='ocrx_word' id='word_1_81' title='bbox 1368 778 1425 832; x_wconf 77' lang='grc' dir='ltr'>τῷ</span> <span class='ocrx_word' id='word_1_82' title='bbox 1451 777 1563 830; x_wconf 75' lang='grc' dir='ltr'>θεῷ,</span> <span class='ocrx_word' id='word_1_83' title='bbox 1600 772 1668 815; x_wconf 82' lang='grc' dir='ltr'>διὰ</span> 
     </span>
     <span class='ocr_line' id='line_1_10' title="bbox 194 836 1670 898; baseline 0.003 -18"><span class='ocrx_word' id='word_1_84' title='bbox 194 841 314 880; x_wconf 82' lang='grc' dir='ltr'>τοῦτο</span> <span class='ocrx_word' id='word_1_85' title='bbox 341 836 414 879; x_wconf 78' lang='grc' dir='ltr'>οὐκ</span> <span class='ocrx_word' id='word_1_86' title='bbox 445 836 788 894; x_wconf 79' lang='grc' dir='ltr'>ἀπολαμβάνομεν</span> <span class='ocrx_word' id='word_1_87' title='bbox 815 840 890 895; x_wconf 83' lang='grc' dir='ltr'>τὴν</span> <span class='ocrx_word' id='word_1_88' title='bbox 917 841 1065 882; x_wconf 79' lang='grc' dir='ltr'>οἶκείαν</span> <span class='ocrx_word' id='word_1_89' title='bbox 1080 840 1246 898; x_wconf 82' lang='grc' dir='ltr'>χώραν,</span> <span class='ocrx_word' id='word_1_90' title='bbox 1280 840 1402 885; x_wconf 88' lang='grc' dir='ltr'>πάλιν</span> <span class='ocrx_word' id='word_1_91' title='bbox 1424 843 1468 884; x_wconf 74' lang='grc' dir='ltr'>δ’</span> <span class='ocrx_word' id='word_1_92' title='bbox 1493 841 1544 884; x_wconf 78' lang='grc' dir='ltr'>ἂν</span> <span class='ocrx_word' id='word_1_93' title='bbox 1565 840 1670 885; x_wconf 77' lang='grc' dir='ltr'>εἰκό-</span> 
     </span>
     <span class='ocr_line' id='line_1_11' title="bbox 192 905 1726 967; baseline 0.003 -18"><span class='ocrx_word' id='word_1_94' title='bbox 192 923 273 956; x_wconf 86' lang='grc' dir='ltr'>τως</span> <span class='ocrx_word' id='word_1_95' title='bbox 290 905 440 957; x_wconf 72' lang='grc' dir='ltr'>αὐτοὺς</span> <span class='ocrx_word' id='word_1_96' title='bbox 456 906 677 964; x_wconf 69' lang='grc' dir='ltr'>ἐρήσομαι·</span> <span class='ocrx_word' id='word_1_97' title='bbox 714 909 786 951; x_wconf 80' lang='grc' dir='ltr'>διὰ</span> <span class='ocrx_word' id='word_1_98' title='bbox 803 909 878 959; x_wconf 83' lang='grc' dir='ltr'>τὰς</span> <span class='ocrx_word' id='word_1_99' title='bbox 894 907 1096 967; x_wconf 78' lang='grc' dir='ltr'>ἁμαρτίας</span> <span class='ocrx_word' id='word_1_100' title='bbox 1112 908 1228 966; x_wconf 75' lang='grc' dir='ltr'>ὑμῶν</span> <span class='ocrx_word' id='word_1_101' title='bbox 1236 943 1249 963; x_wconf 90' lang='grc'>,</span> <span class='ocrx_word' id='word_1_102' title='bbox 1285 905 1319 954; x_wconf 77' lang='grc' dir='ltr'><strong><em>ὦ</em></strong></span> <span class='ocrx_word' id='word_1_103' title='bbox 1332 912 1530 954; x_wconf 85' lang='grc' dir='ltr'>Ἰουδαῖοι</span> <span class='ocrx_word' id='word_1_104' title='bbox 1539 943 1553 963; x_wconf 91' lang='grc'>,</span> <span class='ocrx_word' id='word_1_105' title='bbox 1588 911 1667 962; x_wconf 71' lang='grc' dir='ltr'>ἔξω</span> <span class='ocrx_word' id='word_1_106' title='bbox 1680 919 1726 954; x_wconf 83' lang='lat' dir='ltr'>m</span> 
     </span>
     <span class='ocr_line' id='line_1_12' title="bbox 194 973 1670 1036; baseline 0.003 -18"><span class='ocrx_word' id='word_1_107' title='bbox 194 980 267 1030; x_wconf 89' lang='grc' dir='ltr'>τῆς</span> <span class='ocrx_word' id='word_1_108' title='bbox 283 973 559 1032; x_wconf 74' lang='grc' dir='ltr'>Ἰερουσαλὴμ</span> <span class='ocrx_word' id='word_1_109' title='bbox 578 979 804 1035; x_wconf 75' lang='grc' dir='ltr'>διατρίβετε</span> <span class='ocrx_word' id='word_1_110' title='bbox 820 976 969 1036; x_wconf 87' lang='grc' dir='ltr'>χρόνον</span> <span class='ocrx_word' id='word_1_111' title='bbox 986 983 1205 1035; x_wconf 81' lang='grc' dir='ltr'>τοσοῦτον,·</span> <span class='ocrx_word' id='word_1_112' title='bbox 1239 982 1307 1023; x_wconf 85' lang='grc' dir='ltr'>καὶ</span> <span class='ocrx_word' id='word_1_113' title='bbox 1324 982 1367 1023; x_wconf 84' lang='grc' dir='ltr'>τί</span> <span class='ocrx_word' id='word_1_114' title='bbox 1380 981 1426 1024; x_wconf 87' lang='grc' dir='ltr'>τὸ</span> <span class='ocrx_word' id='word_1_115' title='bbox 1447 980 1584 1023; x_wconf 80' lang='grc' dir='ltr'>καινὸν</span> <span class='ocrx_word' id='word_1_116' title='bbox 1603 983 1670 1023; x_wconf 81' lang='grc' dir='ltr'>καὶ</span> 
     </span>
     <span class='ocr_line' id='line_1_13' title="bbox 55 1044 1671 1108; baseline 0.004 -22"><span class='ocrx_word' id='word_1_117' title='bbox 55 1051 83 1085; x_wconf 94' lang='grc' dir='ltr'><strong>Ρ</strong></span> <span class='ocrx_word' id='word_1_118' title='bbox 106 1051 174 1087; x_wconf 75' lang='grc'>234</span> <span class='ocrx_word' id='word_1_119' title='bbox 197 1044 431 1102; x_wconf 81' lang='grc' dir='ltr'>παράδοξον</span> <span class='ocrx_word' id='word_1_120' title='bbox 440 1065 456 1100; x_wconf 84' lang='lat'>‚-</span> <span class='ocrx_word' id='word_1_121' title='bbox 490 1045 549 1101; x_wconf 86' lang='grc' dir='ltr'>μὴ</span> <span class='ocrx_word' id='word_1_122' title='bbox 576 1046 656 1104; x_wconf 83' lang='grc' dir='ltr'>γὰρ</span> <span class='ocrx_word' id='word_1_123' title='bbox 685 1051 757 1091; x_wconf 76' lang='grc' dir='ltr'>νῦν</span> <span class='ocrx_word' id='word_1_124' title='bbox 783 1048 825 1090; x_wconf 75' lang='grc' dir='ltr'>ἐν</span> <span class='ocrx_word' id='word_1_125' title='bbox 853 1045 1070 1106; x_wconf 73' lang='grc' dir='ltr'>ἁμαρτίαις</span> <span class='ocrx_word' id='word_1_126' title='bbox 1099 1050 1189 1104; x_wconf 84' lang='grc' dir='ltr'>ζῆτε</span> <span class='ocrx_word' id='word_1_127' title='bbox 1215 1047 1366 1104; x_wconf 85' lang='grc' dir='ltr'>μόνον,</span> <span class='ocrx_word' id='word_1_128' title='bbox 1399 1050 1514 1108; x_wconf 82' lang='grc' dir='ltr'>παρὰ</span> <span class='ocrx_word' id='word_1_129' title='bbox 1533 1051 1671 1104; x_wconf 78' lang='grc' dir='ltr'>δὲτὴν</span> 
     </span>
     <span class='ocr_line' id='line_1_14' title="bbox 197 1114 1670 1174; baseline 0.003 -18"><span class='ocrx_word' id='word_1_130' title='bbox 197 1114 328 1170; x_wconf 75' lang='grc' dir='ltr'>ἀρχὴν</span> <span class='ocrx_word' id='word_1_131' title='bbox 363 1115 405 1157; x_wconf 73' lang='grc' dir='ltr'>ἓν</span> <span class='ocrx_word' id='word_1_132' title='bbox 438 1114 675 1173; x_wconf 79' lang='grc' dir='ltr'>δικαιοσύνῃ</span> <span class='ocrx_word' id='word_1_133' title='bbox 709 1119 776 1159; x_wconf 87' lang='grc' dir='ltr'>καὶ</span> <span class='ocrx_word' id='word_1_134' title='bbox 809 1115 1156 1174; x_wconf 69' lang='grc' dir='ltr'>κατορθώμασινς</span> <span class='ocrx_word' id='word_1_135' title='bbox 1209 1120 1282 1161; x_wconf 74' lang='grc' dir='ltr'>οὐκ</span> <span class='ocrx_word' id='word_1_136' title='bbox 1325 1118 1484 1162; x_wconf 78' lang='grc' dir='ltr'>ἄνωθεν</span> <span class='ocrx_word' id='word_1_137' title='bbox 1524 1121 1590 1161; x_wconf 86' lang='grc' dir='ltr'>καὶ</span> <span class='ocrx_word' id='word_1_138' title='bbox 1629 1120 1670 1171; x_wconf 70' lang='grc' dir='ltr'>ἐξ</span> 
     </span>
     <span class='ocr_line' id='line_1_15' title="bbox 198 1183 1671 1244; baseline 0.003 -18"><span class='ocrx_word' id='word_1_139' title='bbox 198 1184 328 1241; x_wconf 77' lang='grc' dir='ltr'>ἀρχῆς</span> <span class='ocrx_word' id='word_1_140' title='bbox 359 1183 685 1242; x_wconf 83' lang='grc' dir='ltr'>συνανετράφητε</span> <span class='ocrx_word' id='word_1_141' title='bbox 715 1188 988 1243; x_wconf 86' lang='grc' dir='ltr'>παρανομίαις</span> <span class='ocrx_word' id='word_1_142' title='bbox 997 1205 1011 1241; x_wconf 84' lang='grc'>,·</span> <span class='ocrx_word' id='word_1_143' title='bbox 1047 1188 1137 1242; x_wconf 79' lang='grc' dir='ltr'>οὐχὶ</span> <span class='ocrx_word' id='word_1_144' title='bbox 1157 1191 1230 1243; x_wconf 90' lang='grc' dir='ltr'>τῆς</span> <span class='ocrx_word' id='word_1_145' title='bbox 1247 1186 1466 1243; x_wconf 81' lang='grc' dir='ltr'>θαλάσσης</span> <span class='ocrx_word' id='word_1_146' title='bbox 1485 1189 1671 1244; x_wconf 77' lang='grc' dir='ltr'>σχιζομέ-</span> 
     </span>
     <span class='ocr_line' id='line_1_16' title="bbox 198 1254 1727 1314; baseline 0.004 -20"><span class='ocrx_word' id='word_1_147' title='bbox 198 1270 270 1308; x_wconf 84' lang='grc' dir='ltr'>νης</span> <span class='ocrx_word' id='word_1_148' title='bbox 297 1255 363 1295; x_wconf 84' lang='grc' dir='ltr'>καὶ</span> <span class='ocrx_word' id='word_1_149' title='bbox 391 1258 471 1296; x_wconf 86' lang='grc' dir='ltr'>τῶν</span> <span class='ocrx_word' id='word_1_150' title='bbox 492 1260 649 1311; x_wconf 83' lang='grc' dir='ltr'>πετρῶν</span> <span class='ocrx_word' id='word_1_151' title='bbox 671 1254 927 1312; x_wconf 75' lang='grc' dir='ltr'>ῥηγνυμένων</span> <span class='ocrx_word' id='word_1_152' title='bbox 946 1258 1013 1298; x_wconf 84' lang='grc' dir='ltr'>καὶ</span> <span class='ocrx_word' id='word_1_153' title='bbox 1034 1255 1238 1300; x_wconf 81' lang='grc' dir='ltr'>τοσούτων</span> <span class='ocrx_word' id='word_1_154' title='bbox 1257 1256 1487 1312; x_wconf 80' lang='grc' dir='ltr'>θαυμάτων</span> <span class='ocrx_word' id='word_1_155' title='bbox 1507 1257 1668 1314; x_wconf 79' lang='grc' dir='ltr'>γινομέ-</span> <span class='ocrx_word' id='word_1_156' title='bbox 1683 1263 1727 1300; x_wconf 84' lang='grc'>15</span> 
     </span>
     <span class='ocr_line' id='line_1_17' title="bbox 197 1317 1672 1384; baseline 0.001 -18"><span class='ocrx_word' id='word_1_157' title='bbox 197 1339 278 1366; x_wconf 83' lang='grc' dir='ltr'>νων</span> <span class='ocrx_word' id='word_1_158' title='bbox 302 1324 393 1379; x_wconf 86' lang='grc' dir='ltr'>περὶ</span> <span class='ocrx_word' id='word_1_159' title='bbox 417 1327 490 1378; x_wconf 90' lang='grc' dir='ltr'>τῆς</span> <span class='ocrx_word' id='word_1_160' title='bbox 510 1322 663 1381; x_wconf 75' lang='grc' dir='ltr'>ἐρήμου</span> <span class='ocrx_word' id='word_1_161' title='bbox 686 1323 1009 1382; x_wconf 80' lang='grc' dir='ltr'>προσεκυνήσατε</span> <span class='ocrx_word' id='word_1_162' title='bbox 1031 1324 1199 1384; x_wconf 81' lang='grc' dir='ltr'>μόσχῳ,·</span> <span class='ocrx_word' id='word_1_163' title='bbox 1235 1327 1282 1369; x_wconf 82' lang='grc' dir='ltr'>οὗ</span> <span class='ocrx_word' id='word_1_164' title='bbox 1307 1317 1376 1370; x_wconf 78' lang='grc' dir='ltr'>τὸν</span> <span class='ocrx_word' id='word_1_165' title='bbox 1397 1327 1585 1370; x_wconf 80' lang='grc' dir='ltr'>Μωῦσέα</span> <span class='ocrx_word' id='word_1_166' title='bbox 1610 1328 1672 1369; x_wconf 85' lang='grc' dir='ltr'>λί-</span> 
     </span>
     <span class='ocr_line' id='line_1_18' title="bbox 197 1391 1672 1454; baseline 0.004 -21"><span class='ocrx_word' id='word_1_167' title='bbox 197 1397 294 1442; x_wconf 89' lang='grc' dir='ltr'>θοις</span> <span class='ocrx_word' id='word_1_168' title='bbox 324 1391 545 1446; x_wconf 84' lang='grc' dir='ltr'>βάλλοντες</span> <span class='ocrx_word' id='word_1_169' title='bbox 573 1395 640 1435; x_wconf 91' lang='grc' dir='ltr'>καὶ</span> <span class='ocrx_word' id='word_1_170' title='bbox 671 1391 822 1452; x_wconf 67' lang='grc' dir='ltr'>ἑτέροις</span> <span class='ocrx_word' id='word_1_171' title='bbox 851 1396 1012 1450; x_wconf 87' lang='grc' dir='ltr'>μυριόις</span> <span class='ocrx_word' id='word_1_172' title='bbox 1035 1393 1200 1452; x_wconf 88' lang='grc' dir='ltr'>τρόποις</span> <span class='ocrx_word' id='word_1_173' title='bbox 1222 1397 1373 1439; x_wconf 81' lang='grc' dir='ltr'>ἀνελεῖν</span> <span class='ocrx_word' id='word_1_174' title='bbox 1392 1394 1672 1454; x_wconf 75' lang='grc' dir='ltr'>ἐπεχειρήσατε</span> 
     </span>
     <span class='ocr_line' id='line_1_19' title="bbox 198 1459 1673 1523; baseline 0.004 -21"><span class='ocrx_word' id='word_1_175' title='bbox 198 1459 418 1514; x_wconf 88' lang='grc' dir='ltr'>πολλάκις,</span> <span class='ocrx_word' id='word_1_176' title='bbox 467 1463 534 1504; x_wconf 83' lang='grc' dir='ltr'>καὶ</span> <span class='ocrx_word' id='word_1_177' title='bbox 568 1462 639 1505; x_wconf 83' lang='grc' dir='ltr'>τὸν</span> <span class='ocrx_word' id='word_1_178' title='bbox 674 1464 776 1506; x_wconf 88' lang='grc' dir='ltr'>θεὸν</span> <span class='ocrx_word' id='word_1_179' title='bbox 810 1465 1079 1520; x_wconf 81' lang='grc' dir='ltr'>παρωργίζετε</span> <span class='ocrx_word' id='word_1_180' title='bbox 1116 1469 1483 1522; x_wconf 81' lang='grc' dir='ltr'>βλασφημοῦντες,·</span> <span class='ocrx_word' id='word_1_181' title='bbox 1530 1465 1578 1508; x_wconf 79' lang='grc' dir='ltr'>οὗ</span> <span class='ocrx_word' id='word_1_182' title='bbox 1615 1470 1673 1523; x_wconf 76' lang='grc' dir='ltr'>τῷ</span> 
     </span>
     <span class='ocr_line' id='line_1_20' title="bbox 196 1531 1673 1591; baseline 0.003 -19"><span class='ocrx_word' id='word_1_183' title='bbox 196 1531 439 1588; x_wconf 78' lang='grc' dir='ltr'>Βεελφεγιὺρ</span> <span class='ocrx_word' id='word_1_184' title='bbox 471 1531 732 1587; x_wconf 76' lang='grc' dir='ltr'>ἕτελέσθητε;</span> <span class='ocrx_word' id='word_1_185' title='bbox 769 1533 817 1574; x_wconf 78' lang='grc' dir='ltr'>οὐ</span> <span class='ocrx_word' id='word_1_186' title='bbox 848 1532 943 1583; x_wconf 80' lang='grc' dir='ltr'>τούς</span> <span class='ocrx_word' id='word_1_187' title='bbox 971 1533 1085 1584; x_wconf 76' lang='grc' dir='ltr'>υἲοῦς</span> <span class='ocrx_word' id='word_1_188' title='bbox 1113 1531 1228 1587; x_wconf 74' lang='grc' dir='ltr'>ὑμῶν</span> <span class='ocrx_word' id='word_1_189' title='bbox 1255 1537 1322 1576; x_wconf 82' lang='grc' dir='ltr'>καὶ</span> <span class='ocrx_word' id='word_1_190' title='bbox 1347 1534 1421 1585; x_wconf 82' lang='grc' dir='ltr'>τὰς</span> <span class='ocrx_word' id='word_1_191' title='bbox 1438 1534 1673 1591; x_wconf 69' lang='grc' dir='ltr'>θυγατέρας</span> 
     </span>
     <span class='ocr_line' id='line_1_21' title="bbox 196 1598 1728 1661; baseline 0.006 -20"><span class='ocrx_word' id='word_1_192' title='bbox 196 1598 373 1642; x_wconf 70' lang='grc' dir='ltr'>ἐθύσατε</span> <span class='ocrx_word' id='word_1_193' title='bbox 395 1606 480 1650; x_wconf 81' lang='grc' dir='ltr'>τοῖς</span> <span class='ocrx_word' id='word_1_194' title='bbox 503 1602 726 1655; x_wconf 83' lang='grc' dir='ltr'>δαιμονίοις</span> <span class='ocrx_word' id='word_1_195' title='bbox 744 1603 811 1644; x_wconf 85' lang='grc' dir='ltr'>καὶ</span> <span class='ocrx_word' id='word_1_196' title='bbox 831 1602 926 1652; x_wconf 81' lang='grc' dir='ltr'>τοὺς</span> <span class='ocrx_word' id='word_1_197' title='bbox 948 1601 1189 1660; x_wconf 79' lang='grc' dir='ltr'>ἀλλοτρίους</span> <span class='ocrx_word' id='word_1_198' title='bbox 1208 1604 1334 1654; x_wconf 77' lang='grc' dir='ltr'>θεοὺς</span> <span class='ocrx_word' id='word_1_199' title='bbox 1346 1602 1728 1661; x_wconf 73' lang='grc' dir='ltr'>ἕθεραπεύσατεςΞΟ</span> 
     </span>
     <span class='ocr_line' id='line_1_22' title="bbox 198 1667 1672 1728; baseline 0.004 -19"><span class='ocrx_word' id='word_1_200' title='bbox 198 1669 245 1709; x_wconf 81' lang='grc' dir='ltr'>οὐ</span> <span class='ocrx_word' id='word_1_201' title='bbox 278 1673 359 1710; x_wconf 82' lang='grc' dir='ltr'>πᾶν</span> <span class='ocrx_word' id='word_1_202' title='bbox 388 1667 493 1719; x_wconf 76' lang='grc' dir='ltr'>εἶδος</span> <span class='ocrx_word' id='word_1_203' title='bbox 521 1668 727 1726; x_wconf 79' lang='grc' dir='ltr'>ἁμαρτίας</span> <span class='ocrx_word' id='word_1_204' title='bbox 756 1672 824 1712; x_wconf 85' lang='grc' dir='ltr'>καὶ</span> <span class='ocrx_word' id='word_1_205' title='bbox 853 1671 997 1722; x_wconf 88' lang='grc' dir='ltr'>κακίας</span> <span class='ocrx_word' id='word_1_206' title='bbox 1027 1672 1311 1727; x_wconf 70' lang='grc' dir='ltr'>ε’πεδείξασθες</span> <span class='ocrx_word' id='word_1_207' title='bbox 1347 1677 1434 1723; x_wconf 83' lang='grc' dir='ltr'>πῶς</span> <span class='ocrx_word' id='word_1_208' title='bbox 1465 1668 1536 1715; x_wconf 69' lang='grc' dir='ltr'>οὖν</span> <span class='ocrx_word' id='word_1_209' title='bbox 1562 1671 1672 1728; x_wconf 71' lang='grc' dir='ltr'>ὑμᾶς</span> 
     </span>
     <span class='ocr_line' id='line_1_23' title="bbox 144 1736 1675 1795; baseline 0.003 -14"><span class='ocrx_word' id='word_1_210' title='bbox 144 1747 174 1781; x_wconf 91' lang='grc' dir='ltr'>Β</span> <span class='ocrx_word' id='word_1_211' title='bbox 200 1738 272 1779; x_wconf 80' lang='grc' dir='ltr'>οὐκ</span> <span class='ocrx_word' id='word_1_212' title='bbox 294 1736 535 1795; x_wconf 77' lang='grc' dir='ltr'>ἀπεστράφη</span> <span class='ocrx_word' id='word_1_213' title='bbox 553 1737 642 1781; x_wconf 84' lang='grc' dir='ltr'>τότε</span> <span class='ocrx_word' id='word_1_214' title='bbox 664 1738 685 1781; x_wconf 83' lang='grc' dir='ltr'><em>ὃ</em></span> <span class='ocrx_word' id='word_1_215' title='bbox 708 1738 829 1791; x_wconf 86' lang='grc' dir='ltr'>θεός,</span> <span class='ocrx_word' id='word_1_216' title='bbox 867 1741 972 1781; x_wconf 81' lang='grc' dir='ltr'>ἀλλὰ</span> <span class='ocrx_word' id='word_1_217' title='bbox 994 1742 1097 1795; x_wconf 83' lang='grc' dir='ltr'>μετὰ</span> <span class='ocrx_word' id='word_1_218' title='bbox 1120 1742 1194 1792; x_wconf 80' lang='grc' dir='ltr'>τὰς</span> <span class='ocrx_word' id='word_1_219' title='bbox 1215 1743 1498 1792; x_wconf 86' lang='grc' dir='ltr'>παιδοκτονίας</span> <span class='ocrx_word' id='word_1_220' title='bbox 1515 1743 1675 1793; x_wconf 80' lang='grc' dir='ltr'>καὶτὰς</span> 
     </span>
     <span class='ocr_line' id='line_1_24' title="bbox 201 1808 1676 1869; baseline 0.004 -21"><span class='ocrx_word' id='word_1_221' title='bbox 201 1808 536 1864; x_wconf 77' lang='grc' dir='ltr'>εἰδωλολατρίας,</span> <span class='ocrx_word' id='word_1_222' title='bbox 581 1808 684 1861; x_wconf 84' lang='grc' dir='ltr'>μετὰ</span> <span class='ocrx_word' id='word_1_223' title='bbox 718 1808 792 1862; x_wconf 80' lang='grc' dir='ltr'>τὴν</span> <span class='ocrx_word' id='word_1_224' title='bbox 822 1809 975 1861; x_wconf 75' lang='grc' dir='ltr'>πολλὴν</span> <span class='ocrx_word' id='word_1_225' title='bbox 1007 1809 1317 1865; x_wconf 79' lang='grc' dir='ltr'>ἀγνωμοσύνην,</span> <span class='ocrx_word' id='word_1_226' title='bbox 1362 1813 1429 1853; x_wconf 83' lang='grc' dir='ltr'>καὶ</span> <span class='ocrx_word' id='word_1_227' title='bbox 1460 1811 1676 1869; x_wconf 86' lang='grc' dir='ltr'>προφήτας</span> 
     </span>
     <span class='ocr_line' id='line_1_25' title="bbox 200 1874 1674 1938; baseline 0.003 -20"><span class='ocrx_word' id='word_1_228' title='bbox 200 1877 332 1933; x_wconf 81' lang='grc' dir='ltr'>ἀφῆκε</span> <span class='ocrx_word' id='word_1_229' title='bbox 351 1877 451 1933; x_wconf 77' lang='grc' dir='ltr'>παρ’</span> <span class='ocrx_word' id='word_1_230' title='bbox 475 1874 571 1932; x_wconf 73' lang='grc' dir='ltr'>ὑμῖν</span> <span class='ocrx_word' id='word_1_231' title='bbox 593 1875 692 1919; x_wconf 77' lang='grc' dir='ltr'>εἶναι</span> <span class='ocrx_word' id='word_1_232' title='bbox 715 1875 953 1935; x_wconf 76' lang='grc' dir='ltr'>διαφόρους,</span> <span class='ocrx_word' id='word_1_233' title='bbox 976 1880 1042 1921; x_wconf 86' lang='grc' dir='ltr'>καὶ</span> <span class='ocrx_word' id='word_1_234' title='bbox 1062 1886 1210 1934; x_wconf 79' lang='grc' dir='ltr'>σημεῖα</span> <span class='ocrx_word' id='word_1_235' title='bbox 1232 1879 1456 1938; x_wconf 78' lang='grc' dir='ltr'>εἰργάζοντο</span> <span class='ocrx_word' id='word_1_236' title='bbox 1475 1883 1542 1923; x_wconf 81' lang='grc' dir='ltr'>καὶ</span> <span class='ocrx_word' id='word_1_237' title='bbox 1562 1879 1674 1924; x_wconf 85' lang='grc' dir='ltr'>θαύ-</span> 
     </span>
    </p>
   </div>
   <div class='ocr_carea' id='block_1_3' title="bbox 201 2030 1678 2916">
    <p class='ocr_par' dir='ltr' id='par_1_3' title="bbox 201 2030 1678 2916">
     <span class='ocr_line' id='line_1_26' title="bbox 205 2030 1675 2080; baseline 0.003 -14"><span class='ocrx_word' id='word_1_238' title='bbox 205 2031 275 2075; x_wconf 79' lang='lat' dir='ltr'>sit,</span> <span class='ocrx_word' id='word_1_239' title='bbox 311 2031 405 2078; x_wconf 82' lang='lat' dir='ltr'>quod</span> <span class='ocrx_word' id='word_1_240' title='bbox 437 2037 473 2067; x_wconf 90' lang='lat' dir='ltr'>et</span> <span class='ocrx_word' id='word_1_241' title='bbox 501 2030 538 2066; x_wconf 91' lang='lat' dir='ltr'>in</span> <span class='ocrx_word' id='word_1_242' title='bbox 566 2030 732 2078; x_wconf 84' lang='lat' dir='ltr'>Aegypto</span> <span class='ocrx_word' id='word_1_243' title='bbox 764 2035 897 2067; x_wconf 77' lang='lat' dir='ltr'>tantum</span> <span class='ocrx_word' id='word_1_244' title='bbox 931 2035 1069 2079; x_wconf 86' lang='lat' dir='ltr'>tempus</span> <span class='ocrx_word' id='word_1_245' title='bbox 1100 2033 1137 2068; x_wconf 89' lang='lat' dir='ltr'>in</span> <span class='ocrx_word' id='word_1_246' title='bbox 1168 2033 1303 2080; x_wconf 82' lang='lat' dir='ltr'>magnis</span> <span class='ocrx_word' id='word_1_247' title='bbox 1333 2035 1486 2070; x_wconf 88' lang='lat' dir='ltr'>miseriis</span> <span class='ocrx_word' id='word_1_248' title='bbox 1513 2038 1675 2072; x_wconf 82' lang='lat' dir='ltr'>versatos</span> 
     </span>
     <span class='ocr_line' id='line_1_27' title="bbox 204 2078 1676 2129; baseline 0.004 -17"><span class='ocrx_word' id='word_1_249' title='bbox 204 2079 290 2113; x_wconf 71' lang='lat' dir='ltr'>deus</span> <span class='ocrx_word' id='word_1_250' title='bbox 323 2079 506 2114; x_wconf 81' lang='lat' dir='ltr'>miseratus</span> <span class='ocrx_word' id='word_1_251' title='bbox 537 2084 613 2123; x_wconf 88' lang='lat' dir='ltr'>est,</span> <span class='ocrx_word' id='word_1_252' title='bbox 647 2084 684 2113; x_wconf 89' lang='lat' dir='ltr'>et</span> <span class='ocrx_word' id='word_1_253' title='bbox 715 2078 751 2113; x_wconf 90' lang='lat' dir='ltr'>in</span> <span class='ocrx_word' id='word_1_254' title='bbox 781 2078 997 2124; x_wconf 85' lang='lat' dir='ltr'><strong>Babylonem</strong></span> <span class='ocrx_word' id='word_1_255' title='bbox 1027 2080 1161 2125; x_wconf 86' lang='lat' dir='ltr'>captivi</span> <span class='ocrx_word' id='word_1_256' title='bbox 1189 2081 1333 2116; x_wconf 86' lang='lat' dir='ltr'>abducti</span> <span class='ocrx_word' id='word_1_257' title='bbox 1355 2082 1438 2117; x_wconf 90' lang='lat' dir='ltr'>inde</span> <span class='ocrx_word' id='word_1_258' title='bbox 1462 2082 1499 2117; x_wconf 85' lang='lat' dir='ltr'>in</span> <span class='ocrx_word' id='word_1_259' title='bbox 1523 2083 1676 2129; x_wconf 79' lang='lat' dir='ltr'>patriam</span> 
     </span>
     <span class='ocr_line' id='line_1_28' title="bbox 204 2125 1675 2176; baseline 0.004 -17"><span class='ocrx_word' id='word_1_260' title='bbox 204 2125 343 2159; x_wconf 79' lang='lat' dir='ltr'>reducti</span> <span class='ocrx_word' id='word_1_261' title='bbox 368 2130 470 2170; x_wconf 90' lang='lat' dir='ltr'>sunt,</span> <span class='ocrx_word' id='word_1_262' title='bbox 505 2130 541 2159; x_wconf 83' lang='lat' dir='ltr'>et</span> <span class='ocrx_word' id='word_1_263' title='bbox 564 2130 618 2160; x_wconf 89' lang='lat' dir='ltr'>tot</span> <span class='ocrx_word' id='word_1_264' title='bbox 639 2125 739 2160; x_wconf 84' lang='lat' dir='ltr'>malis</span> <span class='ocrx_word' id='word_1_265' title='bbox 764 2127 807 2160; x_wconf 84' lang='lat' dir='ltr'>ab</span> <span class='ocrx_word' id='word_1_266' title='bbox 832 2126 1003 2160; x_wconf 76' lang='lat' dir='ltr'><strong>Antiocho</strong></span> <span class='ocrx_word' id='word_1_267' title='bbox 1034 2127 1156 2162; x_wconf 83' lang='lat' dir='ltr'>affecti</span> <span class='ocrx_word' id='word_1_268' title='bbox 1180 2135 1296 2163; x_wconf 83' lang='lat' dir='ltr'>tamen</span> <span class='ocrx_word' id='word_1_269' title='bbox 1319 2128 1503 2173; x_wconf 78' lang='lat' dir='ltr'>pristinam</span> <span class='ocrx_word' id='word_1_270' title='bbox 1525 2141 1675 2176; x_wconf 83' lang='lat' dir='ltr'>recupe-</span> 
     </span>
     <span class='ocr_line' id='line_1_29' title="bbox 202 2171 1676 2220; baseline 0.003 -14"><span class='ocrx_word' id='word_1_271' title='bbox 202 2178 329 2207; x_wconf 83' lang='lat' dir='ltr'>rarunt</span> <span class='ocrx_word' id='word_1_272' title='bbox 358 2171 581 2217; x_wconf 85' lang='lat' dir='ltr'>dignitatem,</span> <span class='ocrx_word' id='word_1_273' title='bbox 614 2183 705 2206; x_wconf 90' lang='lat' dir='ltr'>nunc</span> <span class='ocrx_word' id='word_1_274' title='bbox 740 2176 853 2206; x_wconf 79' lang='lat' dir='ltr'>autem</span> <span class='ocrx_word' id='word_1_275' title='bbox 886 2172 956 2207; x_wconf 82' lang='lat' dir='ltr'>tale</span> <span class='ocrx_word' id='word_1_276' title='bbox 987 2173 1075 2207; x_wconf 85' lang='lat' dir='ltr'>nihil</span> <span class='ocrx_word' id='word_1_277' title='bbox 1102 2175 1162 2219; x_wconf 86' lang='lat' dir='ltr'>fit,</span> <span class='ocrx_word' id='word_1_278' title='bbox 1197 2175 1261 2209; x_wconf 89' lang='lat' dir='ltr'>sed</span> <span class='ocrx_word' id='word_1_279' title='bbox 1284 2175 1371 2220; x_wconf 88' lang='lat'>500,</span> <span class='ocrx_word' id='word_1_280' title='bbox 1404 2175 1473 2210; x_wconf 90' lang='lat' dir='ltr'>imo</span> <span class='ocrx_word' id='word_1_281' title='bbox 1499 2178 1587 2211; x_wconf 91' lang='grc'>1000</span> <span class='ocrx_word' id='word_1_282' title='bbox 1606 2177 1676 2211; x_wconf 85' lang='lat' dir='ltr'>iam</span> 
     </span>
     <span class='ocr_line' id='line_1_30' title="bbox 203 2218 1674 2266; baseline 0.003 -14"><span class='ocrx_word' id='word_1_283' title='bbox 203 2218 336 2252; x_wconf 79' lang='lat' dir='ltr'>exactis</span> <span class='ocrx_word' id='word_1_284' title='bbox 361 2219 406 2253; x_wconf 87' lang='lat' dir='ltr'>ab</span> <span class='ocrx_word' id='word_1_285' title='bbox 430 2218 567 2253; x_wconf 87' lang='lat' dir='ltr'>excidio</span> <span class='ocrx_word' id='word_1_286' title='bbox 593 2218 694 2253; x_wconf 82' lang='lat' dir='ltr'>annis</span> <span class='ocrx_word' id='word_1_287' title='bbox 719 2230 764 2253; x_wconf 87' lang='lat' dir='ltr'>ne</span> <span class='ocrx_word' id='word_1_288' title='bbox 787 2218 942 2265; x_wconf 88' lang='lat' dir='ltr'>speciem</span> <span class='ocrx_word' id='word_1_289' title='bbox 973 2220 1110 2265; x_wconf 90' lang='lat' dir='ltr'>quidem</span> <span class='ocrx_word' id='word_1_290' title='bbox 1136 2220 1239 2255; x_wconf 89' lang='lat' dir='ltr'>ullam</span> <span class='ocrx_word' id='word_1_291' title='bbox 1264 2221 1419 2266; x_wconf 86' lang='lat' dir='ltr'>priorum</span> <span class='ocrx_word' id='word_1_292' title='bbox 1445 2222 1674 2257; x_wconf 81' lang='lat' dir='ltr'><strong>mutationum</strong></span> 
     </span>
     <span class='ocr_line' id='line_1_31' title="bbox 201 2264 1675 2315; baseline 0.003 -17"><span class='ocrx_word' id='word_1_293' title='bbox 201 2264 391 2299; x_wconf 71' lang='lat' dir='ltr'>videmus?</span> <span class='ocrx_word' id='word_1_294' title='bbox 437 2265 565 2311; x_wconf 87' lang='lat' dir='ltr'>quodsi</span> <span class='ocrx_word' id='word_1_295' title='bbox 599 2270 741 2311; x_wconf 79' lang='lat' dir='ltr'>peccata</span> <span class='ocrx_word' id='word_1_296' title='bbox 773 2276 838 2299; x_wconf 86' lang='lat' dir='ltr'>sua</span> <span class='ocrx_word' id='word_1_297' title='bbox 869 2274 1076 2311; x_wconf 81' lang='lat' dir='ltr'>causentur,</span> <span class='ocrx_word' id='word_1_298' title='bbox 1112 2267 1300 2313; x_wconf 80' lang='lat' dir='ltr'>dicantque</span> <span class='ocrx_word' id='word_1_299' title='bbox 1327 2268 1410 2303; x_wconf 89' lang='lat' dir='ltr'>ideo</span> <span class='ocrx_word' id='word_1_300' title='bbox 1434 2269 1503 2303; x_wconf 84' lang='lat' dir='ltr'>sibi</span> <span class='ocrx_word' id='word_1_301' title='bbox 1525 2269 1675 2315; x_wconf 83' lang='lat' dir='ltr'>patriam</span> 
     </span>
     <span class='ocr_line' id='line_1_32' title="bbox 202 2309 1677 2359; baseline 0.003 -14"><span class='ocrx_word' id='word_1_302' title='bbox 202 2322 272 2345; x_wconf 87' lang='lat' dir='ltr'>non</span> <span class='ocrx_word' id='word_1_303' title='bbox 308 2309 431 2356; x_wconf 82' lang='lat' dir='ltr'>reddi,</span> <span class='ocrx_word' id='word_1_304' title='bbox 468 2311 553 2357; x_wconf 83' lang='lat' dir='ltr'>quia</span> <span class='ocrx_word' id='word_1_305' title='bbox 576 2311 714 2346; x_wconf 89' lang='lat' dir='ltr'>delictis</span> <span class='ocrx_word' id='word_1_306' title='bbox 737 2310 808 2346; x_wconf 85' lang='lat' dir='ltr'>suis</span> <span class='ocrx_word' id='word_1_307' title='bbox 831 2312 933 2346; x_wconf 89' lang='lat' dir='ltr'>deum</span> <span class='ocrx_word' id='word_1_308' title='bbox 956 2313 1188 2359; x_wconf 82' lang='lat' dir='ltr'>offenderint,</span> <span class='ocrx_word' id='word_1_309' title='bbox 1227 2315 1320 2349; x_wconf 88' lang='lat' dir='ltr'>haud</span> <span class='ocrx_word' id='word_1_310' title='bbox 1344 2316 1408 2349; x_wconf 88' lang='lat' dir='ltr'>abs</span> <span class='ocrx_word' id='word_1_311' title='bbox 1431 2326 1471 2350; x_wconf 86' lang='lat' dir='ltr'>re</span> <span class='ocrx_word' id='word_1_312' title='bbox 1493 2315 1602 2350; x_wconf 88' lang='lat' dir='ltr'>fuerit</span> <span class='ocrx_word' id='word_1_313' title='bbox 1624 2315 1677 2350; x_wconf 83' lang='lat' dir='ltr'>ita</span> 
     </span>
     <span class='ocr_line' id='line_1_33' title="bbox 203 2360 1675 2408; baseline 0.003 -17"><span class='ocrx_word' id='word_1_314' title='bbox 203 2369 265 2392; x_wconf 88' lang='lat' dir='ltr'>eos</span> <span class='ocrx_word' id='word_1_315' title='bbox 288 2369 430 2402; x_wconf 83' lang='lat' dir='ltr'>rogare.</span> <span class='ocrx_word' id='word_1_316' title='bbox 478 2363 625 2403; x_wconf 86' lang='lat' dir='ltr'>propter</span> <span class='ocrx_word' id='word_1_317' title='bbox 652 2363 797 2404; x_wconf 83' lang='lat' dir='ltr'>peccata</span> <span class='ocrx_word' id='word_1_318' title='bbox 821 2364 960 2405; x_wconf 83' lang='lat' dir='ltr'>vestra,</span> <span class='ocrx_word' id='word_1_319' title='bbox 987 2372 1008 2394; x_wconf 96' lang='lat' dir='ltr'><strong>o</strong></span> <span class='ocrx_word' id='word_1_320' title='bbox 1032 2360 1174 2405; x_wconf 86' lang='lat' dir='ltr'>Iudaei,</span> <span class='ocrx_word' id='word_1_321' title='bbox 1199 2365 1298 2395; x_wconf 83' lang='lat' dir='ltr'>tanto</span> <span class='ocrx_word' id='word_1_322' title='bbox 1322 2365 1480 2408; x_wconf 84' lang='lat' dir='ltr'>tempore</span> <span class='ocrx_word' id='word_1_323' title='bbox 1502 2362 1675 2396; x_wconf 89' lang='lat' dir='ltr'>Hieroso-</span> 
     </span>
     <span class='ocr_line' id='line_1_34' title="bbox 202 2403 1675 2450; baseline 0.003 -13"><span class='ocrx_word' id='word_1_324' title='bbox 202 2404 297 2447; x_wconf 86' lang='lat' dir='ltr'>lyma</span> <span class='ocrx_word' id='word_1_325' title='bbox 332 2410 492 2438; x_wconf 82' lang='lat' dir='ltr'><strong>extorres</strong></span> <span class='ocrx_word' id='word_1_326' title='bbox 529 2404 688 2449; x_wconf 72' lang='lat' dir='ltr'>degitis?</span> <span class='ocrx_word' id='word_1_327' title='bbox 735 2403 820 2450; x_wconf 87' lang='lat' dir='ltr'>quid</span> <span class='ocrx_word' id='word_1_328' title='bbox 853 2405 920 2438; x_wconf 88' lang='lat' dir='ltr'>hoc</span> <span class='ocrx_word' id='word_1_329' title='bbox 952 2406 1037 2441; x_wconf 77' lang='lat' dir='ltr'>novi</span> <span class='ocrx_word' id='word_1_330' title='bbox 1061 2412 1097 2441; x_wconf 88' lang='lat' dir='ltr'>et</span> <span class='ocrx_word' id='word_1_331' title='bbox 1119 2406 1271 2442; x_wconf 78' lang='lat' dir='ltr'>inauditi</span> <span class='ocrx_word' id='word_1_332' title='bbox 1294 2409 1376 2443; x_wconf 68' lang='lat' dir='ltr'>est?</span> <span class='ocrx_word' id='word_1_333' title='bbox 1423 2408 1559 2443; x_wconf 88' lang='lat' dir='ltr'>scilicet</span> <span class='ocrx_word' id='word_1_334' title='bbox 1582 2408 1675 2442; x_wconf 86' lang='lat' dir='ltr'>anti-</span> 
     </span>
     <span class='ocr_line' id='line_1_35' title="bbox 202 2450 1676 2498; baseline 0.004 -15"><span class='ocrx_word' id='word_1_335' title='bbox 202 2450 321 2494; x_wconf 86' lang='lat' dir='ltr'>quitus</span> <span class='ocrx_word' id='word_1_336' title='bbox 356 2450 448 2484; x_wconf 88' lang='lat' dir='ltr'>iuste</span> <span class='ocrx_word' id='word_1_337' title='bbox 482 2450 622 2485; x_wconf 83' lang='lat' dir='ltr'>vixistis</span> <span class='ocrx_word' id='word_1_338' title='bbox 656 2456 693 2486; x_wconf 90' lang='lat' dir='ltr'>et</span> <span class='ocrx_word' id='word_1_339' title='bbox 724 2450 835 2485; x_wconf 77' lang='lat' dir='ltr'>officii</span> <span class='ocrx_word' id='word_1_340' title='bbox 865 2450 1020 2487; x_wconf 82' lang='lat' dir='ltr'>rationes</span> <span class='ocrx_word' id='word_1_341' title='bbox 1048 2453 1235 2498; x_wconf 86' lang='lat' dir='ltr'>tenuistis,</span> <span class='ocrx_word' id='word_1_342' title='bbox 1276 2466 1318 2489; x_wconf 89' lang='lat' dir='ltr'>ac</span> <span class='ocrx_word' id='word_1_343' title='bbox 1341 2466 1410 2489; x_wconf 91' lang='lat' dir='ltr'>non</span> <span class='ocrx_word' id='word_1_344' title='bbox 1431 2455 1500 2489; x_wconf 88' lang='lat' dir='ltr'>iam</span> <span class='ocrx_word' id='word_1_345' title='bbox 1524 2454 1607 2489; x_wconf 87' lang='lat' dir='ltr'>inde</span> <span class='ocrx_word' id='word_1_346' title='bbox 1629 2455 1676 2489; x_wconf 86' lang='lat' dir='ltr'>ab</span> 
     </span>
     <span class='ocr_line' id='line_1_36' title="bbox 204 2496 1676 2543; baseline 0.003 -13"><span class='ocrx_word' id='word_1_347' title='bbox 204 2496 306 2531; x_wconf 87' lang='lat' dir='ltr'>initio</span> <span class='ocrx_word' id='word_1_348' title='bbox 330 2496 511 2531; x_wconf 86' lang='lat' dir='ltr'>innumera</span> <span class='ocrx_word' id='word_1_349' title='bbox 531 2497 626 2532; x_wconf 88' lang='lat' dir='ltr'>inter</span> <span class='ocrx_word' id='word_1_350' title='bbox 649 2496 777 2532; x_wconf 83' lang='lat' dir='ltr'>delicta</span> <span class='ocrx_word' id='word_1_351' title='bbox 799 2496 908 2531; x_wconf 84' lang='lat' dir='ltr'>vitam</span> <span class='ocrx_word' id='word_1_352' title='bbox 933 2499 1088 2543; x_wconf 63' lang='lat' dir='ltr'>egistis?</span> <span class='ocrx_word' id='word_1_353' title='bbox 1136 2512 1252 2534; x_wconf 88' lang='lat' dir='ltr'>nonne</span> <span class='ocrx_word' id='word_1_354' title='bbox 1287 2512 1362 2535; x_wconf 88' lang='lat' dir='ltr'>cum</span> <span class='ocrx_word' id='word_1_355' title='bbox 1386 2506 1422 2535; x_wconf 87' lang='lat' dir='ltr'>et</span> <span class='ocrx_word' id='word_1_356' title='bbox 1445 2513 1542 2536; x_wconf 84' lang='lat' dir='ltr'>mare</span> <span class='ocrx_word' id='word_1_357' title='bbox 1563 2500 1676 2536; x_wconf 88' lang='lat' dir='ltr'>scindi</span> 
     </span>
     <span class='ocr_line' id='line_1_37' title="bbox 205 2543 1677 2592; baseline 0.003 -16"><span class='ocrx_word' id='word_1_358' title='bbox 205 2548 243 2577; x_wconf 86' lang='lat' dir='ltr'>et</span> <span class='ocrx_word' id='word_1_359' title='bbox 266 2554 351 2577; x_wconf 79' lang='lat' dir='ltr'>saxa</span> <span class='ocrx_word' id='word_1_360' title='bbox 374 2543 490 2589; x_wconf 88' lang='lat' dir='ltr'>rumpi</span> <span class='ocrx_word' id='word_1_361' title='bbox 511 2548 636 2590; x_wconf 78' lang='lat' dir='ltr'>totque</span> <span class='ocrx_word' id='word_1_362' title='bbox 659 2543 730 2579; x_wconf 83' lang='lat' dir='ltr'>alia</span> <span class='ocrx_word' id='word_1_363' title='bbox 752 2543 919 2578; x_wconf 77' lang='lat' dir='ltr'>miracula</span> <span class='ocrx_word' id='word_1_364' title='bbox 941 2545 1122 2581; x_wconf 81' lang='lat' dir='ltr'>vidissetis</span> <span class='ocrx_word' id='word_1_365' title='bbox 1142 2546 1180 2580; x_wconf 92' lang='lat' dir='ltr'>in</span> <span class='ocrx_word' id='word_1_366' title='bbox 1201 2546 1409 2592; x_wconf 85' lang='lat' dir='ltr'>solitudine,</span> <span class='ocrx_word' id='word_1_367' title='bbox 1443 2553 1560 2583; x_wconf 86' lang='lat' dir='ltr'>tamen</span> <span class='ocrx_word' id='word_1_368' title='bbox 1581 2548 1677 2582; x_wconf 83' lang='lat' dir='ltr'>vitu-</span> 
     </span>
     <span class='ocr_line' id='line_1_38' title="bbox 204 2589 1678 2638; baseline 0.003 -16"><span class='ocrx_word' id='word_1_369' title='bbox 204 2589 274 2622; x_wconf 90' lang='lat' dir='ltr'>lum</span> <span class='ocrx_word' id='word_1_370' title='bbox 301 2589 542 2625; x_wconf 64' lang='lat' dir='ltr'>adoravistis‘e</span> <span class='ocrx_word' id='word_1_371' title='bbox 589 2603 706 2625; x_wconf 88' lang='lat' dir='ltr'>nonne</span> <span class='ocrx_word' id='word_1_372' title='bbox 736 2590 862 2626; x_wconf 87' lang='lat' dir='ltr'>Mosen</span> <span class='ocrx_word' id='word_1_373' title='bbox 882 2591 1059 2636; x_wconf 84' lang='lat' dir='ltr'>lapidibus</span> <span class='ocrx_word' id='word_1_374' title='bbox 1084 2595 1234 2628; x_wconf 86' lang='lat' dir='ltr'>obruere</span> <span class='ocrx_word' id='word_1_375' title='bbox 1257 2593 1444 2638; x_wconf 85' lang='lat' dir='ltr'>multisque</span> <span class='ocrx_word' id='word_1_376' title='bbox 1466 2594 1543 2629; x_wconf 82' lang='lat' dir='ltr'>aliis</span> <span class='ocrx_word' id='word_1_377' title='bbox 1566 2593 1678 2628; x_wconf 87' lang='lat' dir='ltr'>modis</span> 
     </span>
     <span class='ocr_line' id='line_1_39' title="bbox 205 2634 1676 2686; baseline 0.005 -19"><span class='ocrx_word' id='word_1_378' title='bbox 205 2634 407 2670; x_wconf 84' lang='lat' dir='ltr'>interficere</span> <span class='ocrx_word' id='word_1_379' title='bbox 428 2648 681 2682; x_wconf 85' lang='lat' dir='ltr'>saepenumero</span> <span class='ocrx_word' id='word_1_380' title='bbox 705 2636 864 2683; x_wconf 82' lang='lat' dir='ltr'>aggressi</span> <span class='ocrx_word' id='word_1_381' title='bbox 889 2638 1006 2674; x_wconf 65' lang='lat' dir='ltr'>estis?</span> <span class='ocrx_word' id='word_1_382' title='bbox 1053 2651 1168 2674; x_wconf 89' lang='lat' dir='ltr'>nonne</span> <span class='ocrx_word' id='word_1_383' title='bbox 1198 2639 1299 2674; x_wconf 86' lang='lat' dir='ltr'>deum</span> <span class='ocrx_word' id='word_1_384' title='bbox 1325 2639 1441 2686; x_wconf 86' lang='lat' dir='ltr'>impiis</span> <span class='ocrx_word' id='word_1_385' title='bbox 1466 2641 1571 2676; x_wconf 85' lang='lat' dir='ltr'>dictis</span> <span class='ocrx_word' id='word_1_386' title='bbox 1592 2640 1676 2674; x_wconf 88' lang='lat' dir='ltr'>irri-</span> 
     </span>
     <span class='ocr_line' id='line_1_40' title="bbox 208 2680 1676 2730; baseline 0.005 -17"><span class='ocrx_word' id='word_1_387' title='bbox 208 2680 339 2715; x_wconf 69' lang='lat' dir='ltr'>tastis?</span> <span class='ocrx_word' id='word_1_388' title='bbox 386 2694 502 2717; x_wconf 87' lang='lat' dir='ltr'>nonne</span> <span class='ocrx_word' id='word_1_389' title='bbox 528 2683 766 2730; x_wconf 83' lang='lat' dir='ltr'>Beelphegori</span> <span class='ocrx_word' id='word_1_390' title='bbox 788 2682 921 2718; x_wconf 82' lang='lat' dir='ltr'>initiati</span> <span class='ocrx_word' id='word_1_391' title='bbox 948 2684 1062 2721; x_wconf 64' lang='lat' dir='ltr'>estis?</span> <span class='ocrx_word' id='word_1_392' title='bbox 1109 2697 1225 2720; x_wconf 87' lang='lat' dir='ltr'>nonne</span> <span class='ocrx_word' id='word_1_393' title='bbox 1248 2685 1339 2720; x_wconf 91' lang='lat' dir='ltr'>filios</span> <span class='ocrx_word' id='word_1_394' title='bbox 1363 2692 1401 2721; x_wconf 87' lang='lat' dir='ltr'>et</span> <span class='ocrx_word' id='word_1_395' title='bbox 1422 2687 1512 2722; x_wconf 82' lang='lat' dir='ltr'>filias</span> <span class='ocrx_word' id='word_1_396' title='bbox 1537 2692 1676 2721; x_wconf 83' lang='lat' dir='ltr'>vestras</span> 
     </span>
     <span class='ocr_line' id='line_1_41' title="bbox 206 2726 1676 2768; baseline 0.005 -9"><span class='ocrx_word' id='word_1_397' title='bbox 206 2726 433 2762; x_wconf 83' lang='lat' dir='ltr'>daemonibus</span> <span class='ocrx_word' id='word_1_398' title='bbox 473 2729 676 2765; x_wconf 84' lang='lat' dir='ltr'>immolastis</span> <span class='ocrx_word' id='word_1_399' title='bbox 688 2733 708 2765; x_wconf 66' lang='grc' dir='ltr'>’ἐ</span> <span class='ocrx_word' id='word_1_400' title='bbox 755 2742 870 2765; x_wconf 83' lang='lat' dir='ltr'>nonne</span> <span class='ocrx_word' id='word_1_401' title='bbox 901 2730 1035 2766; x_wconf 83' lang='lat' dir='ltr'>alienos</span> <span class='ocrx_word' id='word_1_402' title='bbox 1067 2733 1154 2767; x_wconf 85' lang='lat' dir='ltr'>deos</span> <span class='ocrx_word' id='word_1_403' title='bbox 1185 2731 1372 2767; x_wconf 71' lang='lat' dir='ltr'>coluistis?</span> <span class='ocrx_word' id='word_1_404' title='bbox 1419 2745 1536 2768; x_wconf 82' lang='lat' dir='ltr'>nonne</span> <span class='ocrx_word' id='word_1_405' title='bbox 1574 2744 1676 2766; x_wconf 89' lang='lat' dir='ltr'>omne</span> 
     </span>
     <span class='ocr_line' id='line_1_42' title="bbox 208 2772 1678 2825; baseline 0.003 -18"><span class='ocrx_word' id='word_1_406' title='bbox 208 2772 420 2817; x_wconf 78' lang='lat' dir='ltr'>flagitiorum</span> <span class='ocrx_word' id='word_1_407' title='bbox 446 2786 486 2809; x_wconf 89' lang='lat' dir='ltr'>ac</span> <span class='ocrx_word' id='word_1_408' title='bbox 512 2776 665 2811; x_wconf 83' lang='lat' dir='ltr'>malitiae</span> <span class='ocrx_word' id='word_1_409' title='bbox 694 2788 805 2822; x_wconf 87' lang='lat' dir='ltr'>genus</span> <span class='ocrx_word' id='word_1_410' title='bbox 829 2777 1066 2812; x_wconf 68' lang='lat' dir='ltr'>exercuistis?</span> <span class='ocrx_word' id='word_1_411' title='bbox 1113 2777 1175 2824; x_wconf 91' lang='lat' dir='ltr'>qui</span> <span class='ocrx_word' id='word_1_412' title='bbox 1197 2779 1238 2813; x_wconf 81' lang='lat' dir='ltr'>fit</span> <span class='ocrx_word' id='word_1_413' title='bbox 1261 2790 1345 2823; x_wconf 86' lang='lat' dir='ltr'>ergo</span> <span class='ocrx_word' id='word_1_414' title='bbox 1369 2781 1462 2825; x_wconf 85' lang='lat' dir='ltr'>quod</span> <span class='ocrx_word' id='word_1_415' title='bbox 1485 2786 1570 2814; x_wconf 86' lang='lat' dir='ltr'>tunc</span> <span class='ocrx_word' id='word_1_416' title='bbox 1591 2779 1678 2812; x_wconf 91' lang='lat' dir='ltr'>deus</span> 
     </span>
     <span class='ocr_line' id='line_1_43' title="bbox 209 2823 1675 2871; baseline 0.005 -20"><span class='ocrx_word' id='word_1_417' title='bbox 209 2830 274 2852; x_wconf 83' lang='lat' dir='ltr'>vos</span> <span class='ocrx_word' id='word_1_418' title='bbox 306 2830 375 2852; x_wconf 87' lang='lat' dir='ltr'>non</span> <span class='ocrx_word' id='word_1_419' title='bbox 410 2827 464 2854; x_wconf 82' lang='lat' dir='ltr'>est</span> <span class='ocrx_word' id='word_1_420' title='bbox 495 2828 699 2868; x_wconf 80' lang='lat' dir='ltr'>aversatus,</span> <span class='ocrx_word' id='word_1_421' title='bbox 734 2824 798 2858; x_wconf 86' lang='lat' dir='ltr'>sed</span> <span class='ocrx_word' id='word_1_422' title='bbox 820 2829 902 2868; x_wconf 83' lang='lat' dir='ltr'>post</span> <span class='ocrx_word' id='word_1_423' title='bbox 921 2823 1143 2859; x_wconf 77' lang='lat' dir='ltr'>infanticidia</span> <span class='ocrx_word' id='word_1_424' title='bbox 1164 2830 1301 2869; x_wconf 80' lang='lat' dir='ltr'>vestra,</span> <span class='ocrx_word' id='word_1_425' title='bbox 1337 2832 1419 2871; x_wconf 89' lang='lat' dir='ltr'>post</span> <span class='ocrx_word' id='word_1_426' title='bbox 1442 2825 1568 2871; x_wconf 85' lang='lat' dir='ltr'>impios</span> <span class='ocrx_word' id='word_1_427' title='bbox 1589 2826 1675 2859; x_wconf 87' lang='lat' dir='ltr'>dea—</span> 
     </span>
     <span class='ocr_line' id='line_1_44' title="bbox 211 2866 1676 2916; baseline 0.005 -16"><span class='ocrx_word' id='word_1_428' title='bbox 211 2870 362 2900; x_wconf 83' lang='lat' dir='ltr'>strorum</span> <span class='ocrx_word' id='word_1_429' title='bbox 385 2866 513 2913; x_wconf 80' lang='lat' dir='ltr'>cultus,</span> <span class='ocrx_word' id='word_1_430' title='bbox 538 2875 619 2916; x_wconf 83' lang='lat' dir='ltr'>post</span> <span class='ocrx_word' id='word_1_431' title='bbox 642 2875 829 2906; x_wconf 80' lang='lat' dir='ltr'>extremam</span> <span class='ocrx_word' id='word_1_432' title='bbox 849 2869 1134 2916; x_wconf 84' lang='lat' dir='ltr'>ingratitudinem</span> <span class='ocrx_word' id='word_1_433' title='bbox 1155 2882 1232 2906; x_wconf 88' lang='lat' dir='ltr'>cum</span> <span class='ocrx_word' id='word_1_434' title='bbox 1251 2876 1354 2907; x_wconf 78' lang='lat' dir='ltr'>vates</span> <span class='ocrx_word' id='word_1_435' title='bbox 1374 2872 1478 2908; x_wconf 84' lang='lat' dir='ltr'>vobis</span> <span class='ocrx_word' id='word_1_436' title='bbox 1495 2871 1591 2907; x_wconf 83' lang='lat' dir='ltr'>misit</span> <span class='ocrx_word' id='word_1_437' title='bbox 1612 2883 1676 2906; x_wconf 85' lang='lat' dir='ltr'>va-</span> 
     </span>
    </p>
   </div>
  </div>
 </body>
</html>
