1676 3138
77 815 740 896 GUILIELMI
845 816 1014 888 XY
1052 813 1408 924 [ΛΝΒ
1443 813 1567 883 1³21

593 945 1064 999 AUGUSTANI

162 1063 237 1115 IN
273 1063 568 1116 GEORGII
599 1061 901 1116 CEDRENI
940 1057 1254 1113 ANNALES
1293 1056 1472 1108 SUOS

677 1177 967 1215 PRAEFATIO

242 1269 306 1306 AD
345 1271 657 1309 MAGNIFICOS
695 1271 768 1307 ET
809 1267 1116 1306 GENERosos
1158 1265 1387 1303 DOMINOS

77 1366 134 1413 D.
151 1368 395 1418 MARCUM
416 1371 491 1414 ET
514 1371 570 1414 D.
587 1370 849 1414 ῙΟΔΝΝΕΜ
870 1367 1193 1421 FUGGEROS,
1216 1363 1453 1409 ANTONH
1477 1365 1563 1409 FF.

123 1464 357 1502 FRATRES
370 1466 666 1512 GERMANOS,
693 1464 1006 1502 KIRCHBERGI
1026 1463 1099 1500 ΕΤ
1122 1464 1517 1500 WEISSENHORNI

623 1536 851 1572 DOMINOS
884 1546 974 1573 amc.
987 1560 999 1579 ,
1035 1585 1038 1587 Ι

192 1602 495 1642 OPTIMARUM
515 1604 814 1644 LITERARUM
825 1602 1066 1640 ALUMNOS
1085 1601 1438 1641 GRATISSIMOS.

83 1871 274 1951 Georgii
306 1894 470 1940 Cedreni
494 1894 679 1946 Annales,
710 1895 771 1954 qui
806 1892 981 1952 auspiciis
1011 1908 1056 1936 ac
1084 1892 1261 1950 impensis
1292 1893 1448 1944 vestris,
1480 1893 1564 1938 Viri

78 1963 318 2020 amplissimi,
362 1980 386 2006 a
416 1980 478 2008 me
506 1980 580 2007 non
614 1966 695 2008 sine
728 1965 875 2022 magnis
901 1964 1088 2007 aerumnis
1127 1964 1166 2006 in
1193 1963 1364 2005 Latinam
1396 1964 1563 2021 linguam

80 2034 252 2076 conversi
273 2035 311 2075 in
328 2033 514 2091 publicum
532 2034 648 2076 hodie
668 2042 823 2083 exeunt,
853 2047 923 2090 pro
938 2048 1045 2075 more
1066 2033 1300 2075 dedicaturus
1321 2033 1382 2075 diu
1398 2033 1560 2075 multum-

78 2117 152 2158 que
187 2103 351 2161 cogitavi
381 2118 539 2160 quanam
566 2103 614 2144 de
644 2118 687 2146 re
706 2103 934 2160 potissimum
954 2102 1052 2159 apud
1082 2117 1149 2144 vos
1182 2101 1420 2143 dissererem.
1480 2102 1564 2143 sive

78 2171 178 2212 enim
205 2170 387 2214 historiae
417 2171 592 2213 utilitates
620 2173 866 2229 explicandae
896 2180 1040 2221 essent,
1078 2185 1150 2227 quo
1181 2169 1244 2212 hic
1266 2169 1365 2211 liber
1393 2169 1564 2225 prodiret

80 2240 370 2283 commendatior
403 2247 511 2297 atque
545 2242 713 2297 gratior,
743 2241 964 2298 iampridem
998 2241 1036 2283 id
1064 2239 1294 2297 propositum
1325 2238 1376 2279 ita
1407 2238 1563 2294 copiose

79 2315 284 2364 ornateque
312 2324 444 2352 noram
469 2325 492 2350 a
512 2311 659 2352 summis
688 2311 781 2353 viris
800 2319 1011 2360 tractatum,
1043 2317 1081 2351 ut
1101 2309 1195 2350 eitra
1222 2307 1464 2363 arrogantiae
1486 2308 1559 2350 cri-

78 2390 164 2418 men
183 2391 256 2418 non
274 2391 424 2433 possem
444 2379 572 2421 conari
592 2380 661 2421 ista
675 2379 738 2421 vel
758 2379 987 2436 amplificare
1015 2377 1078 2420 vel
1099 2378 1210 2419 etiam
1229 2375 1429 2419 inculeare.
1478 2376 1562 2418 sive

78 2447 117 2490 in
137 2446 272 2488 vestris
290 2446 457 2489 laudibus
483 2448 745 2504 praedicandis
773 2449 987 2506 occupanda
1015 2449 1158 2496 oratio,
1188 2445 1237 2487 ad
1268 2460 1358 2501 quas
1388 2444 1561 2502 profecto

79 2515 314 2558 illustrandas
346 2517 610 2574 augendasque
647 2518 746 2561 haec
775 2518 941 2561 Cedreni
968 2517 1094 2560 versio
1126 2516 1316 2572 editioque
1349 2516 1561 2558 conducere

79 2584 215 2634 debet,
252 2584 340 2641 quid
374 2585 420 2626 iis
453 2587 658 2629 ornamenti
686 2595 834 2643 poterat
861 2602 946 2630 mea
965 2585 1139 2628 conferre
1160 2584 1343 2627 infantia?
1383 2592 1444 2626 aut
1469 2598 1558 2640 quo-

77 2652 310 2709 tusquisque,
342 2661 378 2694 ut
397 2669 492 2695 nune
518 2663 598 2696 sunt
616 2670 742 2699 mores
764 2655 975 2705 hominum,
1004 2669 1078 2696 non
1107 2654 1228 2711 potius
1252 2653 1475 2695 assentando
1499 2662 1561 2694 me

78 2735 206 2762 munus
224 2729 378 2777 captare
398 2737 504 2779 quam
524 2724 624 2780 grati
653 2725 766 2767 animi
790 2722 1099 2781 significationem
1124 2725 1222 2766 raris
1242 2723 1410 2766 virtutum
1432 2737 1558 2764 exem-

78 2789 152 2845 plis
175 2789 469 2832 demonstrandis
489 2793 860 2849 commendandisque
893 2792 1010 2835 edere
1038 2800 1119 2836 erat
1148 2791 1399 2835 iudicaturus?
1435 2792 1559 2844 itaque

77 2857 209 2901 horum
237 2872 314 2915 ego
347 2867 538 2916 utrumque
563 2861 726 2917 prudens
756 2862 951 2918 sciensque
979 2862 1109 2913 omisi,
1142 2862 1363 2919 praesertim
1395 2876 1475 2903 cum
1496 2873 1557 2902 re·
