1742 3184
177 154 278 201 392
659 155 900 202 GEORGII
927 151 1175 202 CEDRENI

175 272 251 323 τὰς
273 269 430 330 σάρκας
449 275 525 316 τοῧ
545 272 715 329 πλησίον
738 270 880 315 αὐτοῦ.
948 273 1017 316 καὶ
1039 269 1146 318 οὕτω
1163 273 1337 329 μισητὸν
1359 273 1428 317 καὶ
1441 274 1657 333 διεφθαρ-

175 342 297 397 με’νον
326 344 394 385 καὶ
426 343 482 394 εἷς
511 340 620 386 ἅπαν
646 341 935 398 ἔβὸελυγμένον
957 342 1027 385 διὰ
1045 346 1127 386 τῶν
1148 345 1366 398 αἰσχίστων
1385 345 1455 386 ’καὶ
1479 347 1657 388 θεοστυ-

145 405 149 411 ’
175 416 258 468 γῶν
286 408 615 468 ἐπιτηδευμάτων
635 410 780 455 ἑαυτὸν
798 409 1021 471 ἀποφήναςΙ
1035 410 1199 463 εἰκότως
1217 408 1260 457 εὖ
1277 410 1392 468 μάλα
1414 415 1579 464 δικαίαις
1601 416 1658 465 εἷς

174 482 288 532 τέλος
305 479 546 537 κατεβλήθη
569 483 636 524 καὶ
656 481 908 540 ἀπελείφθη,
944 482 1096 533 καθὼς,
1106 479 1230 525 πάλιν
1251 481 1272 526 ὃ
1293 486 1408 534 θεῖος
1429 484 1658 538 Μαλαχίας

177 553 300 608 φησίν
328 550 497 595 “theffer
517 549 715 609 Ἰσραήλ,
751 553 820 594 καὶ
848 551 896 594 οὗ
927 551 987 608 μὴ
1018 542 1249 610 προσθήσει
1277 557 1351 596 τοῦ
1382 552 1690 609 ἆναστῆναι.”5

121 628 153 663 D
179 620 286 664 οὕτω
317 622 386 664 καὶ
415 618 436 663 ὃ
464 620 645 671 Ἠσαΐας
670 619 818 678 φάσκει
839 619 931 672 (ετίς
953 623 1133 680 φείσεται
1153 622 1218 665 ἐπὶ
1238 622 1304 665 σοὶ
1325 620 1523 679 Ἰσραήλ,
1549 621 1577 679 ἢ
1598 623 1658 674 τίς

174 690 412 746 ἀνακάμψει
442 707 487 734 σε
517 692 574 741 εἷς
604 689 764 748 εἰρήνην
774 710 790 747 ,·
834 691 938 748 λε’γει
965 690 1118 750 κύριος.
1187 691 1316 736 ὀπίσω
1347 691 1554 750 πορεύσῃ,
1589 694 1659 735 καὶ

174 761 319 803 ἐκτενῶ
351 760 426 815 τὴν
451 758 573 818 χεῖρά
600 774 706 816 μου,
741 762 810 804 καὶ
833 763 1054 819 διαφθερῶ
1072 778 1138 814 σε,
1168 763 1236 805 καὶ
1259 763 1466 820 διασπερῶ
1485 779 1553 818 σε,
1590 764 1658 805 καὶ

175 830 308 872 οὐκέτι
341 828 479 885 ἀνήσω
508 847 567 873 σε.
634 833 703 874 καὶ
733 831 825 875 ἰδοὺ
856 831 933 888 ἐγὼ
967 829 1166 886 λαμβάνω
1196 833 1264 875 καὶ
1293 829 1434 890 ῥάσσω
1456 830 1566 886 ὑμᾶς
1588 833 1657 874 καὶ

174 899 248 954 τὴν
274 896 392 943 πόλιν
411 898 462 955 ἢν
485 897 619 943 ἔδωκα
643 899 764 956 ὑμῖν,
799 902 867 943 καὶ
893 898 1014 944 δώσω
1034 899 1132 956 ὑμῖν
1152 900 1382 956 ὀνειδισμὸν
1404 899 1568 945 αἰώνιον
1589 903 1657 945 καὶ
1669 909 1714 945 10

174 969 339 1023 ἀτιμίαν
368 967 553 1023 αἲώνιον,
583 969 673 1026 ἥτις
702 971 776 1014 οὐκ
806 969 1172 1027 ἓπιλησθήσεται.”
1243 975 1317 1027 τῆς
1332 971 1468 1014 τοίνυν
1485 969 1659 1031 ἐσχάτης

173 1036 364 1089 ἁλώσεως
389 1037 541 1094 ταύτης
570 1041 638 1082 καὶ
666 1041 899 1092 τελευταίας
923 1041 977 1085 τὰ
1007 1041 1118 1084 δεινὰ
1148 1041 1216 1083 καὶ
1245 1041 1406 1099 φοβερὰ
1433 1043 1658 1098 προδιαγο-

174 1106 356 1165 ρεῦοντες
376 1108 399 1151 ὅ
417 1126 459 1152 τε
475 1109 602 1165 με’γας
621 1112 690 1152 καὶ
706 1109 956 1169 θεορρήμων
972 1109 1095 1154 πάλιν
1110 1113 1304 1166 Μωϋσῆς
1324 1112 1393 1153 καὶ
1411 1111 1450 1153 οἳ
1465 1111 1559 1165 μετ’
1572 1111 1658 1154 ἀὖ-

172 1177 243 1220 τὸν
279 1176 476 1235 θεηγόροι
511 1178 706 1235 Ἰεζεκιὴλ
741 1182 808 1222 καὶ
836 1179 1061 1238 Ἱερεμίας,
1095 1181 1259 1237 εὐκρινῆ
1283 1181 1374 1235 λίαν
1399 1181 1467 1224 καὶ
1491 1179 1658 1239 σφόδρα

174 1250 283 1302 δῆλα
313 1254 399 1298 τοῖς
427 1253 528 1292 πᾶσι
558 1251 625 1291 καὶ
655 1256 741 1300 τοῖς
771 1249 875 1306 ἄγαν
905 1248 1088 1302 ἰδιώταις
1111 1250 1217 1294 αὐτὰ
1238 1251 1465 1307 πεποίηται.
1534 1249 1555 1294 ὃ
1582 1252 1714 1305 μὲν15

171 1316 250 1378 γὰρ
275 1319 467 1373 Μωῦσῆς
492 1319 535 1361 ἒν
560 1323 619 1377 τῷ
634 1319 943 1378 Δευτερονομίῳ
974 1322 1080 1379 φησί
1095 1318 1196 1362 ι(καὶ
1223 1317 1360 1371 ἐπάξει
1387 1319 1529 1378 κύριος
1555 1318 1657 1376 ἔθνη

29 1392 57 1426 P
80 1394 151 1429 224
175 1388 243 1429 ae'm'
255 1404 306 1430 ’σε
325 1386 562 1445 μακρόθεν,
595 1389 669 1431 ἀπ’
695 1388 870 1445 ἐσχάτου
890 1393 966 1445 τῆς
984 1395 1080 1446 γῆς,
1108 1387 1203 1432 ὡσεὶ
1222 1388 1390 1446 ὅρμημα
1410 1390 1554 1442 ἀετοῦ,
1585 1393 1655 1437 καὶ

172 1455 300 1508 ἔθνος
326 1457 491 1509 ἀναιδὲς
521 1456 751 1516 προσώπῳ,
787 1461 856 1501 καὶ
885 1460 1068 1516 ε’κτρίψει
1091 1475 1136 1502 σε
1160 1459 1201 1500 ἓν
1221 1457 1375 1509 πάσαις
1403 1465 1492 1509 ταῖς
1517 1459 1662 1503 πόλεσί

172 1543 274 1579 σου,
312 1527 387 1577 ἕως
407 1525 459 1569 ἂν
480 1532 774 1583 καθαιρεθιῦσι
792 1528 845 1571 τὰ
866 1529 976 1583 τείχη
1000 1545 1075 1572 σου
1097 1528 1150 1571 τὰ
1170 1526 1315 1583 ὑψηλὰ
1335 1529 1403 1570 καὶ
1426 1527 1579 1585 ὀχυρά,
1614 1530 1658 1572 ἐν

172 1593 235 1646 οἷς
256 1593 307 1639 σὺ
329 1597 532 1648 πέποιθας
552 1597 620 1640 ἐπ’
645 1598 798 1648 αὐτοῖς.
845 1599 915 1640 καὶ
935 1595 1048 1655 φάγῃ
1068 1597 1119 1640 τὰ
1142 1595 1286 1654 ἔγγονα
1301 1601 1374 1652 τῆς
1389 1599 1543 1650 κοιλίας
1564 1616 1654 1652 σου,
1667 1610 1714 1646 20

171 1664 273 1722 κρέα
303 1665 405 1708 υἱῶν
437 1668 504 1708 καὶ
538 1667 779 1724 θυγατέρων
813 1684 911 1718 σου,
948 1667 1018 1709 διὰ
1047 1666 1093 1709 τὸ
1120 1666 1179 1721 μὴ
1210 1670 1532 1726 καταλελεῖφθαι
1559 1667 1656 1724 ὗμῖν

170 1735 300 1790 μηδὲν
321 1734 363 1777 ἒν
383 1739 435 1792 τῇ
454 1737 703 1796 στενοχωρία
726 1738 793 1778 καὶ
814 1738 984 1792 θλίψει,
1020 1730 1047 1794 ᾗ
1069 1734 1119 1779 ἄν
1140 1737 1277 1794 θλίψῃ
1297 1753 1341 1779 σε
1357 1734 1383 1779 ὁ
1405 1736 1557 1796 ἐχθρός
1579 1754 1660 1783 σου

171 1805 215 1847 ἓν
239 1803 392 1855 πάσαις
413 1811 503 1855 ταῖς
524 1804 668 1849 πόλεσί
688 1823 779 1849 σου.
847 1808 914 1849 καὶ
941 1804 967 1862 ἦ
992 1804 1129 1861 ἁπαλὴ
1151 1807 1192 1849 ἓν
1213 1804 1310 1860 ὑμῖν
1333 1808 1402 1848 καὶ
1422 1805 1449 1862 ἦ
1469 1809 1657 1867 τρυφερὰ

171 1874 272 1930 γυνὴ
306 1874 354 1917 τὸ
383 1874 552 1927 ἐξελθὸν
585 1876 656 1918 διὰ
683 1879 765 1919 τῶν
794 1880 939 1934 μηριῦν
968 1876 1096 1932 αὐτῆς
1124 1878 1192 1918 καὶ
1214 1876 1261 1919 τὸ
1285 1876 1421 1920 τέκνον
1442 1875 1463 1919 ὃ
1488 1877 1538 1920 ἂν
1559 1879 1655 1937 τέκῃ

170 1983 418 2029 proximi’sui.
464 1984 518 2020 ita
543 1996 629 2031 ergo
653 1989 861 2033 corruptus,
898 1986 1184 2033 turpissimisque
1219 1991 1255 2023 et
1288 1986 1407 2034 impiis
1439 1987 1567 2024 studiis
1593 2001 1658 2025 ex-

169 2035 282 2065 treme
304 2031 459 2077 pollutus
483 2044 505 2067 a
528 2045 568 2068 se
590 2032 670 2079 ipso
695 2039 733 2068 et
753 2035 820 2068 deo
846 2033 982 2069 invisus
1010 2035 1170 2070 redditus
1199 2035 1350 2082 populus
1376 2035 1503 2069 merito
1533 2041 1570 2071 et
1598 2036 1656 2072 iu-

170 2077 327 2112 stissime
350 2079 494 2114 tandem
512 2080 671 2115 abiectus
693 2086 800 2126 atque
819 2081 981 2116 desertus
1003 2087 1071 2117 est.
1120 2082 1213 2117 sicut
1232 2094 1371 2116 rursum
1390 2081 1584 2118 Malachias
1606 2084 1659 2119 ait

170 2119 326 2159 “cecidit
345 2125 521 2170 Israelus,
550 2138 665 2173 neque
688 2127 838 2173 posthac
861 2126 1062 2174 resurget.''
1109 2133 1145 2163 et
1165 2129 1297 2164 Esaias
1318 2125 1423 2174 “quis
1438 2129 1506 2164 tibi
1520 2136 1657 2177 parcet,

168 2170 323 2217 Israele,
359 2177 422 2207 aut
447 2173 528 2219 quis
554 2179 591 2209 te
617 2173 657 2208 in
679 2186 801 2220 pacem
823 2177 1002 2221 reponat?
1036 2175 1154 2221 inquit
1182 2176 1357 2212 dominus.
1401 2181 1499 2210 retro
1525 2177 1656 2223 abibis,

171 2229 309 2263 egoque
332 2230 437 2254 manu
461 2232 538 2255 mea
560 2226 704 2256 extenta
726 2222 871 2268 perdam
896 2227 933 2256 te
956 2235 997 2257 ac
1016 2222 1197 2269 dissipabo
1222 2228 1280 2268 te,
1312 2233 1428 2268 neque
1451 2227 1488 2258 te
1511 2224 1654 2259 missum

169 2264 311 2299 faciam.
360 2278 443 2301 ecce
467 2279 534 2313 ego
560 2280 625 2303 vos
648 2268 817 2315 arripiam
841 2281 884 2304 ac
907 2269 1143 2315 disrumpam,
1167 2271 1358 2315 urbemque
1375 2274 1530 2305 vestram
1551 2282 1655 2316 quam

169 2311 275 2346 vobis
307 2312 412 2356 dedi;
449 2317 485 2349 et
510 2326 683 2361 exponam
706 2324 771 2351 vus
793 2316 1007 2362 ignominiae
1039 2323 1207 2352 aeternae
1235 2329 1277 2352 ac
1307 2315 1499 2362 opprobrio
1524 2319 1654 2364 sempiss

170 2361 296 2401 terno,
331 2360 429 2396 cuius
461 2362 630 2396 memoria
662 2374 838 2408 nunquam
870 2360 1088 2398 aboleatur.”
1134 2364 1315 2399 enimvero
1339 2369 1539 2399 extremum
1568 2365 1659 2401 illud

173 2405 347 2440 excidium
379 2407 527 2453 eiusque
558 2408 735 2445 horrenda
765 2409 871 2455 mala,
908 2422 985 2445 cum
1010 2422 1156 2455 magnus
1179 2410 1239 2446 ille
1263 2423 1302 2445 os
1326 2410 1386 2445 dei
1408 2410 1548 2457 Moses,
1568 2417 1654 2447 tum

172 2457 255 2496 post
278 2463 356 2487 eum
380 2453 594 2490 Ezechielus
616 2454 850 2492 acleremias
871 2462 974 2493 vates
995 2457 1129 2504 divini,
1152 2458 1206 2493 ita
1229 2457 1500 2504 praedixerunt,
1533 2462 1574 2493 ut
1597 2459 1655 2493 fa-

173 2497 241 2531 cile
276 2499 458 2536 admodum
493 2502 665 2549 quilibet,
707 2505 930 2550 quantumvis
964 2504 1084 2550 rudis,
1125 2516 1168 2539 ea
1199 2505 1243 2540 de
1274 2517 1316 2539 re
1343 2504 1510 2539 iudicium
1534 2506 1656 2541 facere

171 2544 298 2589 possit.
347 2546 461 2583 Mosis
483 2548 570 2584 haec
595 2555 678 2585 sunt
701 2552 814 2586 verba
835 2551 875 2585 in'
895 2551 1111 2598 repetitione
1134 2551 1223 2597 legis
1249 2552 1373 2596 (Deut.
1397 2553 1459 2597 28)
1480 2547 1656 2588 “adducet

173 2591 333 2644 dominus
358 2599 482 2630 contra
503 2600 541 2631 te
564 2597 725 2632 nationes
747 2598 792 2632 de
814 2598 1026 2644 longinquo,
1062 2600 1106 2634 ab
1142 2598 1310 2633 extremis
1338 2602 1458 2633 terrae
1481 2599 1656 2646 partibus,

172 2642 306 2681 impetu
331 2641 506 2688 aquilino,
540 2650 681 2688 gentem
707 2644 944 2691 impudentem
973 2645 1081 2680 facie.
1130 2658 1173 2680 ea
1195 2645 1294 2680 teatin
1317 2645 1476 2680 omnibus
1497 2647 1568 2681 ttu's
1593 2658 1655 2680 ur—

174 2682 280 2737 bibus
308 2686 492 2723 obsidione
520 2691 682 2737 urgebit,
721 2692 834 2726 donec
865 2691 1077 2727 deiiciantur
1110 2691 1199 2727 muri
1229 2692 1282 2726 tui
1312 2692 1375 2726 alti
1401 2697 1508 2738 atque
1531 2693 1653 2737 validi,

173 2731 301 2773 qulbus
325 2737 363 2766 tu
387 2734 499 2770 fretus
525 2748 576 2771 es.
624 2739 801 2774 vorabunt
824 2738 940 2773 foetus
964 2739 1100 2774 ventris
1121 2739 1174 2773 tui
1194 2751 1319 2773 carnes
1336 2738 1487 2773 filiorum
1506 2743 1545 2774 et
1561 2739 1653 2773 filia-

173 2786 249 2809 rum
274 2781 431 2824 tuarum,
456 2787 496 2816 ut
517 2783 605 2818 nihil
629 2785 674 2819 de
697 2785 800 2820 vobis
824 2786 1000 2831 supersit,
1023 2798 1100 2821 cum
1124 2791 1161 2821 te
1183 2785 1322 2831 affliget
1344 2786 1509 2831 atque-in
1533 2791 1652 2820 extre-

174 2832 249 2856 mas
271 2825 452 2879 angustias
476 2831 662 2875 compellet
684 2832 798 2867 hostis
822 2844 889 2880 per
911 2845 1032 2867 omnes
1062 2839 1141 2868 tuas
1171 2834 1290 2867 urbes.
1337 2837 1463 2868 tenera
1489 2845 1531 2867 ac
1562 2832 1651 2867 deli-

174 2874 256 2904 cata
293 2870 419 2906 mulier
457 2874 502 2910 de
540 2878 646 2913 vobis
684 2880 818 2915 foetum
856 2879 912 2915 sui
946 2879 1038 2916 uteri
1047 2897 1062 2926 ,f
1096 2891 1196 2915 suum
1218 2879 1332 2927 ipsius
1358 2879 1655 2926 partummcculte
