1742 3184
367 151 767 199 HISTORIARUM
805 152 1200 202 GOMPENDIUM.
1419 151 1522 204 449

44 270 113 312 καὶ
139 269 358 327 Μακρῖνος
387 267 511 312 αὗτὸν
541 268 788 323 διαδέξεται,
836 270 905 312 καὶ
929 265 1075 320 ἔδειξεν
1096 267 1223 312 αὐτὸν
1249 273 1310 329 τῷ
1336 269 1522 330 δακτύλῳ
1583 266 1585 268 ’

42 343 284 396 παρεστῶτα
307 337 412 393 μετὰ
443 342 517 394 τῆς
547 337 789 395 συγκλήτου.
856 336 879 380 ὅ
909 338 953 380 δὲ
981 337 1061 380 ὑπὸ
1088 342 1230 393 θυμοῦ
1237 371 1253 392 ,
1289 343 1447 393 μᾶλλον
1475 342 1520 384 δὲ
1542 355 1571 391 Ρ
1590 357 1662 395 256

43 405 123 450 Ιὑπὸ
150 413 223 462 τῆς
253 404 378 462 τύχης
385 438 400 459 ,
446 407 495 451 οὗ
517 404 662 463 συνῆκε
682 407 729 450 τὸ
746 404 964 464 πρόσωπον
983 409 1226 465 Μακρίνου,
1267 407 1362 450 ἀλλ’
1388 410 1521 468 ἕτερον

41 476 114 519 τὸν
133 479 302 531 πλησίον
325 477 528 520 ἐκέλευσεν
548 475 873 532 ἀποκτανθῆναι.
943 474 965 519 ὃ
994 477 1037 519 δὲ
1053 479 1271 535 Μακρῖνος
1292 476 1520 522 ἐσπούδασε

9 545 112 589 5τὸν
128 543 362 587 Ἀντωνῖνον
380 549 728 602 προκαταλαβεῖν·
774 544 820 588 ὃν
848 544 928 587 ἀπὸ
958 549 1034 588 τοῦ
1052 547 1179 589 ἵππου
1199 545 1453 591 κατελθόντα
1478 549 1520 591 ἓν

41 615 214 672 κυνηγίῳ
236 615 292 664 εἷς
312 611 534 666 ἀπόπατον,
570 612 866 672 ἑκατόνταρχον
894 613 1134 666 ἀποστείλας
1161 619 1306 658 τοῦτον
1330 621 1389 675 τῷ
1413 618 1522 675 ξίφει

40 681 208 735 ἀνεῖλεν,
236 682 357 725 εῗπών
378 681 480 740 πρὸς
499 681 623 726 αὐτόν
641 681 730 734 “aig
753 684 803 726 σὺ
824 682 896 725 τὸν
916 683 1095 742 ἀδελφὸν
1115 684 1370 742 ἀπέσφαξας,
1391 685 1522 737 οὕτως

40 751 152 807 κάγὼ
174 750 263 795 σε’.”
308 752 370 794 ἐπὶ
391 751 538 795 τούτου
561 757 723 809 πρῶτος
743 752 958 803 ἐπίσκοπος
976 753 1147 809 κατέστη
1168 755 1391 806 Βυζαντίου
1414 757 1520 798 Φιλ-

41 818 241 878 άδελφος,
287 818 355 876 ἴτη
375 821 494 878 τρία·
541 820 682 881 πρῴην
701 822 780 879 γὰρ
807 824 1029 880 προΐστατο
1059 827 1133 878 τῆς
1154 823 1365 878 ἐκκλησίας
1388 823 1456 881 ἔτη
1478 823 1518 881 η’

0 887 313 947 ’.οπρεσβύτερός
335 905 411 940 τις.

177 958 304 1002 Μετὰ
331 958 564 1002 Ἀντωνῖνον
596 958 831 1013 ἐβασίλευσε
863 961 1102 1016 Μακρῖνος,
1159 957 1204 1010 ὃς
1236 954 1286 1015 ἧν
1320 960 1366 1004 τὸ
1406 962 1520 1018 γένος

39 1029 222 1085 Μαῦρος
251 1025 556 1083 Καππαδόκης,
601 1026 668 1084 ἴτη
701 1025 754 1083 η’.
824 1027 1074 1083 Εὖτυχιανὸς
1106 1027 1152 1069 δέ
1178 1045 1240 1079 τις
1265 1031 1521 1087 παραλαβὼν

38 1096 110 1140 τὸν
132 1096 294 1151 ’Λβῖτον
323 1094 381 1148 ὥς
406 1096 642 1140 Ἀντωνίνου
664 1097 754 1140 υἱὸν
772 1095 872 1140 ὄντα
896 1098 1076 1151 μοίχειον
1096 1098 1312 1154 περιέθηκε
1332 1098 1514 1155 διάδημα
1537 1107 1568 1142 Β

39 1167 107 1208 καὶ
139 1164 423 1224 αὐτοκράτορα
452 1164 695 1222 ἀνηγόρευσε
703 1198 718 1218 ,
754 1168 821 1208 καὶ
846 1166 944 1216 δοὺς
960 1167 1130 1222 χρυσίον
1148 1173 1231 1217 τοῖς
1250 1168 1520 1225 στρατιώταις

0 1242 28 1279 ,5
39 1234 208 1292 ἄντῆρε,
250 1236 319 1278 καὶ
351 1235 546 1289 συνέβαλε
578 1233 755 1289 πόλεμον
785 1234 889 1289 μετὰ
922 1236 1158 1290 Μακρίνου.
1225 1238 1294 1278 καὶ
1325 1234 1519 1293 ἡττηθεὶς

35 1306 257 1363 Μακρῖνος
276 1302 397 1362 ἔφυγε
417 1305 486 1346 καὶ
506 1302 722 1361 ἀπεσφάγη
742 1303 847 1358 μετὰ
867 1307 941 1346 τοῦ
958 1303 1050 1346 υἱοῦ
1069 1304 1210 1346 αὐτοῦ.

168 1373 347 1428 ’Λβῖτος
376 1372 468 1428 ἤτοι
503 1373 830 1423 Ψευδαντωνῖνος
866 1371 933 1426 (οἳ
964 1373 1008 1414 δὲ
1042 1371 1253 1430 Αὖρήλιον
1282 1371 1515 1418 Ἀντωνῖνον

30 1439 336 1498 εΗλιογάβαλον
353 1445 499 1485 τοῦτον
518 1441 722 1497 λέγουσιν)
749 1441 1005 1495 ἐβασίλευσεν
1031 1439 1099 1496 ἔτη
1125 1438 1162 1496 γ’
1187 1446 1321 1497 μῆνας
1342 1441 1388 1485 θ’
1413 1442 1516 1499 ἦμέ-

35 1528 112 1568 ρας
133 1509 184 1554 δ’.
254 1505 373 1561 οὗτος
398 1511 735 1568 περιτετμημένος
762 1505 814 1565 ἦν
843 1511 913 1552 καὶ
929 1511 1108 1566 χοιρείου
1132 1509 1178 1552 οὗ
1197 1509 1514 1566 μετελάμβανεν,

0 1578 116 1636 υεῖχε
146 1580 190 1623 δὲ
219 1581 288 1622 καὶ
313 1578 494 1631 εἴδωλον,
529 1578 628 1636 ὅπερ
655 1576 1195 1634 ὠνόμασενἹΙλιογάβαλον.
1261 1580 1516 1637 γυναικώδης

36 1651 80 1693 δὲ
101 1648 158 1693 ὢν
177 1652 371 1699 τοσοῦτος
387 1641 440 1703 ἦν
456 1647 560 1705 πρὸς
580 1648 627 1691 τὸ
646 1652 719 1703 τῆς
740 1648 950 1704 ἀσελγείας
975 1645 1115 1698 πάθος
1145 1648 1393 1702 διακείμενος
1409 1649 1511 1693 ὥστε
1535 1661 1566 1696 C

35 1723 104 1764 καὶ
121 1719 193 1762 τὸν
208 1717 407 1776 Ἱεροκλέα
427 1715 592 1772 ἔννομον
610 1717 738 1760 αὐτοῦ
758 1716 890 1774 ἄνδρα
908 1720 1090 1771 ποιῆσαι.
1121 1714 1177 1767 ὥς
1194 1716 1242 1759 δέ
1261 1734 1364 1774 φησι
1383 1719 1514 1772 Δίων,

35 1787 99 1832 ὅτι
113 1787 273 1844 ,Ἀβῖτος
289 1786 362 1831 τὸν
380 1786 522 1844 ἰατρὸν
541 1785 747 1842 ἠντιβόλει
769 1787 898 1844 διφυῆ
921 1784 1046 1829 αὐτὸν
1074 1784 1135 1829 δι’
1167 1785 1339 1843 ἓντομῆς
1359 1788 1515 1847 ἔμπρο-

31 1974 136 2011 quem
157 1962 264 1999 etiam
287 1974 364 1999 cum
387 1961 611 1999 senatoribus
635 1962 832 1999 adstantem
854 1961 966 2008 digito
992 1960 1260 1996 demonstravit.
1308 1962 1372 1998 sed
1398 1961 1512 1999 Anto-

32 2012 136 2047 ninus
159 2022 246 2056 prae
268 2009 336 2055 ira,
361 2013 421 2045 aut
440 2011 559 2056 potius
577 2010 742 2045 fortunae
761 2014 861 2054 nutu,
882 2008 1079 2044 Macrinum
1099 2019 1168 2042 non
1187 2009 1366 2053 cognovit,
1388 2009 1513 2044 alium-

31 2069 102 2103 que
134 2056 206 2102 ipsi
238 2055 432 2090 adstantem
458 2067 523 2102 pro
549 2067 591 2090 eo
624 2055 730 2091 iussit
757 2055 892 2091 necari.
938 2054 1119 2090 Macrinus
1140 2064 1227 2088 vero
1249 2066 1392 2100 operam
1414 2056 1514 2091 dedit

31 2109 73 2138 ut
95 2100 265 2138 Antonini
288 2105 449 2136 conatum
475 2105 738 2145 anteverteret3
776 2107 814 2137 et
845 2113 944 2146 eum,
982 2112 1058 2135 cum
1088 2100 1126 2133 in
1152 2100 1344 2134 venatione
1375 2101 1512 2136 ventris

32 2147 251 2185 exonerandi
273 2159 380 2183 causa
402 2147 447 2182 de
472 2159 564 2194 equo
587 2147 838 2193 descenderet,
872 2146 1026 2182 immisso
1050 2146 1255 2180 centurione
1278 2146 1430 2192 occidit,
1454 2147 1512 2181 di—

31 2201 137 2231 cente
159 2191 289 2229 “sicuti
308 2198 347 2228 tu
366 2193 524 2238 fratrem,
547 2194 601 2228 ita
623 2206 689 2239 ego
711 2199 750 2229 te
768 2191 894 2230 neco.”
940 2204 984 2228 eo
1005 2197 1165 2238 tempore
1188 2191 1319 2237 primus
1343 2193 1512 2238 Byzantii

32 2242 222 2289 episcopus
244 2239 455 2275 constitutus
481 2244 537 2274 est
555 2239 828 2286 Philadelphus,
862 2243 898 2275 et
920 2250 1030 2275 annos
1053 2239 1077 2273 3
1101 2237 1277 2285 praesuitt
1312 2243 1396 2274 ante
1419 2239 1511 2274 enim

30 2300 99 2336 per
121 2286 321 2323 octennium
342 2285 513 2320 ecclesiae
531 2286 688 2331 praefuit
703 2286 844 2333 quidam
864 2287 1069 2333 presbyter.

123 2355 302 2392 Antonino
325 2353 498 2389 successit
514 2353 708 2399 Macrinus,
730 2355 848 2402 patria
869 2355 1015 2390 Maurus
1038 2352 1245 2398 Cappadox,
1269 2355 1305 2387 et
1324 2351 1514 2399 imperavit

31 2414 144 2438 annos
173 2403 209 2438 8.
258 2400 399 2447 quidam
434 2411 521 2434 vero
553 2400 799 2446 Eutychianus
830 2401 974 2436 Avitum
1004 2404 1169 2444 tanquam
1200 2398 1370 2433 Antonini
1400 2399 1510 2436 filium

30 2449 264 2486 adulterinum
293 2446 467 2492 arripuit,
502 2457 650 2493 eumque
678 2447 876 2482 diademate
899 2450 1059 2481 ornatum
1081 2445 1329 2490 imperatorem
1351 2446 1508 2491 appella-

30 2495 110 2539 vit3
144 2506 187 2529 ac
216 2492 384 2529 militibus
419 2491 571 2538 pecunia
601 2493 796 2529 conciliatis
828 2504 981 2540 pugnam
1015 2502 1092 2526 cum
1120 2490 1281 2526 Macrino
1315 2492 1510 2529 conseruit.

30 2541 213 2577 Macrinus
235 2539 352 2575 victus
373 2538 411 2572 in
433 2539 520 2583 suga
544 2550 614 2574 una
635 2551 711 2574 cum
730 2540 804 2575 filio
828 2539 964 2575 occisus
984 2542 1053 2573 est.

122 2609 250 2644 Avitus
273 2608 352 2642 sive
371 2607 676 2642 Pseudantoninus
698 2609 828 2653 (falsus
850 2605 1086 2651 Antoninus),
1117 2615 1221 2651 quem
1242 2604 1306 2640 alii
1328 2604 1507 2642 Aurelium

29 2656 244 2692 Antoninum
265 2653 536 2699 Heliogabalum
559 2654 760 2700 nominant,
784 2653 949 2700 regnavit
973 2663 1083 2687 annos
1101 2652 1136 2696 3,
1157 2663 1294 2687 menses
1313 2653 1349 2697 9,
1374 2652 1450 2687 dies
1468 2653 1507 2688 4.

29 2703 102 2738 fuit
123 2701 155 2736 is
179 2700 423 2745 circumcisus,
457 2704 494 2734 et
543 2700 664 2735 orcina
686 2712 792 2737 carne
816 2713 886 2735 non
909 2700 1136 2741 vescebatur3
1169 2697 1388 2733 simulacrum
1411 2698 1508 2734 cole-

29 2750 94 2784 bat
115 2748 210 2794 quod
231 2747 436 2794 appellabat
463 2712 749 2791 Heliogabalum.
795 2748 884 2782 adeo
906 2745 976 2780 fuit
998 2743 1220 2779 effeminatus
1243 2749 1280 2780 et
1301 2743 1507 2781 libidinibus

30 2794 218 2830 obscoenis
241 2793 403 2838 deditus,
428 2796 469 2827 ut
487 2792 648 2827 Hierocli
671 2804 811 2839 quoque
843 2792 971 2828 liberto
995 2789 1168 2846 nupserit.
1216 2795 1253 2826 et
1275 2789 1327 2826 ait
1347 2790 1417 2825 Dio
1440 2803 1508 2838 po-

30 2840 181 2877 stulasse
203 2840 346 2876 Avitum
376 2850 399 2874 a
433 2838 569 2874 medico
600 2843 641 2875 ut
671 2851 712 2876 se
743 2846 847 2879 utero
870 2842 968 2876 secto
991 2842 1133 2885 utrique
1157 2837 1260 2872 sexui
1288 2840 1407 2886 aptum
1429 2842 1508 2874 arte

85 2894 220 2944 Geor-g.
252 2893 428 2932 cedrenus
454 2896 535 2930 tom.
566 2892 598 2929 1.
1171 2885 1227 2930 29
