1742 3184
359 196 758 242 HISTORIARUM
790 195 1184 242 GOMPENDIUM.
1420 194 1516 242 161

40 332 152 361 σασα
172 311 254 358 εἷπε
276 311 420 371 ,(’κῦριε
439 316 612 368 βασιλεῦ
621 321 636 365 ,
651 328 654 331 ’
667 308 834 367 ὤμοσάς
851 328 923 367 μοι
945 311 987 355 ἓν
1004 311 1131 369 κυρίῳ
1150 313 1242 369 θεῷ·
1259 326 1334 353 σου
1351 308 1413 354 ὅτι
1433 313 1517 355 Σο-

42 390 181 440 λομῶν
207 382 230 427 ὃ
257 381 345 434 υἱός
369 401 453 438 μου
479 380 712 438 βασιλεύσει
741 381 834 436 μετ’
866 381 950 436 ἐμέ.
1020 385 1088 424 καὶ
1122 380 1212 423 ἰδοὺ
1239 383 1311 422 νῦν
1323 379 1519 433 Ἀδωνίας

37 455 276 509 ,ἐβασίλευσε
288 485 302 505 ,
330 455 396 496 καὶ
416 453 467 497 σὺ
487 452 561 496 οὔκ
580 451 745 508 ἴγνως.”
817 456 946 495 ταῦτα
968 447 1149 501 ἀκούσας
1166 450 1306 504 Λαβίδ
1317 482 1330 501 ,
1366 450 1517 508 ἀθροί-

42 523 241 574 σαςτοὺς
267 521 484 580 προφήτας
510 523 578 565 καὶ
607 521 746 577 ἱερεῖς,
775 522 883 578 χριέι
907 523 1158 575 Σολομῶντα
1175 521 1244 562 καὶ
1266 521 1424 572 καθίζει
1445 520 1510 562 ἐπὶ
1533 523 1565 560 D

0 603 31 640 25
43 597 115 636 τοῦ
141 590 299 649 θρόνου
328 591 468 635 αὐτοῦ.
485 640 489 645 ,
535 588 773 650 ᾠκοδόμησε
803 591 847 633 δὲ
866 591 1008 644 Δαβὶδ
1027 590 1069 632 ἓν
1088 597 1177 640 ταῖς
1196 587 1368 646 ἡμέραις
1387 588 1517 633 αὐτοῦ

40 663 104 705 ἐπὶ
124 666 198 717 ,τῆς
215 659 729 718 ἀκρωρείας-Ἰερουσαλὴμ
748 658 823 715 τὴν
839 658 972 712 Σιών,
999 659 1149 715 σκηνὴν
1168 661 1210 702 ἓν
1232 658 1338 716 αὐτῇ
1354 662 1412 716 τῷ
1427 662 1516 718 θεῷ

40 730 291 787 πηξάμενος,
321 731 363 773 ἐν
382 724 410 788 ᾗ
429 730 503 786 τὴν
518 729 692 784 κιβωτὸν
711 730 902 773 ἀπέθετο.
958 729 1021 772 ἐπὶ
1041 727 1187 773 τούτου
1210 727 1311 786 παρ’
1326 726 1518 784 Ἕλλησιν

31 801 217 859 ’Όμηρος
239 801 306 843 καὶ
324 797 520 850 “Ησιόδος
541 800 812 857 ε’γνωρίζοντο.

179 895 254 951 Τῷ
283 892 329 935 δέ
356 889 456 950 ‘dvo'
482 890 558 934 ἴτει
587 893 786 946 Σολομῶν
805 891 1039 944 ἐβασίλευσε
1062 889 1315 944 δωδεκαετὴς
1335 886 1413 940 ὤν,
1447 888 1517 930 καὶ

0 971 32 1008 {o
40 968 184 1018 κρατεῖ
199 960 267 1017 ἔτη
287 958 346 1016 μ’.
416 958 494 1016 εἶχε
517 961 563 1003 δὲ·
582 967 775 1017 γυναῖκας
792 959 1098 1017 Ἰσραηλίτιδας
1120 960 1188 1001 καὶ
1206 957 1373 1008 ἐθνικὰς
1392 955 1517 999 ἕπτα-

39 1032 179 1082 κοσίας
196 1032 263 1073 καὶ
279 1031 492 1081 παλλακὰς
511 1031 759 1087 τριακοσίας.
830 1030 900 1072 ἵνα
924 1029 969 1071 δὲ
990 1027 1116 1083 μόνον
1139 1028 1290 1085 ἄρρενα
1313 1027 1403 1070 υἱὸν
1427 1025 1516 1082 ἴσχε

37 1101 109 1145 τὸν
131 1099 310 1155 Ῥοβοάμ
321 1133 334 1153 ,
362 1102 431 1143 καὶ
453 1104 598 1143 τοῦτον
621 1102 663 1151 ἐξ
685 1097 920 1157 ἀλλοφύλης
949 1096 1129 1151 Ναάβας
1152 1101 1226 1152 τῆς
1246 1097 1516 1152 Ἀμανίτιδος,

38 1169 203 1221 ἀνάξιον
239 1174 314 1226 τῆς
347 1169 491 1227 ἀρχῆς.
561 1169 686 1220 αὐτὸς
712 1169 782 1212 τὸν
805 1167 1083 1225 Ἰερουσαλὴμ
1114 1167 1213 1210 ναὸν
1240 1164 1514 1225 ᾠκοδόμησεν,

38 1237 142 1282 ἔνθα
169 1239 314 1295 Δαβὶδ
341 1237 362 1282 ὅ
389 1239 525 1295 πατὴρ
554 1239 679 1282 αὐτοῦ
709 1239 782 1294 τὴν
812 1238 921 1280 Σιὼν
952 1235 1149 1293 ἐπήξατο,
1185 1234 1410 1293 ἀρξάμενος
1435 1236 1515 1278 ἀπὸ

0 1309 29 1355 ζ5
41 1314 115 1353 τοῦ
139 1310 327 1366 δευτέρου
350 1309 464 1359 ἔτους
484 1311 556 1363 τῆς
578 1308 703 1351 αὐτοῦ
724 1309 946 1362 βασιλείας.
1017 1307 1059 1349 ἐν
1081 1306 1208 1349 ἔτεσιν
1231 1300 1303 1349 οὖν
1326 1304 1426 1349 ἔπτὰ
1448 1322 1516 1348 τε-

38 1383 145 1422 λειοΐ
169 1378 305 1422 αὐτόν.
374 1379 472 1421 εἰσὶν
498 1372 571 1421 οὖν
599 1377 679 1420 ἀπὸ
693 1377 827 1431 Ἀδὰμ
851 1377 925 1428 ἕως
948 1378 1130 1418 εἷκοστοῦ
1143 1374 1298 1433 χρόνου
1317 1379 1391 1430 τῆς
1414 1377 1518 1430 ζωῆς

37 1451 305 1503 Σολομῶντος
322 1446 390 1502 ἔτη
410 1445 525 1505 step!-
585 1441 703 1498 οὗτος
721 1444 742 1489 ὃ
761 1450 959 1501 Σολομῶν
978 1444 1165 1504 δεύτερος
1180 1444 1269 1495 υἱὸς
1283 1449 1356 1487 τοῦ
1374 1444 1519 1498 Δαβὶδ

36 1518 81 1560 ἐκ
96 1521 169 1573 τῆς
186 1516 402 1574 Βηρσαβεέ
414 1508 601 1572 ’γέγονεν’
631 1514 652 1558 ὃ
670 1516 750 1572 γὰρ
769 1520 943 1573 πρῶτος,
975 1513 997 1556 ὃ
1019 1513 1097 1556 ἀπὸ
1116 1514 1312 1570 μοιχείας,
1333 1514 1518 1569 τέθνηκε.

38 1588 109 1630 καὶ
125 1587 204 1644 γὰρ
226 1586 533 1644 ἀρρωστοῦντος
552 1585 679 1629 αὐτοῦ
696 1583 945 1628 ἕκακοπάθει
964 1584 1108 1638 Δαβὶδ
1128 1584 1170 1626 ἓν
1189 1584 1390 1645 ἀγρυπνία
1400 1615 1414 1635 ,
1449 1584 1517 1626 καὶ

0 1655 179 1715 ῖοσάκκῳ
203 1658 270 1698 καὶ
290 1655 431 1714 σποδῷ
451 1653 776 1711 προσευχόμενος
793 1659 852 1712 τῷ
866 1658 957 1713 θεῷ
975 1654 1037 1696 ἐπὶ
1058 1657 1116 1711 τῷ
1136 1655 1254 1709 ζῆσαι
1274 1653 1319 1695 τὸ
1341 1653 1518 1695 παιδίον.

36 1728 105 1769 καὶ
135 1725 248 1783 ῥῆμα
274 1725 435 1777 ἐξέθετο
464 1723 519 1776 ὥς
548 1725 589 1767 εἷ’
612 1742 673 1776 τις
695 1724 785 1782 εἷ’πῃ
808 1722 868 1767 ὅτι
891 1721 1164 1779 ἐτελεύτησεν,
1201 1722 1328 1773 εὐθὺς
1351 1722 1519 1764 ἀποθα-

35 1801 160 1839 ’νεῆαι
183 1793 320 1847 αὐτός.
387 1792 632 1851 τεθνηκότος
651 1795 696 1838 δὲ
714 1798 786 1838 τοῦ
806 1793 953 1845 παιδὸς
973 1794 1165 1848 εῗσῆλθον
1187 1792 1291 1850 πρὸς
1312 1792 1452 1847 Δαβὶὸ
1475 1790 1513 1834 οἱ

36 1950 205 1997 intravit,
237 1950 342 1998 eique
365 1950 514 1998 supplex
536 1950 590 1987 ita
611 1950 703 1986 dixit
722 1947 850 1986 “deum
870 1949 1047 1998 donxinum
1070 1953 1187 1995 tuum,
1221 1960 1241 1994 o
1262 1959 1344 1993 rex,
1375 1942 1516 1992 iurasti,

34 1998 74 2034 in
105 2010 216 2044 regno
246 1997 315 2034 tibi
349 1998 571 2032 Solomonem
601 1997 708 2034 filium
738 2009 850 2033 meum
880 2008 1135 2032 successurum.
1192 1995 1290 2041 atqui
1325 2006 1409 2029 ecce
1434 1992 1516 2039 tibi,

35 2057 128 2081 nunc
145 2044 301 2080 Adonias
324 2048 361 2079 te
380 2044 570 2090 ignorante
588 2055 732 2090 regnum
751 2041 929 2091 occepit.”
974 2044 1030 2078 his
1061 2042 1190 2079 auditis
1218 2041 1397 2085 Davidus‚
1430 2052 1516 2075 con-

34 2091 172 2127 vocatis
195 2091 338 2127 vatibus
363 2102 405 2125 ao
427 2090 669 2126 sacerdotibus
699 2091 920 2127 Solomonem
948 2089 1107 2135 inungit,
1135 2089 1258 2134 itaque
1281 2098 1392 2133 regno
1414 2086 1519 2120 inau-

35 2144 197 2184 guratum
227 2138 267 2172 in
297 2137 385 2172 solio
417 2148 480 2172 suo
511 2137 671 2173 collocat.
719 2138 799 2172 dum
835 2144 932 2173 esset
961 2137 999 2171 in
1029 2136 1122 2171 vivis
1149 2135 1329 2179 Davidus,
1360 2133 1518 2177 Sionem,

34 2192 126 2230 quae
149 2189 206 2219 est
228 2196 291 2219 arx
315 2183 660 2228 Hierosolymorum,
697 2184 918 2229 aedificavit,
959 2183 1067 2229 inque
1097 2194 1138 2217 ea
1162 2179 1423 2217 tabernaculum
1449 2179 1517 2213 deo

34 2231 134 2275 fixit,
165 2235 272 2277 atque
296 2230 334 2264 in
358 2231 425 2265 hoc
448 2241 564 2264 arcam
588 2231 761 2277 reposuit.
816 2230 948 2268 Davidi
979 2234 1098 2266 aetate
1123 2227 1218 2275 apud
1248 2228 1407 2262 Graecos
1439 2226 1518 2260 Ho-

32 2289 148 2314 merus
168 2282 205 2312 et
221 2277 401 2312 Hesiodus
423 2275 665 2313 innotuerunt.
818 2272 848 2286 ῥ’

124 2349 228 2382 Anno
255 2359 278 2382 a
301 2346 428 2382 mundo
453 2345 594 2381 condito
617 2346 729 2392 4470,
753 2346 922 2382 Solomon
944 2356 1071 2381 annum
1093 2355 1202 2389 agens
1227 2341 1357 2378 aetatis
1379 2341 1514 2376 duode-

33 2393 177 2439 cimum,
205 2405 351 2438 regnum
375 2391 475 2435 iniit3
506 2391 614 2439 idque
635 2405 700 2439 per
724 2405 835 2429 annos
859 2394 906 2429 40
926 2392 1055 2428 tenuit.
1102 2389 1225 2426 habuit
1246 2399 1376 2423 uxores
1395 2387 1514 2422 Israe-

33 2440 121 2476 liees
155 2445 262 2485 atque
293 2438 510 2487 alienigenas
534 2450 677 2474 numero
701 2441 790 2484 700,
824 2439 968 2486 pellices
992 2439 1080 2483 300,
1115 2448 1219 2471 unum
1246 2441 1382 2470 tantum
1403 2433 1514 2469 filium

33 2487 270 2530 Roboamum,
307 2498 419 2531 regno
458 2485 664 2530 indignum,
703 2491 740 2521 et
771 2486 864 2521 huno
896 2496 1036 2532 quoque
1075 2496 1119 2518 ex
1158 2481 1356 2526 alienigena
1389 2491 1514 2525 uxore,

33 2533 162 2569 Naaba
186 2533 346 2568 nimirum
370 2531 583 2567 Amanitide.
630 2531 661 2566 is
685 2532 852 2568 Solomon
873 2533 1041 2578 templum
1063 2527 1322 2573 Hierosolymis
1344 2526 1514 2562 aedifica-

34 2579 108 2623 vit,
140 2590 209 2625 quo
233 2579 310 2614 loco
337 2584 438 2625 pater
468 2578 544 2614 eius
574 2577 719 2613 Sionem
744 2585 896 2614 metatus
924 2580 1053 2613 fuerat.
1100 2587 1202 2611 orsus
1227 2579 1282 2610 est
1304 2578 1514 2608 structuram

34 2637 127 2662 auno
153 2626 256 2672 regni
283 2626 340 2660 sui
367 2625 501 2669 altero,
537 2624 691 2660 absolvit
712 2631 848 2672 septem
873 2625 987 2660 annis.
1035 2624 1078 2658 ab
1101 2622 1235 2658 Adamo
1258 2631 1370 2665 usque
1390 2620 1436 2654 ad
1458 2619 1516 2654 vi·

33 2671 203 2718 gesimum
221 2683 350 2707 annum
373 2671 503 2707 aetatis
528 2671 728 2706 Solomonis
750 2674 835 2707 anni
854 2672 1030 2707 habentur
1052 2669 1157 2705 4510.
1205 2668 1275 2703 fuit
1294 2666 1326 2701 is
1350 2665 1518 2708 Solomou

33 2719 209 2754 secundus
230 2718 364 2754 Davidi
393 2730 438 2755 ex
468 2719 647 2753 Bersabea
677 2718 792 2754 filius:
831 2718 965 2765 primus
993 2715 1105 2760 enim,
1136 2726 1238 2762 quem
1265 2725 1310 2748 ex
1343 2711 1516 2748 adulterio

33 2770 274 2811 conceperat,
309 2770 466 2800 mortuus
491 2770 558 2799 est.
607 2776 650 2799 eo
682 2770 890 2810 aegrotante
914 2762 1074 2798 Davidus
1102 2761 1236 2807 vigiliis
1259 2771 1339 2795 sese
1361 2758 1518 2794 afflicta-

33 2810 111 2856 νὴ,
146 2823 284 2847 saccum
318 2810 463 2846 indutus
487 2817 524 2846 et
548 2811 667 2845 cinere
695 2823 861 2857 sparsus,
897 2811 1070 2855 deumque
1092 2820 1158 2855 pro
1180 2808 1258 2843 vita
1283 2805 1430 2841 infantis
1454 2805 1518 2839 de-

32 2868 200 2912 precans.
245 2857 333 2903 quin
366 2863 404 2893 et
459 2862 656 2892 raesentem
690 2863 836 2893 mortem
861 2857 895 2892 ei
920 2855 1214 2899 denuntiaverat,
1247 2851 1448 2899 quicunque
1472 2852 1518 2886 de

33 2903 181 2939 infantis
211 2905 311 2940 obitu
341 2909 436 2939 rettu
451 2904 552 2939 isset.
601 2909 737 2941 mortuo
763 2905 900 2941 infante
931 2906 1158 2951 accesserunt
1184 2911 1303 2946 regem
1327 2897 1519 2935 familiares

91 2956 225 3005 θεοῖς.
256 2957 432 2995 cedrenus
460 2962 542 2994 tom.
573 2957 602 2993 Ι.
1182 2948 1234 2991 11

1537 1173 1567 1210 Ρ
1590 1174 1637 1211 92

1536 1799 1568 1836 Β
