1742 3184
194 173 295 222 520
678 171 919 218 GEORGII
949 170 1197 216 CEDRENI

191 287 308 342 υἱούς
318 322 332 343 ,
365 284 653 333 Κωνστᾶντιον
674 289 741 331 καὶ
762 288 1072 332 Κωνσταντῖνον
1091 288 1160 331 καὶ
1182 283 1459 339 Κώνσταντα,
1489 282 1678 344 διορισά-

192 377 313 416 μενος
343 357 629 402 Κωνστάντιον
656 359 730 413 μὲν
759 357 861 412 ἔχειν
892 357 944 400 τὰ
975 355 1145 417 Θρᾴκης
1173 359 1240 400 καὶ
1264 354 1370 415 ἑῴας
1388 356 1517 414 μέρη,
1552 357 1677 399 Kam-

193 436 403 474 σταντΐνον
435 429 479 471 δὲ
512 428 562 471 τὰ
592 428 695 484 πρὸς
718 425 910 470 Ὠκεανὸν
937 425 1103 481 ἑσπέρια
1112 458 1125 479 ,
1162 424 1416 470 Κώνσταντα
1438 423 1675 483 δὲ-Κρήτην

184 498 383 558 Ἀφρικὴν
415 499 483 540 καὶ
512 497 558 540 τὸ
578 495 813 555 Ἰλλυρικόν.
883 494 984 548 δόξα
1003 497 1048 540 δὲ
1067 496 1234 551 κατέσχε
1253 499 1489 550 τελευτῆσαι
1509 496 1584 548 μὲν
1603 495 1676 537 τὸν

189 570 317 625 μέγαν
339 569 648 611 Κωνσταντΐνον
669 563 878 624 φαρμάκῳ
899 567 1130 624 ὃηλητηρίῳ
1150 567 1344 623 ἐπιβουλῇ
1366 569 1447 608 τῶν
1470 564 1708 622 ἇδελφῶν,5

192 637 257 681 διὸ
287 639 354 681 καὶ
385 636 509 679 αὐτὸν
536 640 655 679 τοῦτο
683 637 740 678 δι’
774 634 1039 693 αὖτογράφου
1065 637 1292 690 ἐπισκῆψαι
1313 638 1372 692 τῷ
1393 635 1530 686 παιδί,
1567 635 1678 676 ἐκδι-

192 708 320 763 κῆσαί
337 724 378 750 τε
402 707 469 748 καὶ
492 703 761 762 φυλάξασθαι
783 705 879 756 τοὺς
897 703 1112 756 ἀνελόντας
1139 704 1264 747 αὐτὸν
1291 705 1458 754 θείους·
1495 701 1679 758 λαβόντα

194 778 238 820 δὲ
258 777 331 832 τὴν
348 773 540 830 τοιαύτην
556 775 721 832 γραφὴν
738 775 938 830 Εὗσέβιον
954 775 1025 819 τὸν
1042 775 1321 830 Νικομηδειάς
1336 774 1553 816 ἐπίσκοπον
1573 772 1679 816 ἀπο-

140 847 171 884 Β
197 848 338 889 δοῦναι
369 845 644 903 Κωνσταντίῳ
678 846 722 888 ἐκ
750 849 824 900 τῆς
856 842 961 902 ἑῴας
996 843 1089 902 ἄρτι
1119 843 1453 902 παραγενομένῳ,
1489 842 1606 886 ἔνθεν
1634 859 1678 885 τε

190 916 382 973 γενέσθαι
406 914 531 957 αὐτὸν
551 915 618 957 καὶ
640 915 858 957 ἐπίσκοπον
877 911 1358 963 Κωνσταντινουπόλεως.
1425 911 1472 955 τὸ
1505 913 1549 954 δὲ
1580 910 1676 955 τού·
1692 919 1735 955 10

191 1002 289 1035 τους
318 984 611 1042 ἀναιρεθῆναι,
648 985 737 1028 ἐπεί
764 1001 828 1027 τοι
862 982 1075 1041 ἀλόγιστος
1107 986 1254 1041 σαφῶς
1284 980 1311 1037 ἡ
1344 979 1485 1038 ἀθρόα
1517 979 1680 1025 πάντων

194 1054 330 1097 αὖτῶν
360 1053 566 1111 ἀναίρεσις
596 1052 727 1111 τούτῳ
759 1051 888 1096 ἐδόκει
900 1086 913 1106 ,
950 1054 1042 1096 δέον
1065 1053 1191 1110 ἔκρινε
1212 1051 1272 1108 μὴ
1293 1050 1388 1094 ἄνευ
1411 1049 1533 1107 λόγου
1558 1055 1679 1094 τοῦτο

193 1127 377 1178 ποιῆσαι.
445 1122 675 1178 ἐτελεύτησε
700 1123 744 1165 δὲ
767 1121 787 1166 ὅ
809 1123 936 1179 μέγας
959 1124 1269 1172 Κωνσταντῖνος
1289 1120 1467 1175 εὐσεβῶς
1485 1118 1682 1175 βασιλεύ-

192 1209 271 1244 σας
291 1192 358 1247 ἔτη
384 1190 448 1246 λβ’
472 1194 540 1235 καὶ
557 1198 694 1248 μῆνας
716 1190 756 1244 ι’,
789 1191 914 1247 ζήσας
934 1192 986 1235 τὰ
1004 1190 1138 1235 πάντα
1159 1191 1227 1246 ἔτη
1246 1187 1314 1241 ξέ.

333 1259 622 1312 Κωνστάντιος
641 1262 900 1316 ἐβασίλευσεν
915 1261 982 1317 ἔτη
1001 1259 1080 1314 κδ’,
1115 1258 1317 1310 Κώνστας
1334 1258 1401 1314 ἴτη
1422 1255 1485 1311 ιζ’.
1555 1260 1680 1302 Κων-
1694 1263 1738 1301 15

194 1336 405 1382 σταντΐνος
425 1331 468 1373 δὲ
487 1331 591 1386 ταχὺ
610 1329 861 1386 τετελεύτηκε
882 1329 1021 1389 τρόπῳ
1043 1332 1201 1388 τοιῷδε.
1270 1328 1374 1387 πρὸς
1401 1328 1473 1371 τὸν
1501 1328 1683 1387 ἀδελφὸν

195 1398 488 1444 Κωνστάντιον
515 1399 808 1455 κοινωσάμενος
826 1399 889 1458 ᾔει
909 1402 1004 1458 περί
1019 1417 1139 1443 τινων
1161 1398 1265 1454 μετὰ
1282 1402 1435 1453 πολλῆς
1453 1397 1593 1453 ἰσχύος
1613 1401 1683 1442 καὶ

145 1475 177 1511 C
202 1468 412 1525 δυνάμεως
419 1502 432 1522 ,
469 1468 492 1512 ὃ
524 1470 595 1513 τὸν
625 1468 913 1513 Κιονστάντιον
936 1473 1091 1526 εἰσῆγεν
1112 1470 1166 1520 εἷς
1189 1469 1376 1523 ἔκπληξιν
1396 1466 1455 1523 μή
1478 1486 1517 1510 τι
1539 1486 1684 1512 νεωτε-

197 1540 323 1596 ρίσων
358 1539 580 1596 ἀφικνῆται
612 1541 668 1590 εἷς
702 1538 848 1583 αὐτόν·
887 1541 956 1582 καὶ
989 1543 1179 1597 πονηρῶν
1211 1541 1458 1593 συμβουλῶν
1485 1539 1685 1594 ἐπιτυχών

198 1610 267 1651 καὶ
300 1608 403 1665 πρὸς
431 1608 608 1663 πόλεμον
639 1608 906 1667 ἐρεθιζόντων
938 1609 1063 1653 αὐτὸν
1096 1610 1245 1663 ἐξῆλθε
1278 1607 1371 1650 κατ’
1406 1606 1547 1650 αὐτοῦ.
1615 1611 1742 1652 namo

197 1678 470 1735 συρραγέντος
501 1678 680 1732 πολέμου
714 1679 756 1721 ἓν
789 1685 874 1729 τοῖς
896 1677 1083 1734 ἐσχάτοις
1104 1682 1185 1721 τῶν
1208 1675 1440 1736 φευγόντων
1462 1675 1644 1734 εὗρεθεὶς
1661 1677 1684 1722 ὃ

197 1748 511 1797 Κωνσταντῖνος
542 1748 789 1805 ἀναιρεῖται,
816 1749 952 1805 τρίτος
983 1747 1039 1790 ὢν
1070 1745 1271 1805 ἀδελφός,
1301 1747 1368 1788 καὶ
1389 1747 1539 1802 γίνεται
1562 1749 1687 1791 Κων-

198 1814 389 1868 στάντιος
427 1816 627 1875 ἐγκρατὴς
657 1815 821 1860 πάντων
850 1821 932 1860 τῶν
960 1815 1168 1875 ἑσπερίων.
1237 1811 1288 1872 ἦν
1321 1816 1365 1858 δὲ
1397 1816 1688 1870 Κωνστάντιος

196 1971 267 2004 rat.
315 1967 499 2014 imperium
522 1968 639 2005 tribus
662 1969 746 2005 filiis
767 1969 931 2016 reliquit,
955 1969 1164 2005 Constantio
1183 1967 1418 2005 Constantino
1434 1974 1472 2006 et
1487 1970 1690 2020 Constanti,

198 2015 252 2050 ita
276 2015 427 2050 divisum
450 2021 490 2051 ut
514 2016 744 2052 Constantius
768 2018 959 2052 Thraciam
982 2023 1017 2052 et
1040 2017 1222 2051 Orientem
1247 2022 1406 2060 teneret,
1436 2018 1690 2056 Constantinus

200 2073 292 2106 quae
317 2062 525 2098 Occidentis
548 2070 630 2099 sunt
657 2063 702 2098 ad
726 2064 930 2109 Oceanum,
958 2065 1134 2099 Constans
1161 2064 1303 2098 Cretam
1326 2064 1482 2100 Africam
1507 2071 1544 2100 et
1566 2066 1690 2112 Illyri-

199 2119 290 2143 cum.
341 2109 513 2144 creditum
536 2110 605 2145 fuit
630 2111 898 2145 Constantinum
925 2123 947 2146 a
969 2110 1041 2145 suis
1063 2111 1234 2145 fratribus
1257 2110 1414 2146 exhibito
1432 2111 1529 2147 letali
1549 2125 1688 2149 veneno

199 2154 410 2190 exstinctum
438 2156 570 2198 fuisse;
605 2157 758 2202 ideoque
788 2169 865 2191 eum
889 2170 953 2192 sua
977 2168 1079 2192 manu
1106 2157 1250 2203 scriptis
1271 2157 1385 2192 literis
1407 2161 1592 2194 mandasse
1615 2161 1690 2195 filio

200 2206 242 2235 ut
273 2213 294 2235 a
329 2202 466 2246 patruis
499 2203 570 2237 sibi
604 2209 748 2238 caveret
776 2215 918 2250 eosque,
940 2204 1182 2238 ulcisceretur.
1231 2215 1291 2238 eas
1332 2204 1455 2240 literas
1495 2206 1690 2251 Eusebium

201 2247 433 2282 Nicomediae
468 2249 671 2297 episcopum
703 2251 904 2295 accepisse,
944 2256 980 2285 et
1004 2251 1214 2285 Constantio
1237 2262 1362 2285 recens
1384 2263 1428 2286 ex
1453 2251 1604 2288 Oriente
1629 2266 1690 2288 re-

199 2305 307 2328 verso
329 2294 541 2341 tradidisse,
575 2297 728 2343 indeque
761 2297 868 2332 etiam
902 2297 1092 2343 Cpolitano
1124 2297 1331 2343 episcopatu
1363 2298 1526 2343 potitum.
1575 2300 1690 2336 visum

201 2345 316 2374 autem
342 2342 411 2376 fuit
432 2343 619 2378 absurdum
643 2348 788 2388 patruos
811 2344 900 2378 istos
923 2344 1026 2378 simul
1047 2343 1232 2378 universos
1258 2342 1348 2377 velle
1367 2345 1548 2389 occidere3
1586 2346 1690 2381 ideo-

202 2397 273 2432 que
307 2388 486 2424 decretum
523 2395 579 2424 est
611 2401 685 2424 rem
717 2395 820 2425 caute
851 2392 1035 2435 agendam.
1084 2391 1175 2424 diem
1212 2395 1326 2423 autem
1360 2401 1459 2425 suum
1502 2393 1560 2437 pie
1599 2393 1691 2429 obiit

203 2433 457 2469 Constantinus
483 2448 652 2482 magnus,
687 2448 763 2471 cum
787 2436 998 2482 imperasset
1021 2449 1132 2472 annos
1155 2436 1303 2482 triginta
1326 2436 1435 2484 du05,
1462 2450 1602 2475 menses
1625 2441 1689 2476 de-

201 2490 297 2525 cem,
327 2481 479 2518 vixisset
501 2495 611 2518 annos
635 2483 822 2529 sexaginta
846 2483 1015 2530 quinque.

295 2549 525 2587 Constantius
556 2552 746 2598 imperavit
770 2563 879 2587 annos
903 2551 1035 2596 viginti
1057 2554 1245 2597 quattuor,
1281 2551 1458 2588 Constans
1491 2566 1602 2589 annos
1630 2566 1691 2590 se-

202 2596 426 2638 ptemdecim.
475 2599 728 2635 Constantinus
765 2599 836 2633 cito
866 2599 993 2645 periit,
1027 2599 1135 2643 idque
1166 2599 1232 2633 hoc
1260 2605 1378 2644 pacto.
1428 2603 1624 2636 accedebat
1645 2602 1690 2636 ad

203 2640 350 2676 fratrem
384 2644 649 2690 Constantium,
684 2652 723 2681 ut
746 2657 823 2681 cum
848 2657 889 2679 eo
916 2646 960 2679 de
983 2657 1022 2679 re
1045 2645 1195 2690 quadam
1226 2647 1516 2692 communicaret,
1553 2649 1690 2693 magnis

204 2687 390 2724 comitatus
426 2692 552 2737 copiis.
601 2693 695 2738 quod
729 2691 964 2738 suspicionem
989 2692 1199 2726 Constantio
1226 2693 1356 2735 movit,
1392 2705 1438 2728 ne
1469 2695 1555 2740 quid
1579 2695 1691 2730 frater

204 2733 288 2766 novi
324 2736 516 2773 moliretur.
564 2744 671 2785 atque
706 2739 764 2774 hic
798 2738 897 2773 malis
928 2737 1186 2773 consultoribus
1210 2750 1292 2773 usus
1317 2739 1361 2772 ad
1385 2753 1536 2785 pugnam
1561 2742 1691 2776 exhor-

208 2781 382 2825 tantibus,
417 2791 540 2820 contra
571 2798 648 2820 eum
680 2786 872 2821 exercitum
896 2785 1019 2819 eduxit
1040 2785 1078 2818 in
1104 2785 1227 2819 aciem.
1276 2788 1530 2833 commissoque
1557 2788 1691 2833 praelio

209 2826 462 2864 Constantinus
496 2832 590 2866 inter
622 2838 797 2867 extremos
832 2831 870 2867 in
901 2832 988 2876 fuga
1023 2831 1296 2878 comprehensus
1325 2839 1361 2867 et
1386 2834 1595 2869 interfectus
1621 2840 1688 2868 est.

207 2871 259 2907 ita
293 2873 520 2913 Constantius
556 2879 755 2915 Occidente
787 2883 863 2915 toto
894 2879 1044 2926 potitur.
1090 2884 1228 2913 statura
1258 2878 1328 2914 fuit
1350 2880 1580 2916 Constantius
1604 2893 1690 2927 pro-
