1742 3184
196 218 295 267 342
516 233 521 241 ·
678 216 919 264 GEORGII
934 214 1191 263 ..CEDRENI

196 334 449 393 ἀξιοπρεπῶς
469 331 646 389 τιμήσας
674 333 742 376 καὶ
771 336 974 390 λαμπροΐς
1004 331 1073 374 καὶ
1098 329 1302 387 μεγίστοις
1330 325 1575 386 ἀναθήμασι
1601 327 1672 372 τὸν

196 404 294 448 ναὸν
321 401 601 459 διακοσμήσας
621 401 726 445 κατὰ
747 406 828 445 τῶν
846 403 1024 459 Περσῶν
1045 397 1238 457 ἐχώρησε.
1308 398 1414 454 μετὰ
1440 399 1485 442 δὲ
1505 399 1674 442 Ἰαδοῦν

192 474 356 525 Ἰωνίας
381 473 575 525 ’Ῑαδοῦν,
605 469 877 528 Ἐλεάζαρος,
907 470 1094 523 Ἰωνιᾶς,
1129 470 1293 524 Σίμων,
1322 467 1500 519 ’Ῑωναὰς
1519 469 1674 523 Σίμων,

194 544 336 599 ’Ῑανῆς
364 540 385 586 ὃ
411 543 480 585 καὶ
494 538 717 599 ς,Υρκανόςη
756 537 1087 598 Ἀριστόβουλος
1093 571 1107 592 ,
1150 537 1196 589 ὃς
1220 539 1288 581 καὶ
1314 542 1477 595 πρῶτος
1507 537 1674 580 ἐπέθετο

56 618 86 653 Ρ
111 619 176 656 195
201 611 383 668 διάδημα
399 610 612 666 βασιλικὸν
630 609 733 667 πρὸς
756 614 808 667 τῇ
825 607 1103 667 ἀρχιερωσύνη
1113 639 1126 660 ,
1155 607 1317 658 Ἰανέας
1336 604 1358 650 ὅ
1380 607 1449 649 καὶ
1469 606 1708 658 Ἀλέξαν-5

199 683 317 739 δρος,
362 681 556 736 βασιλεὺς
576 677 662 734 ἅμα
681 680 750 722 καὶ
771 677 993 738 ἀρχιερεύς.
1061 677 1182 736 μέχρι
1201 675 1347 720 τούτου
1368 676 1408 719 οἳ
1428 675 1508 719 ἀπὸ
1532 674 1675 733 Κύρου

192 752 354 808 χριστοὶ
374 748 605 806 ἡγούμενοι,
632 749 915 806 διαρκέσαντες
933 746 1001 803 ἔτη
1021 745 1129 804 υπγ’,
1164 744 1192 789 ἅ
1212 748 1311 789 εῗσιν
1333 743 1560 801 ἔβδομάδες
1577 745 1678 788 ἐτῶν

198 818 283 873 ἔθ’,
312 819 455 870 καθώς
472 818 551 876 ἔφη
573 819 640 861 καὶ
664 818 827 881 ᾼανιὴλ
847 816 893 860 τό
915 814 1015 860 “nai
1036 815 1172 874 γνώσῃ
1191 816 1262 858 καὶ
1282 813 1468 870 συνήσεις
1488 814 1567 858 ἀπὸ
1587 812 1679 865 ἐξό-

198 887 272 932 δου
297 887 427 945 λόγων
445 892 519 931 τοῦ
539 888 814 946 ἀποκριθῆναι
835 888 904 929 καὶ
925 892 1000 930 τοῦ
1019 887 1288 942 οἷκοδομῆσαι
1310 883 1581 942 Ἰερουσαλὴμ
1602 883 1678 935 ἕως

197 960 385 1016 Χριστοῦ
402 955 627 1014 ἡγουμένου
648 954 877 1012 ἑβδομάδες
894 955 1018 1009 ἑπτά,
1052 956 1121 999 καὶ
1146 953 1375 1010 ἱβδομάδες
1392 953 1504 1009 ξβ.”
1542 952 1570 996 ἅ
1587 950 1677 997 τινά
1689 960 1734 996 10

199 1029 298 1071 εἶσιν
319 1026 387 1083 ἔτη
407 1024 515 1084 vny'.
585 1026 665 1070 ἀπὸ
691 1027 736 1069 δὲ
754 1025 900 1083 Κύρου
919 1027 984 1068 ἐπὶ
1000 1025 1204 1080 Ἀντίοχον
1224 1024 1295 1068 τὸν
1315 1025 1496 1082 ἐπιφανῆ
1515 1024 1584 1066 καὶ
1603 1023 1679 1078 τὴν

199 1097 482 1152 αι’χμαλωσιάν
501 1096 650 1152 ἐκείνην
671 1094 739 1152 ἴτη
763 1097 837 1140 εῗσὶ
856 1093 961 1151 tqci'.

334 1164 442 1209 Εἶτα
469 1164 650 1209 διδάσκει
683 1163 794 1221 ἡμᾶς
820 1162 951 1207 πόθεν
982 1161 1176 1220 ἀριθμεῖν
1198 1163 1282 1214 δεῖ,
1325 1159 1390 1204 ὅτι
1410 1160 1483 1204 οὐκ
1505 1159 1585 1205 ἀπὸ
1605 1164 1681 1217 τῆς

196 1232 353 1292 ἡμέρας
370 1239 445 1290 τῆς
463 1234 688 1287 ἐπανόδου,
724 1233 819 1277 ἀλλ’
852 1233 932 1276 ἀπὸ
965 1231 1110 1284 ἐξόδου
1140 1229 1271 1288 λόγων
1301 1229 1580 1289 ἀποκριθῆναι
1610 1232 1679 1273 καὶ

145 1311 175 1347 Β
203 1309 275 1348 τοῦ
308 1306 576 1360 οἰκοδομῆσαι
601 1301 883 1362 Ἰερουσαλήμ.
965 1301 1039 1345 οὔκ
1069 1302 1133 1345 ἐπὶ
1162 1300 1307 1359 Κύρου
1337 1301 1383 1343 δὲ
1412 1297 1678 1360 ᾠκοδομήθη,
1691 1307 1736 1344 15

198 1373 292 1415 ἀλλ’
327 1372 391 1416 ἕπὶ
423 1378 496 1416 τοῦ
527 1373 796 1432 μακρόχειρος
820 1372 1102 1430 Ἀρταξέρξου.
1169 1370 1274 1427 μετὰ
1298 1369 1377 1428 γὰρ
1399 1370 1475 1426 τὴν
1495 1368 1682 1413 κάθοδον

200 1443 407 1498 ἐπανῆλθε
426 1442 683 1499 Καμβύσης,
719 1441 804 1486 εἶτα
825 1442 864 1484 οἳ
881 1440 1028 1498 μάγοι,
1063 1441 1131 1483 καὶ
1149 1439 1242 1496 μετ’
1268 1440 1439 1491 ἐκείνους
1459 1439 1638 1498 Δαρεῖος
1658 1437 1680 1482 ὅ

194 1509 461 1565 ’Υστάσποω
494 1513 599 1568 μεθ’
629 1512 675 1557 ὃν
701 1510 862 1571 Ξέρξης
892 1509 913 1554 ὅ
946 1510 1128 1568 Δαρείου
1159 1511 1229 1553 καὶ
1258 1507 1527 1566 Ἀρταβάνης.
1598 1506 1684 1551 εἶτα

195 1579 478 1638 Ἀρταξέρξης
510 1581 530 1626 ὃ
562 1580 787 1640 μακρόχειρ
820 1580 1054 1635 ἐβασίλευσε
1086 1583 1160 1634 τῆς
1188 1579 1433 1636 Περσι’δος.“
1477 1579 1519 1621 ἓν
1550 1578 1595 1620 δὲ
1623 1581 1684 1637 τῷ

200 1652 367 1709 εἶκοστῷ
390 1650 467 1692 ἔτει
486 1656 559 1706 τῆς
573 1651 785 1705 βασιλείας
807 1649 935 1692 αὐτοῦ
953 1648 1133 1703 Νεεμίας
1152 1646 1339 1691 ἀνελθὼν
1358 1648 1432 1703 τὴν
1453 1646 1571 1691 πόλιν
1590 1646 1739 1695 ἀνί-20

200 1735 346 1774 στησε,
382 1719 526 1771 καθὼς
544 1719 725 1778 Ἔσδρας
746 1716 984 1775 διηγήσατο.
1052 1719 1241 1761 ἐντεῦθεν
1259 1714 1353 1773 υπγ’
1376 1716 1446 1773 ἴτη
1472 1715 1683 1774 γεγόνασιν

203 1787 281 1838 ἕως
307 1792 381 1843 τῆς
408 1794 679 1848 κατασκαφῆς
709 1793 782 1844 τῆς
812 1785 991 1851 πόλεως,
1038 1786 1183 1838 καθὼς
1214 1784 1411 1843 Ἰώσηπος
1444 1783 1466 1830 ὃ
1490 1784 1684 1845 Ἑβραῖος

199 1863 415 1916 μαρτυρεῖ.

201 1988 295 2036 plum
319 1988 515 2035 splendidis
538 2000 581 2024 ac
603 1988 800 2036 magnificis
825 1987 982 2024 donariis
1009 1985 1207 2033 exornavit,
1235 1988 1342 2033 atque
1364 1985 1418 2022 ita
1438 1987 1575 2023 demum
1599 1999 1685 2023 con-

201 2041 260 2069 tra
284 2036 414 2071 Persas
437 2035 562 2071 movit.
609 2036 776 2083 deinceps
795 2035 918 2071 summi
939 2034 1126 2081 pontifices
1149 2045 1191 2068 ac
1214 2033 1336 2079 populi
1358 2037 1517 2069 rectores
1539 2035 1685 2070 fuerunt

200 2080 322 2116 Ionias
338 2083 428 2118 Iadu
443 2082 535 2118 filius
552 2082 759 2129 Eleazarus,
786 2082 920 2126 Ionias,
945 2082 1079 2126 Simon,
1101 2081 1229 2115 Ionaas
1251 2080 1392 2115 Simon:
1417 2080 1534 2126 Ianes,
1561 2080 1623 2127 qui
1646 2085 1686 2116 et

201 2127 409 2173 Hyrcanas:
443 2129 689 2175 Aristobulus,
721 2129 783 2176 qui
812 2129 945 2175 primus
976 2128 1111 2173 regium
1141 2127 1303 2162 diadema
1325 2127 1521 2173 pontificali
1545 2126 1686 2162 ornatui

202 2175 472 2220 superaddidit:
497 2177 638 2222 laneas,
663 2175 724 2223 qui
747 2181 783 2211 et
803 2175 1014 2219 Alexander,
1040 2186 1105 2209 rex
1125 2174 1217 2209 idem
1242 2178 1279 2208 et
1301 2174 1481 2209 sacerdos.
1531 2174 1576 2209 ad
1593 2174 1686 2208 hunc

202 2231 314 2266 usque
347 2234 369 2257 a
391 2223 489 2268 Cyro
520 2223 619 2258 uncti
650 2234 768 2258 rerum
796 2233 962 2257 summam
983 2225 1200 2265 tractarunt,
1235 2232 1302 2267 per
1325 2232 1436 2256 annos
1464 2220 1556 2265 483,
1593 2231 1686 2266 quae

203 2272 286 2302 sunt
309 2280 348 2304 se
375 2269 525 2304 timanae
547 2270 616 2315 69,
653 2270 758 2306 sicuti
777 2268 944 2304 Danielus
978 2272 1055 2302 erat
1084 2267 1322 2312 vaticinatus,
1353 2263 1592 2313 “cognosces''
1626 2266 1686 2301 in-

203 2313 330 2358 quiens
366 2312 415 2350 ‘et
437 2315 615 2361 intelliges
639 2318 684 2352 ab
713 2315 809 2351 exitu
831 2315 1021 2359 sermonis,
1055 2326 1124 2360 quo
1149 2315 1361 2350 decernetur
1383 2318 1424 2349 ut
1452 2313 1687 2348 aedificentur

203 2359 454 2406 Hierosolyma
478 2374 590 2408 usque
614 2362 695 2398 dum
716 2362 880 2398 Christus
907 2361 1078 2408 imperet,
1114 2361 1328 2407 septimanas
1352 2361 1376 2396 7
1407 2364 1444 2395 et
1471 2359 1686 2406 septimanas

204 2404 294 2451 62?
328 2409 390 2454 qui
421 2414 504 2444 sunt
536 2409 619 2444 anni
651 2410 734 2446 483.
781 2420 802 2444 a
824 2409 922 2452 Cyro
953 2419 1064 2453 usque
1096 2409 1142 2445 ad
1160 2406 1374 2443 Antiochum
1394 2406 1619 2454 Epiphanem
1648 2410 1687 2441 et

204 2453 286 2488 urbi
311 2455 485 2491 excidium
509 2456 552 2490 ab
578 2468 620 2491 eo
640 2456 775 2491 illatum
799 2454 882 2490 anni
902 2459 983 2489 sunt
1005 2453 1087 2489 394.

298 2500 411 2537 Porro
437 2507 554 2538 autem
579 2514 643 2537 nos
667 2503 772 2537 docet
791 2502 884 2536 unde
912 2500 1049 2535 initium
1073 2499 1280 2535 numerandi
1302 2498 1351 2534 sit
1370 2499 1594 2543 sumendum,
1626 2496 1685 2532 ni-

206 2544 330 2581 mirum
348 2560 418 2584 non
443 2549 488 2583 ab
514 2560 556 2583 eo
580 2549 639 2584 die
663 2561 732 2596 quo
755 2549 793 2583 in
817 2546 965 2595 patriam
987 2546 1140 2582 reditum
1158 2547 1250 2592 fuit,
1275 2546 1340 2581 sed
1363 2547 1407 2580 ab
1433 2545 1531 2581 exitu
1551 2555 1686 2580 sermo—

207 2592 274 2635 nis,
298 2605 366 2638 quo
391 2595 572 2630 decretum
594 2597 726 2630 factum
747 2599 801 2630 est
825 2594 871 2628 de
893 2594 1132 2629 instaurandis
1158 2591 1431 2637 Hierosolymis.
1479 2596 1516 2627 at
1538 2592 1623 2626 urbs
1645 2602 1688 2626 ea

208 2649 279 2671 non
298 2644 353 2674 est
375 2643 439 2676 sub
462 2642 560 2686 Cyro
583 2643 730 2687 resecta,
751 2642 814 2676 sed
832 2642 896 2676 sub
918 2642 1116 2676 Artaxerxe
1139 2639 1373 2684 Longimano.
1420 2639 1576 2673 reversis
1595 2636 1689 2672 enim

209 2682 247 2716 in
270 2686 419 2728 patriam
448 2688 588 2724 Iudaeis
621 2687 829 2735 supervenit
858 2687 1072 2731 Cambyses,
1110 2687 1193 2721 inde
1213 2685 1333 2730 Magi,
1363 2690 1447 2731 post
1468 2685 1533 2719 hos
1555 2683 1687 2718 Darius

208 2728 400 2776 Hystaspis
413 2733 519 2779 filius,
533 2739 615 2780 post
633 2736 725 2771 hunc
740 2734 880 2770 Xerxes
898 2734 1000 2768 Darii
1014 2733 1107 2768 filius
1123 2738 1160 2768 et
1177 2733 1391 2768 Artabanus.
1415 2731 1604 2766 secundum
1622 2730 1686 2764 hos

210 2776 424 2812 Artaxerxes
446 2779 685 2826 Longimanus
717 2791 863 2827 regnum
894 2780 1075 2816 Persicum
1106 2778 1272 2815 obtinuit.
1322 2790 1364 2813 eo
1393 2789 1519 2812 annum
1551 2775 1689 2821 vigesi-

210 2832 300 2855 mum
324 2831 512 2871 regnante,
547 2828 715 2863 Neemias
740 2826 924 2863 adscendit
949 2828 1142 2873 urbemque
1158 2825 1390 2870 instauravit,
1424 2823 1529 2858 sicuti
1550 2823 1687 2857 Esdras

211 2869 383 2903 narravit.
430 2870 513 2906 inde
544 2879 657 2909 autem
691 2874 761 2910 483
793 2874 877 2909 anni
907 2872 1020 2918 elapsi
1052 2877 1134 2908 sunt
1165 2883 1277 2920 usque
1309 2872 1356 2907 ad
1379 2869 1554 2907 excidium
1575 2868 1687 2913 urbis,

210 2915 497 2960 quemadmodum
520 2919 691 2966 Iosephus
717 2921 881 2956 Ebraeus
903 2925 1070 2955 testatur.
