1742 3184
380 143 783 192 fflSToRnRUM
814 146 1208 194 GOMPENDIUM.
1314 142 1319 146 ”
1433 149 1534 198 637

61 265 144 312 λως
163 258 404 315 εὖδοκιμῶν.
474 259 650 316 σύμβιον
675 260 722 304 δὲ
753 258 855 317 ἴχων
880 262 1147 305 Λουππικιάν
1175 260 1345 318 ἔστεψεν
1366 263 1537 321 Αύγοῦ-

60 346 176 382 σταν,
218 330 270 386 ἣν
299 329 338 372 οἱ
371 331 496 383 δῆμοι
522 332 856 388 ἐστεφανωμένην
882 331 1103 389 Εὗφημίαν
1127 331 1336 375 ἐκάλεσαν.
1403 333 1538 393 τούτῳ

59 403 120 456 τῷ
145 399 348 456 ’Ῑουστίνῳ
381 398 585 450 Εὐλάλιός
611 417 696 451 τις,
731 400 814 443 ἀπὸ
842 402 1047 444 πλουσίων
1071 398 1283 458 γενόμενος
1305 402 1447 457 πένης,
1493 405 1536 446 ἐν

59 472 120 524 τῷ
144 468 307 521 μέλλειν
345 467 469 510 αὐτὸν
508 469 735 521 ἄποβιῶναι
776 469 954 526 ἔγραψεν
989 469 1247 526 ἐνδιαθήκως
1284 470 1536 528 κληρονόμον

25 536 286 595 &Yon-orbor,
330 536 734 593 παρακελευσάμενος
762 538 866 581 ὥστε
895 539 970 590 τὰς
1001 548 1108 597 τρεῖς
1141 540 1270 584 αὐτοῦ
1303 541 1538 598 θυγατέρας

59 605 211 662 μικρὰς
239 607 586 663 καταλειφθείσας
617 606 856 663 ἀναθρέψαι
888 610 955 650 καὶ
983 610 1231 665 ἐκπροικίσαι
1258 609 1329 653 τὸν
1350 611 1538 664 βασιλέα,

60 677 128 717 καὶ
149 673 282 716 πάντα
302 677 430 717 αὐτοῦ
445 674 497 717 τὰ
513 675 616 732 χρέα
638 676 860 719 ἀποδοῦναι
883 685 969 728 τοῖς
982 679 1328 734 χρεωστουμίνοις
1338 711 1351 730 ,
1392 681 1460 722 καὶ
1482 680 1534 722 τὰ
1558 692 1589 728 c

59 749 319 800 γραμματεῖα
357 742 697 800 ἀναρρύσασθαι·
754 744 855 802 ἅπερ
889 750 1112 800 βασιλικῶς
1150 747 1284 790 πάντα
1321 748 1539 800 Ἰουστῖνος

60 810 283 869 ἐπλήρωσε,
310 812 573 868 καταπλήξας
593 815 635 856 ἐν
656 813 787 872 τούτῳ
805 813 937 858 πάντα
958 815 1180 871 ἄνθρωπον
1200 817 1271 860 τὸν
1290 816 1538 861 ἀκούσαντα.

5 881 307 932 ιοΒιταλιανός
326 883 371 925 δὲ
392 879 414 923 ὃ
438 885 692 939 προρρηθεὶς
714 882 877 941 σφόδρα
900 885 1087 942 ᾠκειώθη
1110 890 1168 943 τῷ
1190 890 1373 939 βασιλεῖ,
1405 886 1538 942 ὀρθό-

61 952 179 1002 δοξος
200 951 245 993 δὲ
270 950 326 994 ὢν
343 953 528 1006 Σεβῆρον
546 951 726 1008 ᾐτήσατο
746 957 1063 1009 καθαιρεθῆναι.
1133 955 1230 1012 ὅπερ
1254 955 1406 1009 μαθὼν
1433 957 1536 998 ἐκεῖ-

59 1036 129 1070 νος
161 1018 299 1077 φεύγει
333 1020 409 1063 σὺν
445 1020 652 1079 ’Ῑουλιανῷ
693 1026 752 1079 τῷ
786 1020 1097 1078 Ἀλικαρνασοῦ·
1139 1025 1205 1066 καὶ
1237 1019 1297 1074 εἷς
1322 1024 1536 1080 Αἴγυπτον

60 1087 309 1140 ἀπελθόντες
324 1091 392 1132 καὶ
414 1089 485 1132 τὸν
503 1092 594 1147 περὶ
617 1094 811 1148 φθαρτοῦ
833 1094 899 1134 καὶ
921 1091 1143 1149 ἀφθάρτου
1162 1091 1282 1148 λόγον
1301 1093 1535 1149 κινήσαντες

48 1156 213 1213 ’ταύτην
235 1157 449 1215 ἐτάραξαν,
484 1159 718 1216 Διοσκόρου
741 1162 1052 1212 ἐπισκοποῦντος
1068 1162 1384 1218 Ἀλεξανδρείας.
1445 1164 1535 1205 ἐπι-

5 1237 51 1274 15
62 1225 227 1271 σκόπων
247 1229 293 1271 δὲ
312 1228 393 1270 ἀπὸ
410 1226 570 1283 Ῥώμης
589 1228 796 1272 ἐλθόντων
817 1231 875 1272 δι’
897 1228 1122 1287 Ὁρμίσδου
1144 1230 1362 1274 ἐπισκόπου
1377 1229 1538 1287 Ῥώμης

59 1302 112 1353 τῇ
143 1299 391 1339 Βιταλιανοῢ
423 1299 607 1355 σπουδῇ,
664 1298 720 1340 ἔτι
753 1300 900 1351 ζῶντος
924 1298 1110 1342 Ἰωάννου
1145 1304 1219 1343 τοῦ
1251 1299 1535 1343 Καππαδόκου
1557 1314 1591 1350 Ῑ)

60 1365 281 1409 ἐπισκόπου
306 1367 797 1419 Κωνσταντινουπόλεως,
830 1369 904 1423 τὴν
929 1366 1046 1423 ἁγίαν
1069 1370 1110 1411 ἐν
1132 1368 1370 1423 Χαλκηδόνι
1385 1368 1538 1427 4τετάρ-

58 1451 134 1490 την
153 1434 326 1478 σύνοδον
346 1435 450 1493 πρὸς
468 1443 559 1487 ταῖς
579 1435 724 1487 ἄλλαις
746 1439 851 1493 τρισὶ
876 1436 1061 1488 συνόδοις
1083 1444 1169 1489 τοῖς
1190 1437 1399 1492 διπτύχοις
1418 1439 1539 1482 συνέ-

60 1507 170 1555 ταξε.
240 1504 430 1561 Σεβήρου
470 1506 515 1548 δὲ
555 1511 627 1548 τοῦ
656 1508 881 1560 δυσσεβοΐς
915 1506 1097 1549 ἐκποδὼν
1126 1506 1336 1563 γεγονότος
1364 1510 1538 1558 Παῦλος

0 1572 348 1629 Ξθέχειροτονήθη
380 1575 595 1625 ἐπίσκοπος
621 1575 883 1631 Ἀντιοχείας,
927 1573 948 1618 ὁ
974 1574 1185 1629 ξενοδόχος
1206 1580 1288 1619 τῶν
1307 1576 1538 1630 Εὐβούλου.

60 1640 83 1684 ὃ
105 1643 150 1685 δὲ
164 1642 359 1696 βασιλεύς
379 1641 559 1688 Ξενα“ι’“αν
579 1643 651 1687 τὸν
669 1647 737 1687 καὶ
764 1644 994 1697 Φιλόξενον,
1030 1647 1246 1688 ἐπίσκοπον
1260 1643 1536 1702 Ἱεραπόλεως,

58 1711 413 1770 ,ΖΡΙανιχαιόφρονα
441 1712 562 1765 ὄντα,
610 1716 678 1756 καὶ
701 1715 864 1772 Πέτρον
887 1714 1107 1769 Ἀπαμείας
1136 1713 1300 1771 ἐξώρισε
1328 1714 1402 1757 σὺν
1431 1720 1533 1758 πᾶσι

58 1787 144 1833 τοῖς
158 1783 372 1837 μετέχουσι
393 1787 468 1838 τῆς
485 1782 623 1838 λώβης
643 1784 791 1837 αὐτῶν,
830 1783 1063 1839 Ἀμάντιον
1095 1784 1139 1826 δὲ
1167 1784 1238 1827 τὸν
1266 1783 1535 1842 πραιπόσιτον

58 1910 204 1956 gloriam
228 1917 384 1958 pararet.
433 1913 616 1959 coniugem
652 1927 748 1950 suam
778 1915 986 1962 Luppiciam
1011 1913 1208 1949 diademate
1232 1918 1386 1949 ornatam
1412 1913 1535 1960 Augu-

58 1965 147 1993 stam
174 1958 330 2001 creavit3
365 1971 466 2003 quam
499 1966 699 1996 coronatam
727 1963 876 2007 populus
899 1962 1130 2007 Euphemiam
1155 1967 1286 1995 mutato
1308 1961 1446 1995 nornine
1470 1974 1538 2007 ap-

57 2004 218 2050 pellavit.
267 2004 359 2039 hunc
380 2005 552 2041 Iustinum
575 2007 734 2042 Eulalius
757 2009 909 2053 quidam,
936 2009 980 2042 de
1004 2008 1114 2042 divite
1138 2018 1273 2052 pauper
1295 2008 1422 2050 sactus,
1459 2018 1536 2042 mo-

56 2051 190 2086 riturus
222 2050 386 2086 heredem
418 2058 628 2087 testamento
662 2054 874 2097 nominavit;
913 2054 1086 2098 iussitque
1123 2053 1236 2087 tribue
1274 2053 1348 2087 suis
1380 2053 1534 2098 filiabus,

58 2108 146 2144 quas
171 2097 336 2142 parvulas
355 2097 594 2143 relinquebat,
629 2100 869 2134 educationem
893 2112 967 2134 eam
991 2112 1033 2133 ac
1056 2101 1170 2133 dotem
1196 2100 1389 2144 praebere,
1420 2099 1537 2134 omnia

7 2148 12 2151 “
57 2154 122 2179 aua
145 2143 264 2178 debita
288 2144 522 2180 creditoribus
546 2145 763 2191 persolvere,
800 2152 837 2180 et
860 2147 903 2180 ab
927 2146 973 2180 iis
999 2145 1220 2190 syngraphas
1243 2155 1324 2179 suas
1348 2145 1534 2182 redimere.

58 2201 150 2234 quae
173 2190 289 2225 omnia
306 2191 460 2226 Iustinus
485 2192 586 2236 regia
610 2192 847 2227 munificentia
870 2192 1040 2238 perfecit,
1078 2203 1201 2235 magna
1224 2191 1372 2224 omnium
1398 2191 1458 2234 qui
1481 2189 1536 2224 rei

57 2238 184 2271 famam
219 2237 466 2283 percipiebant
492 2237 734 2275 admiratione.
785 2250 867 2273 usus
892 2244 946 2272 est
968 2237 1123 2272 Iustinus
1147 2237 1327 2271 admodum
1351 2236 1535 2270 familiari-

58 2289 116 2318 ter
136 2283 338 2328 Vitaliano,
373 2285 454 2329 qui,
489 2291 528 2318 ut
550 2290 628 2319 erat
651 2285 885 2328 orthodoxus,
921 2284 1014 2330 apud
1038 2284 1281 2329 imperatorem
1306 2283 1461 2318 instabat
1483 2281 1537 2316 uti

58 2330 213 2364 Severus
238 2330 462 2366 deficeretur.
512 2336 549 2365 at
571 2331 727 2367 Severus
756 2331 822 2365 hoc
850 2331 1005 2365 sentiens
1038 2342 1113 2365 cum
1138 2330 1271 2364 Iuliano
1295 2328 1538 2364 Halicarnassi

58 2375 227 2421 episcopo
251 2377 408 2422 aufugit;
444 2376 621 2422 deletique
650 2378 687 2411 in
715 2378 914 2423 Aegyptum
938 2376 1178 2423 disputatione
1209 2377 1253 2411 de
1283 2375 1445 2410 interitus
1471 2386 1536 2409 ex-

58 2429 162 2468 perte
192 2428 230 2458 et
262 2423 420 2457 interitui
455 2424 607 2458 obnoxio
641 2424 780 2469 prolata
805 2426 924 2459 turbas
947 2423 998 2458 ibi
1021 2423 1207 2457 dederunt.
1255 2429 1331 2456 erat
1354 2428 1427 2456 tum
1451 2420 1537 2455 Ale-

56 2470 234 2504 xandreae
270 2470 457 2515 episcopus
489 2470 697 2505 Dioscorus.
757 2482 832 2505 cum
873 2482 960 2505 vero
995 2470 1105 2504 Roma
1140 2470 1183 2504 ab
1216 2468 1406 2502 Hormisda
1438 2467 1539 2502 misai

57 2515 219 2570 episcopi
241 2516 369 2561 Cpolin
393 2516 594 2561 venissent,
626 2516 796 2551 Vitaliani
818 2517 934 2551 studio
960 2517 1121 2550 effectum
1146 2520 1201 2550 est
1225 2521 1263 2550 ut
1286 2525 1425 2549 sacrum
1449 2525 1535 2548 con-

59 2562 175 2596 cilium
200 2563 422 2598 Chalcedone
446 2562 602 2597 habitum
625 2562 771 2608 reliquis
793 2564 906 2598 tribus
926 2563 965 2597 in
989 2561 1246 2597 ecclesiasticos
1268 2560 1538 2595 commentarios

59 2609 332 2654 adscriberetur,
355 2610 487 2644 loanne
502 2610 715 2655 Cappadoce
739 2609 979 2656 episcopatum
996 2609 1220 2655 Cpolitanum
1244 2607 1358 2642 adhuc
1377 2612 1536 2652 gerente.

60 2655 197 2691 Severo
222 2663 337 2691 amoto
360 2655 489 2692 Paulus
522 2656 653 2690 electus
678 2660 734 2691 est
756 2657 799 2691 ad
826 2655 1066 2701 episcopatum
1091 2653 1306 2690 Antiocheae
1330 2653 1535 2699 gerendum,

59 2701 122 2746 qui
154 2702 252 2747 prius
273 2702 472 2738 Eubuliano
505 2702 724 2737 xenodochio
759 2703 974 2748 praefuerat.
1022 2701 1179 2736 Iustinus
1211 2710 1318 2746 porro
1351 2699 1534 2745 Xemiam,

59 2747 122 2792 qui
146 2756 183 2783 et
203 2749 416 2784 Philoxenus
435 2749 575 2793 dicitur,
600 2749 837 2794 episcopatum
860 2747 1062 2794 Hierapolis
1087 2746 1369 2782 Manichaeorum
1393 2745 1532 2792 opinio-

59 2805 127 2828 nes
140 2802 344 2839 sectantem,
369 2801 406 2830 et
418 2796 558 2830 Petrum
575 2795 752 2840 Apameae
768 2795 970 2842 episcopum
986 2805 1175 2839 omnesque
1194 2804 1322 2832 eorum.
1339 2797 1533 2828 sectatores

57 2840 248 2888 relegavit.
303 2842 502 2879 Amantium
540 2841 779 2889 praepositum
820 2841 981 2889 aliosque
1019 2839 1203 2878 nonnullos
1245 2840 1292 2875 ab
1334 2839 1535 2875 affectatam
