1742 3184
378 172 780 219 HISTORIARUM
812 172 1207 220 coMPENDmle
1438 173 1542 222 477

60 288 83 333 ὅ
102 286 278 347 δράκων,
309 288 473 340 κλείσας
494 287 572 341 τὰς
590 283 729 346 θύρας
744 290 798 345 τῇ
815 282 1020 344 ἐπικλήσει
1035 285 1174 343 Ἰησοῦ
1192 288 1381 346 Χριστοῦ
1397 294 1542 334 τοῦτον

57 359 276 403 ἀπέκτεινε.

200 432 276 486 Τῷ
301 423 348 470 θ’
378 423 456 469 ἔτει
483 428 558 481 τῆς
577 425 789 480 βασιλείας
812 424 1122 469 Κωνσταντίνου
1144 423 1437 484 Μητροφάνης
1455 427 1543 470 ἐπί-

60 513 213 547 σκοπος
233 496 460 548 Βυζαντίου
481 493 518 537 δ’
537 495 687 550 γέγονε.
756 497 888 537 ταῦτα
908 495 1043 538 τοίνυν
1065 493 1087 537 ὃ
1106 499 1180 551 τῆς
1201 493 1307 554 ἑῴας
1322 498 1545 551 Μαξιμια-

28 565 129 616 ῦνὸς
162 563 184 607 ὃ
218 566 261 607 Γ
257 565 445 621 αλλέριος
475 562 658 614 ἀκούσας
685 561 757 605 τὸν
785 563 891 607 κατὰ
918 565 1184 622 Χριστιανῶν
1207 564 1328 620 ἀνῆκε
1349 564 1544 621 πόλεμον.

61 637 104 678 ἓν
124 639 183 693 τῷ
205 632 232 676 ι’
257 633 334 678 ἴτει
358 637 433 688 τῆς
449 634 662 687 βασιλείας
683 632 812 676 αὐτοῦ
830 631 851 675 ὅ
873 634 1001 689 μέγας
1024 635 1334 686 Κωνσταντῖνος
1356 634 1432 678 σὺν
1454 637 1546 678 Λι-

60 705 174 762 κινίῳ
194 704 378 760 Καίσαρι
397 701 503 744 κατὰ
523 707 598 745 τοῦ
618 703 660 743 Γ
658 703 844 758 αλλερίου
869 702 1052 759 ἀθροίζει
1073 702 1273 757 πόλεμον,
1308 707 1376 747 καὶ
1398 710 1545 748 τοῦτον

59 770 317 830 τρεψάμενος
342 770 499 821 πάντας
522 769 812 829 κατασφάττει.
883 771 1007 823 αὐτὸς
1029 773 1074 814 δὲ
1094 770 1115 814 ὃ
1138 775 1180 814 Γ
1177 773 1362 830 αλλέριος
1382 773 1428 816 τὸ
1450 773 1543 816 διά-
1566 780 1597 814 Β

61 844 176 896 δημα
196 841 325 900 ῥίψας
343 843 414 883 καὶ
433 839 527 895 μετ’
551 840 696 897 ὀλίγων
717 839 996 884 εὐνουστάτων
1021 842 1195 898 διαδρὰς
1219 842 1298 884 ἀπὸ
1322 841 1463 899 κώμης
1485 847 1544 894 εἷς

5 923 51 959 10
61 909 202 966 κώμην
232 910 360 969 ᾤχετο
372 941 386 962 ,
421 911 489 952 καὶ
519 910 616 960 τοὺς
647 909 765 965 ἱερεῖς
788 914 871 952 τῶν
893 909 1070 953 εἰδώλων
1089 913 1155 954 καὶ
1172 909 1332 965 μύστας
1349 914 1542 968 καὶπρο·

61 979 197 1038 φήτας
214 981 281 1022 καὶ
301 977 467 1034 μάντεις
485 976 541 1029 ὡς
561 979 800 1029 ἀπατεῶνας
822 980 1088 1037 κατέσφαξεν.
1158 981 1200 1023 ἓν
1227 981 1274 1035 δὲ
1299 985 1358 1039 τῷ
1386 981 1440 1023 ια’
1466 981 1543 1024 ἔτει

57 1050 277 1105 μέλλοντος
303 1051 564 1106 κρατηθῆναι
596 1052 671 1090 τοῦ
705 1049 979 1102 Μαξιμιανοῦ
1003 1046 1084 1090 ὑπὸ
1116 1053 1192 1091 τοῦ
1215 1048 1395 1105 μεγάλου
1418 1052 1541 1093 Κων-

60 1119 294 1169 σταντίνου,
329 1121 597 1173 προλαβοῦσα
625 1117 723 1158 θεία
756 1116 856 1173 ὀργὴ
889 1118 1111 1171 κατέλαβεν
1138 1116 1284 1160 αὐτόν·
1322 1119 1430 1177 φλὸξ
1459 1120 1539 1177 γὰρ

59 1187 139 1230 ἀπὸ
159 1191 242 1230 τῶν
258 1184 500 1242 σπλάγχνων
522 1186 649 1228 αὐτοῦ
664 1187 731 1227 καὶ
748 1189 884 1239 μελῶν
906 1186 1144 1244 ἀναφθεῖσα
1164 1187 1424 1245 ἀμφοτέρους
1444 1188 1541 1239 τοὺς

4 1264 49 1302 15
61 1255 311 1315 ὄφθαλμοὺς
333 1256 462 1298 αὐτοῦ
485 1255 713 1309 ἐκπηδῆσαι
736 1256 971 1310 πεποίηκεν,
1007 1256 1051 1297 αἲ
1075 1257 1119 1298 δὲ
1143 1255 1290 1313 σάρκες
1314 1257 1442 1300 αὐτοῦ
1462 1275 1541 1300 σα-

57 1331 194 1368 πεῖσαι
226 1329 309 1368 τῶν
340 1324 491 1367 ὀστέων
523 1324 709 1375 ἐξέπεσον
718 1354 732 1375 ,
767 1325 835 1365 καὶ
867 1322 974 1366 οὕτω
1005 1325 1209 1375 διατεθεὶς
1233 1325 1305 1380 τὴν
1328 1324 1542 1381 θεομάχον

59 1394 188 1437 αὐτοῦ
209 1393 410 1450 ἀπέρρηξε
426 1392 581 1447 ψυχήν.
651 1396 711 1450 τῷ
727 1393 838 1450 αὐτῷ
857 1393 902 1434 δὲ
920 1391 1059 1450 τρόπῳ
1079 1395 1147 1435 καὶ
1166 1396 1406 1448 Μαξιμΐνος
1424 1394 1446 1438 ὃ
1462 1400 1537 1438 τοῦ
1560 1402 1592 1437 C

56 1467 212 1520 μιαροῦ
236 1461 498 1519 μιαρώτατος
525 1458 637 1513 υἱός,
671 1463 800 1518 μυριά
824 1460 903 1504 ὅσα
922 1464 990 1504 καὶ
1013 1462 1173 1518 ἄρρητα
1195 1463 1299 1506 κατὰ
1325 1468 1407 1506 τῶν
1430 1467 1543 1522 Χρι-

58 1536 234 1575 στιανῶν
266 1529 505 1586 ἐπινοήσας,
537 1528 838 1587 ἀναριθμήτοις
868 1538 1008 1582 κακοῖς
1036 1529 1382 1588 ὗπεβλήθη,·καὶ
1405 1531 1544 1584 νόσοις

0 1601 172 1659 Ξθπαρὰ
190 1598 316 1659 φύσιν
334 1602 403 1643 καὶ
421 1603 595 1655 πληγαῖς
616 1600 812 1650 ἐξαισίαις
831 1599 1202 1656 ποινηλατούμενος
1221 1601 1404 1656 ἐξέψυξε.

197 1673 272 1728 Τῷ
305 1667 362 1724 ιβ’
390 1667 468 1712 ἴτει.
497 1669 690 1712 Λικίνιον
718 1668 926 1724 διαθήκας
946 1668 1177 1724 ἀπαιτήσας
1197 1675 1271 1712 τοῦ
1289 1671 1418 1726 μηδὲν
1437 1670 1543 1714 κατὰ

54 1741 319 1797 Χριστιανῶν
348 1736 541 1796 πράττειν
570 1735 717 1788 κακόν,
764 1739 940 1792 βασιλέα
973 1737 1208 1795 ἀναγορεύει
1237 1741 1306 1782 καὶ
1336 1740 1544 1798 ἀφορίσας

53 1815 205 1867 μοῖραν
224 1811 299 1863 τῆς
312 1805 525 1863 Ῥωμαίων
546 1813 621 1864 γῆς
642 1808 822 1850 δίδωσιν.
892 1807 1082 1851 ἐντεῦθεν
1104 1806 1125 1850 ὃ
1148 1807 1255 1852 κατὰ
1274 1810 1540 1867 Χριστιανῶν

55 1996 125 2031 gua
147 1983 258 2028 cella,
291 1994 385 2028 quae
415 1981 531 2016 aereis
562 1984 647 2026 apta
681 1984 759 2017 erat
788 1979 945 2028 foribus,
982 1981 1048 2016 has
1072 1981 1207 2017 obdens
1230 1982 1269 2016 in
1290 1981 1431 2017 nomine
1454 1982 1539 2017 Iesu

52 2029 190 2067 Christi
212 2030 399 2064 draconem
419 2028 616 2063 interfecit.

146 2077 288 2111 Nonum
322 2086 449 2110 aunum
484 2074 680 2119 imperante
713 2074 971 2119 Constantino,
1007 2074 1262 2120 Metrophanes
1286 2085 1326 2108 xv
1349 2074 1537 2120 episcopus

51 2122 223 2168 Byzantii
246 2127 385 2157 creatus
410 2125 477 2155 est.
525 2120 613 2154 haec
638 2131 715 2155 cum
736 2120 775 2155 in
798 2120 948 2155 Oriente
970 2120 1204 2156 Maximianus
1227 2119 1406 2154 Gallerius
1431 2120 1536 2154 audi-

51 2170 185 2214 visset,
217 2168 347 2203 bellum
377 2168 548 2202 adversus
582 2166 804 2202 Christianos
838 2167 961 2201 movit.
1009 2167 1144 2201 decimo
1177 2178 1269 2201 anno
1302 2166 1358 2200 sui
1382 2166 1539 2212 imperii,

53 2215 309 2251 Constantinus
332 2225 478 2260 magnus
502 2219 538 2247 et
560 2212 719 2247 Licinius
741 2214 875 2248 Caesar
897 2218 1023 2248 contra
1042 2212 1235 2248 Gallerium
1258 2224 1355 2247 arma
1381 2224 1535 2258 parave-

51 2266 149 2298 runt.
197 2265 236 2296 et
258 2260 513 2296 Constantinus
545 2259 625 2293 fuso
654 2259 812 2294 exercitu
843 2258 1013 2304 Gallerii,
1045 2259 1232 2294 universos
1265 2258 1407 2293 occidit.
1456 2258 1538 2304 ipse

50 2307 230 2344 Gallerius
251 2308 416 2355 proiecto¹
437 2306 650 2350 diademate,
672 2317 749 2341 cum
771 2306 893 2352 paucis
916 2305 1096 2340 fidissimis
1117 2306 1203 2351 fuga
1226 2305 1378 2351 elapsus,
1403 2316 1424 2339 a
1442 2315 1535 2350 pago

49 2356 96 2390 ad
118 2365 246 2402 pagum
266 2354 446 2398 discurrit,
471 2353 745 2398 sacerdotesque
767 2352 1049 2397 simulacrorum,
1074 2358 1208 2396 mystas
1221 2378 1230 2395 ,
1254 2356 1356 2386 vates
1380 2355 1418 2385 et
1438 2351 1535 2385 ario-

48 2402 104 2436 los
135 2407 176 2436 ut
206 2401 417 2448 impostores
450 2398 656 2434 trucidavit.
703 2399 886 2434 undecimo
925 2409 1038 2443 anno,
1073 2410 1150 2433 cum
1180 2399 1249 2432 iam
1281 2396 1539 2432 Constantinus

48 2447 298 2482 Maximianum
332 2450 429 2481 esset
458 2446 496 2479 in
527 2455 622 2479 suam
654 2450 865 2490 potestatem
888 2445 1115 2489 redacturus,
1151 2444 1210 2479 dei
1232 2444 1288 2478 ira
1310 2443 1535 2490 imperatoris

51 2498 212 2529 conatum
235 2493 459 2539 corripiendo
485 2491 553 2525 isto
578 2492 781 2526 antevertit.
828 2492 966 2525 flamma
994 2491 1085 2524 enim
1112 2502 1156 2525 ex
1180 2489 1360 2525 intestinis
1384 2489 1537 2524 Gallerii

51 2545 88 2576 et
118 2541 284 2575 membris
316 2544 461 2584 exorta,
495 2543 681 2582 utrumque
713 2539 747 2572 ei
777 2537 911 2572 oculum
945 2537 1056 2571 elisit:
1091 2547 1287 2583 carnesque
1320 2537 1365 2571 ab
1396 2535 1537 2571 ossibus

50 2586 274 2622 deciderunt.
322 2585 375 2620 sic
398 2585 458 2619 ille
482 2585 642 2629 affectus,
669 2584 735 2618 deo
762 2584 1007 2618 adversantem
1033 2583 1181 2618 animam
1207 2583 1293 2629 egit.
1341 2581 1538 2628 eodemque

50 2633 154 2668 modo
179 2632 411 2677 Maximinus,
447 2630 615 2666 scelerosi
645 2630 747 2664 huius
780 2629 1071 2665 sceleratissimus
1103 2628 1217 2675 filius,
1249 2628 1311 2675 qui
1333 2628 1475 2663 infinita
1497 2633 1535 2663 et

48 2679 245 2715 ineffabilia
263 2683 388 2714 contra
410 2678 633 2713 Christianos
657 2676 943 2721 excogitaverat,
978 2676 1170 2711 innumeris
1193 2675 1317 2722 poenis
1340 2675 1534 2720 subiectus,

49 2727 253 2771 morbisque
275 2724 532 2761 innaturalibus
557 2729 594 2758 et
614 2723 784 2758 inauditis
807 2722 960 2757 miseriis
983 2722 1252 2757 excarnificatus
1277 2721 1378 2759 obiit.

142 2772 360 2808 Duodecimo
381 2783 472 2806 anno
493 2769 690 2813 Licinium,
713 2780 791 2804 cum
814 2770 848 2804 is
870 2774 976 2815 pacto
998 2768 1071 2803 icto
1094 2768 1282 2816 stipulatus
1303 2771 1418 2813 esset,
1441 2766 1532 2802 nihil

50 2829 90 2854 se
117 2824 241 2855 contra
266 2818 488 2854 Christianos
511 2821 747 2860 tentaturum,
771 2816 1015 2861 imperatorem
1039 2815 1243 2861 declaravit,
1293 2820 1473 2861 artemque
1497 2814 1533 2848 ei

50 2865 201 2902 Romani
244 2864 387 2912 imperii
425 2863 602 2900 attribuit.
659 2868 744 2899 tunc
776 2862 837 2898 dei
868 2861 1042 2898 beneficio
1078 2861 1222 2898 vexatio
1251 2827 1533 2897 gariofianorm
