1742 3184
384 216 786 267 HISTORI'ARUM
820 220 1215 267 GOMPENDIUM.
1479 224 1544 271 89

17 384 22 390 ,
62 345 136 396 τῆς
165 340 392 393 Λευιτικῆς
422 339 578 396 φυλῆς,
628 332 717 396 εὗρε
742 336 950 398 μυριάδας
980 337 1174 395 ἑξήκοντα
1201 339 1269 383 καὶ
1296 342 1546 397 τρισχιλίους

62 411 351 460 πεντακοσίους
371 407 643 464 πεντήκοντα,
690 408 771 452 ἀπὸ
791 414 873 453 τῶν
891 408 1161 453 ἐσελθόντων
1181 411 1238 461 εἰς
1257 409 1468 465 Αἴγυπτον
1489 410 1543 454 σε’

62 484 234 535 ψυχῶν,
270 481 327 530 εἷς
350 478 418 534 ἔτη
441 477 528 522 σιε’.
597 477 744 530 πάντες
766 480 810 522 δὲ
832 473 944 523 οὗτοι
964 480 1007 522 ἓν
1023 485 1076 538 τῇ
1095 478 1234 538 ἐρήμῳ
1255 478 1544 538 διεφθάρησαν

62 550 265 600 ποικίλως,
302 548 431 603 οἱμὲν
452 549 522 591 διὰ
541 550 825 606 βλασφημίαν,
855 550 894 592 οἳ
914 550 959 592 δὲ
981 550 1037 592 δι’
1061 551 1409 607 εἶδωλολατρείαν,
1440 551 1477 593 οἳ
1499 552 1544 594 δὲ

26 619 120 662 5δι’
145 618 347 670 ἀπιστίαν,
383 618 499 669 ἐκτὸς
514 613 660 674 Ἰησοῦ
680 621 747 661 καὶ
768 617 929 674 Χάλεβ.
982 619 1111 675 ’ἔζησε
1146 621 1191 663 δὲ
1221 619 1390 675 Ἰησοῦς
1418 618 1440 662 ὃ
1473 624 1547 663 τοῦ

59 692 186 744 Ναυῆ
205 688 273 744 ἔτη
295 686 439 731 ἑκατὸν
459 689 582 741 δέκα,
627 686 648 731 ὅ
674 689 718 731 δὲ
740 693 815 732 τοῦ
836 691 1006 748 ’Ῑεφονῆ
1026 688 1176 745 Χάλεβ
1197 689 1265 746 ἔτη
1286 688 1431 734 ἑκατὸν
1452 689 1547 747 ἑξή-

60 776 196 801 κοντα.

189 827 291 870 “Ou
310 828 357 870 ἐν
375 831 428 885 τῇ
449 827 618 887 δευτέρᾳ
640 825 908 885 ἓξαριθμήσει
918 859 932 880 ,
962 824 1082 884 ἡνίκα
1107 830 1299 884 Μωϋσῆς
1318 831 1385 872 καὶ
1402 827 1546 872 Ἐλεά-

61 897 135 955 ζαρ
156 896 398 955 ἠρίθμησαν
416 897 486 940 τὸν
505 895 628 948 λαόν,
663 898 738 953 οὐχ
772 897 922 955 εὑρέθη
953 897 1177 955 ἄνθρωπος
1208 900 1251 941 ἐκ
1280 904 1355 955 τῆς
1379 899 1545 956 πρώτης

0 965 352 1024 ·1οἀριθμήσεως,
404 964 522 1022 ἡνίκα
551 968 744 1022 Μωῢσῆς
768 969 835 1010 καὶ
868 967 1028 1025 Ἀαρών
1055 968 1296 1026 ἠρίθμησαν
1328 969 1398 1012 τὸν
1427 969 1542 1012 λαόν.

58 1038 192 1093 γέγονε
213 1037 257 1079 δὲ
275 1034 304 1093 ἦ
325 1036 466 1094 πρώτη
486 1036 713 1095 ἆρίθμησις
732 1039 822 1097 περὶ
840 1037 886 1081 τὸ
908 1040 1072 1081 Σίναιον
1081 1070 1095 1091 ,
1131 1037 1157 1094 ἢ
1179 1039 1224 1081 δὲ
1242 1040 1411 1097 δευτέρα
1428 1039 1541 1098 παρὰ
1562 1051 1593 1088 Β

58 1107 129 1150 τὸν
143 1104 375 1164 Ἰορδάνην.

187 1175 288 1220 ‘'Ou
310 1174 468 1232 δεήσεις
483 1174 667 1233 μεγάλας
683 1174 958 1232 ποιησάμενος
976 1177 1080 1234 πρὸς
1096 1176 1167 1220 τὸν
1187 1177 1288 1221 θεὸν
1307 1179 1364 1228 εἷς
1382 1177 1427 1220 τὸ
1451 1180 1543 1222 δια-

57 1249 181 1301 βῆναι
201 1246 272 1289 τὸν
288 1244 509 1303 Ἰορδάνην
526 1248 592 1288 καὶ
614 1248 712 1289 ἰδεῖν
731 1247 806 1302 τὴν
827 1251 902 1303 γῆν
919 1251 992 1302 τῆς
1013 1249 1251 1303 ἐπαγγελίας
1268 1247 1343 1303 οὐχ
1358 1246 1541 1303 ὑπηκού-

2 1324 48 1360 15
60 1319 169 1371 σθη,
205 1316 300 1358 ἀλλ’
328 1315 434 1359 εἶπεν
455 1316 566 1374 αὐτῷ
590 1314 611 1358 ὅ
632 1315 731 1367 θεός
746 1315 1016 1359 ι(ἱκανούσθω
1033 1334 1119 1368 σοι,
1156 1317 1342 1372 ἀνάβηθι
1373 1319 1437 1359 ἐπὶ
1467 1319 1541 1374 τὴν

57 1385 245 1443 κορυφὴν
266 1390 341 1428 τοῦ
359 1385 503 1442 ὅρους,
544 1387 611 1428 καὶ.
636 1386 695 1428 ἴδε
718 1393 803 1437 τοῖς
821 1386 1059 1443 ὀφθαλμοῖς
1079 1403 1170 1438 σου,
1207 1386 1268 1429 ὅτι
1291 1387 1338 1429 οὐ
1357 1387 1540 1446 διαβήσῃ

57 1454 129 1497 τὸν
143 1453 410 1511 Ἰορδάνην.”
482 1456 549 1507 καὶ
567 1454 796 1511 ἐτελεύτησε
819 1458 1013 1510 Μωῦσῆς
1035 1457 1076 1498 ἐν
1095 1461 1153 1514 τῷ
1174 1455 1257 1516 ὄρει
1282 1448 1416 1514 ἐκείνῳ
1440 1459 1541 1500 ἐτῶν

57 1522 201 1568 ἑκατὸν
224 1525 334 1567 δέκα.
404 1525 472 1567 καὶ
499 1522 654 1580 ἡγεῖται
683 1530 757 1569 τοῦ
788 1529 891 1569 λαοῦ
921 1525 1088 1581 Ἰησοῦς
1115 1526 1183 1582 ἔτη
1217 1525 1277 1579 κζ’
1290 1558 1304 1579 ,
1341 1525 1466 1583 ζήσας
1488 1527 1541 1571 τοὶ

55 1592 189 1638 πάντα
210 1594 278 1650 ἔτη
302 1593 445 1637 ἑκατὸν
463 1594 575 1636 δέκα.
770 1651 774 1657 .

0 1671 48 1708 80
188 1664 314 1707 Ἀλλὰ
356 1664 448 1707 δέον
487 1660 706 1720 ἡγησάμην
736 1663 989 1722 σαφέστερον
1016 1662 1068 1707 τὰ
1104 1662 1194 1722 περὶ
1228 1669 1303 1707 τοῦ
1333 1668 1540 1722 μακαρίου

57 1735 276 1785 Μωϋσὲως
296 1735 531 1784 διεξελθεῖν.
599 1733 761 1788 μέλλων
789 1733 867 1791 γὰρ
890 1731 910 1775 ὅ
932 1733 1151 1784 θεσπέσιος
1171 1727 1290 1785 οὗτος
1310 1735 1381 1777 τὸν
1403 1735 1541 1778 δεύτε-

56 1820 129 1862 ρον
150 1803 275 1859 νόμον
295 1804 491 1858 δέχεσθαι
511 1802 637 1859 ἀνέβη
661 1803 719 1854 εἷς
738 1803 785 1847 τὸ
816 1803 935 1862 ὅρος,
969 1805 1038 1846 καὶ
1066 1803 1217 1860 κατέβη
1240 1803 1381 1863 κύριος
1405 1806 1448 1848 ἐν
1473 1823 1538 1849 νε·
1561 1819 1594 1854 c

152 1935 195 1971 18
219 1932 330 1980 δέκα]
355 1934 473 1971 εἴκοσι
494 1946 613 1981 margo
637 1935 667 1971 P

55 2051 191 2096 absque
212 2050 415 2086 mulieribus
440 2056 477 2086 et
501 2051 624 2086 liberis
645 2054 751 2095 atque
775 2050 939 2085 Levitica
962 2049 1078 2096 tribu,
1108 2051 1248 2087 invenit
1267 2063 1430 2087 summam
1455 2064 1538 2088 sex-

56 2103 237 2132 centorum
258 2098 399 2143 milium,
428 2111 469 2133 ac
489 2098 595 2134 trium
619 2097 748 2132 milium
769 2097 1040 2143 quingentorum
1064 2098 1333 2145 quinquaginta.
1382 2100 1427 2134 ad
1446 2100 1541 2134 hunc

55 2155 236 2178 numerum
259 2144 409 2191 populus
432 2146 548 2191 spatio
571 2146 640 2181 215
664 2155 832 2179 annorum
859 2157 903 2179 ex
929 2145 974 2180 75
998 2145 1175 2190 capitibus
1200 2151 1419 2190 excreverat,
1445 2155 1538 2191 quae

54 2190 93 2224 in
118 2191 319 2237 Aegyptum
347 2192 616 2227 descenderant.
664 2202 785 2226 verum
818 2191 908 2226 haec
939 2191 1050 2226 omnis
1080 2191 1265 2227 multitudo
1287 2192 1325 2226 in
1347 2192 1539 2227 solitudine

55 2237 208 2272 diversis
233 2237 343 2272 modis
367 2250 486 2273 omnes
509 2239 713 2284 perierunt,
747 2237 829 2283 alii,
866 2239 960 2283 quod
985 2239 1029 2272 de
1052 2239 1119 2273 deo
1140 2237 1250 2285 impie
1273 2245 1393 2273 essent
1414 2239 1536 2284 locuti,

55 2283 118 2318 alii
142 2285 187 2318 ob
210 2284 472 2319 simulacrorum
497 2285 646 2331 cultum,
679 2284 740 2319 alii
771 2285 816 2318 ob
840 2284 1135 2320 incredulitatem.
1184 2285 1251 2320 soli
1277 2286 1382 2320 Iosua
1409 2282 1536 2320 Nauae

56 2331 165 2412 bgoet
186 2330 339 2365 Calebus
362 2332 543 2378 Iephunae
569 2332 615 2368 F.
643 2331 853 2377 superstites
876 2331 1041 2376 fuerunt3
1075 2343 1222 2377 quorum
1254 2331 1312 2366 ille
1348 2332 1439 2377 110,
1475 2331 1534 2367 hic

57 2379 77 2412 1
146 2388 257 2411 annos
279 2377 384 2412 vixit.

148 2424 191 2458 In
209 2426 364 2459 secunda
388 2424 508 2470 populi
529 2424 737 2460 recensione
762 2436 784 2459 a
799 2423 902 2459 Mose
926 2428 964 2459 et
986 2423 1161 2458 Eleazaro
1186 2424 1349 2458 instituta
1372 2435 1417 2458 ne
1444 2434 1535 2458 unus

54 2468 195 2515 quidem
238 2482 358 2505 eorum
394 2471 590 2506 mortalium
630 2471 808 2517 superfuit
835 2471 898 2516 qui
927 2470 964 2505 in
996 2471 1116 2516 priore
1144 2471 1286 2505 fuerant
1313 2469 1536 2515 recensione,

55 2527 159 2561 quam
182 2516 304 2552 Moses
328 2523 366 2552 et
387 2518 507 2552 Aaron
529 2518 727 2554 obiverant.
751 2530 795 2553 ea
815 2517 916 2552 iuxta
934 2523 1084 2552 montem
1108 2517 1222 2562 Sinai,
1243 2517 1422 2565 posterior
1440 2528 1536 2564 pone

54 2562 240 2598 Iordanem
263 2569 343 2599 acta
363 2564 447 2599 fuit.

148 2610 268 2645 Moses
291 2622 367 2645 cum
390 2623 412 2645 a
439 2611 506 2645 deo
530 2610 647 2646 multis
668 2611 835 2658 precibus
859 2609 1008 2656 supplex
1032 2610 1272 2645 contendisset
1301 2614 1340 2644 ut
1366 2609 1437 2644 sibi
1454 2609 1535 2644 Ior-

56 2656 182 2691 danem
204 2657 357 2692 transire
379 2662 581 2702 terramque
604 2659 809 2703 promissam
832 2668 979 2692 cernere
1002 2656 1159 2701 daretur,
1182 2669 1253 2691 non
1278 2656 1445 2691 obtinuit.
1471 2656 1537 2691 sed

55 2702 148 2738 dixit
178 2702 213 2738 ei
240 2704 327 2739 deus
357 2700 448 2739 “hoc
477 2704 544 2739 tibi
573 2705 742 2740 sufficiat.
789 2704 965 2740 adscende
988 2702 1026 2737 in
1049 2703 1219 2738 verticem
1241 2703 1388 2748 montis,
1424 2701 1534 2738 oculis

56 2749 128 2784 tuis
150 2749 285 2785 eminus
306 2755 438 2786 terram
458 2751 559 2787 istam
577 2752 782 2797 speculare:
805 2763 876 2785 non
894 2749 986 2785 enim
1006 2749 1174 2785 transibis
1192 2745 1417 2785 Iordanem-’²
1438 2761 1533 2784 mor-

55 2801 138 2831 tuus
163 2802 219 2830 est
241 2801 357 2832 autem
379 2797 500 2832 Moses
524 2810 566 2832 eo
589 2798 628 2832 in
651 2803 781 2843 monte,
805 2808 916 2832 annos
938 2801 1040 2830 natus
1066 2797 1147 2831 120.
1168 2797 1294 2832 ductor
1309 2795 1433 2843 populi
1451 2798 1536 2842 post

56 2854 135 2877 eum
158 2842 230 2877 fuit
249 2843 355 2878 Iosua
377 2855 443 2890 per
463 2855 574 2879 annos
594 2845 654 2890 27,
675 2844 837 2890 vixitque
861 2854 971 2878 annos
995 2841 1135 2877 omnino
1161 2846 1240 2878 110.

147 2889 342 2924 Enimvero
372 2902 503 2937 operae
534 2891 615 2927 fore
646 2891 730 2926 duxi
763 2903 823 2926 res
851 2889 949 2924 beati
970 2888 1082 2924 Mosis
1103 2889 1241 2936 planius
1262 2889 1454 2936 explicare.
1502 2887 1535 2921 is

57 2944 143 2982 ergo
163 2941 372 2985 accepturus
393 2937 602 2974 secundario
626 2937 740 2985 legem
761 2937 800 2972 in
822 2939 974 2972 montem
997 2936 1195 2973 adscendit.
1228 2936 1414 2973 descendit
1432 2946 1474 2970 eo
1496 2934 1535 2969 in
