1742 3184
181 182 283 231 694
667 181 910 229 GEORGII
943 178 1194 226 CEDRENI

180 298 412 352 καθέζεται.
481 296 504 342 ὃ
535 298 580 342 δὲ
607 297 882 356 Καρδαρίχας
910 299 1181 354 στρατολογεῒ
1199 291 1367 347 ἰδιώτας
1389 296 1493 352 μεθ’
1517 293 1671 350 ὑποζυ-

179 370 278 427 γίων
287 402 300 421 ,
335 371 404 413 καὶ
428 369 483 411 δι’
506 368 666 426 ὀχυρῶν
684 365 820 411 τόπων
839 368 881 410 ἓν
902 364 1087 425 ἀσελήνῳ
1104 367 1216 410 νυκτὶ
1240 366 1303 408 ἐπὶ
1323 365 1376 409 τὰ
1394 371 1505 410 νῶτα
1521 367 1671 423 γίνεται

178 443 261 483 τῶν
282 437 496 494 Ῥωμαιίον
506 471 520 491 ,
554 440 759 494 μηδαμῶς
779 439 954 495 θαρρῶν
972 443 1116 495 χεῖρας
1137 435 1276 487 αὐτοῖς
1298 436 1503 492 ἐμβαλεῖν.
1568 433 1671 479 Ῥω-

178 516 296 564 μαῖοι
327 510 372 552 δὲ
402 512 461 567 τῶ
489 509 646 567 ἀκαίρῳ
678 505 800 566 φόβῳ
829 506 1196 558 διασκεδασθέντες
1226 505 1295 548 διὰ
1328 503 1671 558 δυσδιεξοδεύτων

178 577 315 622 τόπων
334 577 526 636 μεγάλοις
545 575 747 628 κινδύνοις
767 576 1016 635 περιέπεσον.
1085 578 1246 633 πρωΐας
1262 575 1309 619 δὲ
1325 576 1562 633 γενομένης,
1598 579 1705 631 τῆς5

126 656 156 693 Β
180 653 402 706 συμφορᾶς
419 645 739 703 ἀπηλλάττοντο,
768 648 836 690 καὶ
854 646 926 690 τὸν
942 647 1171 704 στρατηγὸν
1188 644 1489 702 καταλαβόντες
1503 646 1673 703 ὕβρεσιν

178 720 406 774 αἰσχίσταις
433 721 578 760 τοῦτον
604 716 770 772 ἔβαλον.
839 716 879 759 οἱ
912 717 958 760 δὲ
985 716 1150 775 Πέρσαι
1171 718 1419 760 ἐπίπλαστον
1435 716 1674 772 νομίσαντες

180 785 280 831 εἶναι
303 788 378 843 τὴν
400 787 536 845 φυγὴν
560 789 705 839 διῶξαι
725 786 800 830 οὐκ
819 784 1064 843 ἐτόλμησαν.
1127 784 1372 845 “Ηρα’κλειος
1401 787 1446 829 δὲ
1473 783 1674 843 διαπερά-

178 875 257 908 σας
287 856 358 900 τόν
393 858 571 915 Τίγρην,
606 856 686 901 ὅσα
718 861 792 911 τῆς
821 858 1021 913 Μηδικῆς
1043 853 1189 914 χώρας
1216 850 1522 912 ἦσαν’ἕπίσημα
1536 856 1674 913 χωρία

178 928 402 984 παρεδίδου
421 928 540 986 πυρί,
575 929 643 970 καὶ
662 925 794 978 οὕτως
813 927 917 984 πρὸς
938 927 1186 970 Φιλιππικὸν
1204 925 1429 985 ἀνέστρεψε
1446 925 1551 981 μετὰ
1569 923 1672 969 σκύ-
1685 929 1730 967 10

177 1000 260 1039 λων
291 1001 467 1040 πολλῶν.
536 999 604 1040 καὶ
630 998 781 1054 γίνεται
805 995 928 1040 πάλιν
952 995 1060 1040 κατὰ
1081 995 1156 1052 τὴν
1178 994 1536 1054 ΠῙαρτυρούπολιν
1555 997 1673 1053 Περ-

177 1066 291 1118 σικὸς
311 1067 414 1122 μετὰ
431 1065 645 1123 Ῥωμαίων
663 1065 864 1123 πόλεμος,
898 1068 967 1110 καὶ
988 1069 1188 1125 κρατοῦσι
1202 1064 1424 1121 Ῥωμαῖοι,
1461 1067 1530 1108 καὶ
1554 1065 1674 1108 ἄναι-

175 1142 306 1194 ρεῖται
339 1135 361 1179 ὃ
391 1142 473 1180 τῶν
499 1139 678 1195 Περσῶν
706 1136 936 1196 στρατηγὸς
963 1138 1204 1194 Βαρουζᾶς,
1235 1134 1598 1192 συλλαμβάνονται
1628 1135 1674 1178 δὲ

177 1207 246 1249 καὶ
279 1208 424 1259 ζῶντες
450 1207 667 1265 τρισχίλιοι
695 1209 764 1250 καὶ
794 1207 832 1251 οἳ
854 1210 935 1251 τῶν
957 1208 1179 1265 Περσικῶν
1202 1204 1424 1263 ταγμάτων
1445 1206 1675 1263 ταξίαρχοι.

171 1276 298 1330 χίλιοι
324 1277 368 1319 δὲ
389 1274 510 1332 μόνοι
531 1277 602 1320 τὸν
627 1276 811 1336 ἀριθμὸν
835 1274 1083 1332 ἐσώθησαν,
1121 1276 1167 1320 οἳ
1181 1278 1249 1320 καὶ
1266 1276 1373 1332 μετὰ
1391 1273 1590 1319 κινδύνων
1608 1276 1673 1318 ἐπὶ
1687 1279 1730 1316 15

122 1348 155 1383 C
177 1345 252 1402 τὴν
268 1348 459 1405 Περσίδα
481 1347 751 1405 ἀνέστρεψαν.
821 1347 860 1391 οἳ
881 1347 925 1390 δὲ
941 1344 1138 1403 Ῥωμαῖοι
1158 1347 1365 1403 πέμπουσι
1381 1345 1487 1404 πρὸς
1502 1345 1574 1389 τὸν
1590 1349 1674 1401 βα-

176 1416 291 1458 σιλέα
310 1416 363 1459 τὰ
383 1417 572 1474 Περσικὰ
591 1415 761 1476 λάφυρα
779 1420 848 1460 καὶ
867 1417 965 1469 τούς
985 1417 1270 1475 ζωγρηθέντας
1288 1415 1474 1467 ἅπαντας
1495 1416 1571 1459 σὺν
1588 1422 1674 1467 τοΐς

173 1483 358 1539 βάνδοις.
429 1485 451 1530 ὁ
480 1487 524 1529 δὲ
552 1488 793 1545 Μαυρίκιος
819 1486 949 1532 ἔκτισε
973 1486 1044 1531 τὸν
1063 1486 1278 1546 Καριανὸν
1293 1485 1475 1542 «ἔμβολον
1496 1487 1538 1529 ἓν
1556 1488 1674 1528 Βλα-

171 1555 359 1613 χέρναις,
394 1554 564 1615 γράψας
586 1558 628 1600 ἓν
653 1558 768 1617 αὐτῷ’
791 1557 861 1600 διὰ
886 1559 1125 1616 ζωγραφίας
1144 1558 1220 1609 τὰς
1242 1555 1393 1601 ἑαυτοῦ
1412 1555 1579 1613 πράξεις
1599 1556 1675 1607 τὰς

175 1625 219 1667 ἐκ
249 1623 452 1669 παιδόθεν
476 1627 597 1685 μέχρι
623 1631 697 1683 τῆς
722 1627 850 1671 αὐτοῦ
869 1629 1095 1682 βασιλείας.
1166 1625 1430 1685 ἀνεπλήρωσε
1456 1627 1503 1669 δὲ
1529 1627 1600 1669 καὶ
1627 1626 1732 1669 τὸ20

174 1694 218 1736 ἒν
247 1695 361 1754 αὐτῷ
391 1695 591 1752 δημόσιον
619 1694 807 1755 λουτρόν.
876 1704 1005 1741 τυποῖ
1023 1698 1068 1740 δὲ
1093 1698 1162 1739 καὶ
1185 1697 1259 1753 τὴν
1281 1697 1399 1752 λιτὴν
1419 1696 1676 1752 καλουμένην

173 1766 395 1821 πρεσβείαν
419 1766 526 1809 κατὰ
552 1766 818 1824 παρασκευὴν
845 1767 888 1810 ἓν
916 1767 1176 1825 Βλαχὲρναις
1202 1770 1413 1810 τελεῖσθαι
1434 1767 1503 1809 καὶ
1524 1767 1567 1809 ἐν
1591 1772 1676 1817 τοῖς

173 1834 531 1891 Χαλκοπρατείοις
547 1839 829 1893 πληροῦσθαι.

313 1906 389 1963 Τῷ
421 1901 455 1954 ς’
485 1904 564 1948 ἔτει
584 1904 623 1947 οἳ
640 1905 931 1962 Λογγίβαρδοι
950 1900 1130 1959 πόλεμον
1150 1903 1305 1961 ἤραντο
1325 1903 1431 1948 κατὰ
1447 1902 1675 1961 Ῥωμαίων,

171 2012 279 2047 sidet.
329 2012 566 2050 Cardarichas
590 2017 708 2050 autem
731 2013 880 2049 collecta
903 2013 1058 2048 tironum
1081 2023 1186 2048 manu
1207 2016 1247 2049 et
1265 2012 1447 2060 iumentis,
1468 2019 1577 2051 noctu
1598 2027 1676 2051 cum

172 2057 256 2094 luna
285 2059 427 2106 sileret,
461 2072 528 2107 per
558 2060 638 2097 loca
669 2066 797 2096 natura
818 2060 954 2096 munita
978 2072 1022 2095 eo
1050 2060 1219 2107 pervenit
1241 2065 1282 2095 ut
1307 2072 1329 2096 a
1350 2066 1456 2106 tergo
1479 2067 1574 2098 esset
1598 2064 1675 2099 Ro-

171 2116 369 2152 manorum,
411 2108 621 2153 quibuscum
655 2119 846 2143 conserere
877 2118 1016 2143 manum
1046 2118 1267 2153 nequaquam
1297 2108 1465 2144 audebat.
1524 2110 1677 2146 Romani

171 2151 329 2188 locorum
353 2154 607 2201 imperviorum
635 2154 826 2201 iniquitate
850 2159 888 2189 et
908 2154 1162 2200 intempestivo
1187 2160 1326 2190 terrore
1349 2155 1388 2189 in
1411 2167 1581 2192 summum
1609 2170 1676 2204 pe-

170 2199 319 2234 riculum
347 2201 583 2236 devenerunt.
633 2215 653 2237 e
687 2213 757 2248 quo
792 2206 912 2236 tamen
944 2200 1022 2235 luce
1056 2202 1152 2236 facta
1184 2201 1290 2238 facile
1322 2208 1537 2247 evaserunt,
1573 2216 1674 2239 arre-

171 2251 342 2292 ptumque
368 2248 491 2283 ducem
516 2248 748 2284 atrocissimis
772 2247 993 2283 contumeliis
1018 2248 1259 2293 exagitarunt.
1317 2249 1451 2284 Persae
1474 2256 1591 2285 autem
1615 2252 1676 2286 fu-

172 2304 253 2338 gam
285 2306 360 2330 eam
393 2294 553 2330 simulari
585 2301 751 2343 putantes
776 2306 847 2330 non
871 2299 953 2329 sunt
975 2294 1055 2330 ausi
1076 2294 1232 2340 insequi.
1281 2299 1320 2330 at
1342 2296 1530 2332 Heraclius
1554 2302 1673 2332 trans-

172 2338 280 2375 misso
312 2341 440 2387 Tigri,
474 2353 707 2388 quaecunque
738 2341 883 2377 Mediae
908 2347 1012 2377 erant
1042 2340 1219 2377 nobiliora
1240 2342 1394 2388 oppida,
1434 2355 1477 2378 ea
1501 2344 1675 2391 incendit,

172 2391 282 2432 atque
307 2387 360 2423 ita
382 2389 428 2424 ad
451 2388 688 2436 Philippicum
714 2393 769 2424 est
793 2399 921 2433 magna
943 2400 1021 2423 cum
1042 2389 1179 2434 praeda
1199 2399 1382 2424 reversus.
1427 2401 1565 2426 rursum
1590 2391 1676 2427 inde

172 2433 218 2467 ad
250 2433 524 2483 Martyropolim
558 2436 742 2471 commisso
777 2435 873 2470 inter
905 2435 1035 2470 Persas
1070 2447 1111 2470 ac
1135 2436 1314 2470 Romanos
1345 2437 1483 2482 praelio
1507 2437 1674 2474 vicerunt

173 2479 336 2516 Romani.
385 2482 517 2517 cecidit
551 2495 593 2518 eo
629 2482 668 2517 in
702 2482 839 2528 praelio
864 2483 1023 2517 Baruzas
1046 2482 1236 2516 Persarum
1260 2483 1351 2528 dux,
1389 2489 1565 2530 captaque
1588 2491 1674 2521 sunt

171 2526 243 2561 tria
265 2528 382 2573 milia,
421 2541 462 2565 ac
485 2529 624 2564 Persici
648 2529 826 2565 exercitus
849 2529 1029 2564 ductores.
1078 2528 1173 2563 mille
1195 2533 1333 2564 tantum
1354 2530 1400 2564 de
1425 2530 1582 2566 Persicis
1609 2544 1671 2567 co—

199 2572 243 2607 iis
274 2574 433 2611 homines
470 2575 569 2611 clade
593 2576 731 2612 evitata
753 2588 826 2611 non
848 2577 985 2621 absque
1011 2575 1181 2622 periculis
1204 2575 1243 2610 in
1264 2575 1449 2611 Persidem
1473 2579 1672 2614 redierunt.

208 2621 324 2655 omani
348 2622 393 2657 ad
415 2623 665 2679 imperatorem
689 2624 856 2668 praedam
879 2622 1024 2677 mittunt
1045 2622 1248 2677 Ριειέἱοιιιιι2
1283 2634 1486 2678 omnesque·
1507 2625 1672 2680 captivps

171 2675 242 2700 una
267 2679 345 2702 cum
372 2670 514 2705 bandls.
562 2670 758 2705 Mauricius
785 2681 893 2715 porro
918 2669 1075 2705 camna
1095 2674 1212 2704 rostra
1235 2681 1272 2703 1n
1298 2669 1506 2705 Blacherms
1536 2673 1672 2717 condit,

173 2710 281 2758 inque
306 2726 348 2749 eo
373 2728 510 2752 omnem
536 2728 635 2752 suam
659 2729 681 2751 a
702 2716 858 2763 pueritia
879 2727 993 2761 usque
1014 2717 1057 2751 ad
1083 2715 1345 2762 imperatoriam
1369 2716 1580 2762 dignitatem
1611 2718 1670 2753 vi-

173 2763 231 2792 tae
267 2759 451 2797 historiam
488 2764 663 2810 depingit.
712 2763 869 2798 absolvit
891 2763 998 2798 etiarn
1019 2762 1195 2809 publicum
1220 2762 1272 2798 ibi
1294 2763 1472 2799 balneum.
1522 2770 1559 2800 et
1582 2777 1667 2799 con—

172 2805 290 2840 stituit
322 2813 362 2841 ut
391 2810 534 2854 publica
569 2810 796 2857 deprecatio,
818 2809 911 2845 vsive
934 2809 1146 2845 intercessio
1170 2809 1324 2855 dicitur,
1360 2810 1399 2845 iu
1426 2823 1625 2858 parasceua
1645 2823 1668 2846 a

170 2851 376 2888 Blachernis
400 2857 445 2890 ad
471 2857 724 2904 Chalcopratia
749 2857 953 2891 duceretur.

262 2899 364 2936 Anno
388 2907 491 2938 sexto
515 2903 745 2951 Longobardi
767 2904 896 2940 benum
921 2902 1090 2940 Romanis
1114 2901 1329 2949 intulerunt,
1361 2908 1399 2939 et
1426 2904 1600 2941 Maurusii
1631 2903 1668 2938 in
