1742 3184
206 191 301 263 112
549 257 551 260 ,
682 211 921 257 GEORGII
956 211 1202 258 CEDRENI

200 330 452 388 ἐπερωτῆσαι
471 327 512 373 ἔν
532 328 673 388 κυρίῳ.
723 327 781 381 ὥς
802 330 848 374 δὲ
873 327 932 373 ἔτι
963 331 1032 373 καὶ
1060 333 1219 386 μᾶλλον
1239 326 1504 375 συνεκόπτετο
1526 327 1554 388 ἦ
1578 348 1687 388 παρ-

201 400 355 456 εμβολὴ
376 404 456 443 τῶν
479 399 724 459 ἀλλοφύλων
744 398 813 458 ὕφ’
836 398 990 443 ἑαυτῶν
1012 401 1308 456 (ἐπανέστησαν
1329 401 1408 459 γὰρ
1430 401 1468 444 οἱ
1485 402 1685 455 ἔπίμικτοι.

200 473 267 514 καὶ
295 473 433 514 δοῦλοι
461 471 500 514 οἱ
529 470 634 525 μετὰ
663 474 743 513 τῶν
766 469 1010 528 ἀλλοφύλων
1029 471 1133 513 καθ’
1160 469 1331 523 ἑαυτῶν,
1367 473 1436 514 καὶ
1455 469 1686 515 ἕπάτασσον

149 550 179 585 Β
203 540 352 591 αὖτοὺς
373 539 641 599 ῥομφαίαις),
679 538 759 582 εἶπε
784 540 926 582 Σαοὺλ
959 545 1016 599 τῷ
1045 540 1162 601 Ἀχία
1191 543 1402 584 συστεῖλαι
1431 540 1506 592 τὰς
1527 547 1686 598 χεῖρας,

201 613 269 654 καὶ
299 611 467 654 ἐπέθετο
500 609 623 660 αὐτὸς
650 616 735 660 τοῖς
768 608 1016 666 ἀλλοφύλοις
1045 610 1120 654 σὺν
1148 617 1232 661 τοῖς
1256 609 1495 662 ἑξακοσίοις.
1520 643 1524 647 -
1564 611 1720 666 effa-5

199 684 281 723 θον
313 681 358 723 δὲ
385 682 453 723 καὶ
481 680 520 722 οἶ
554 681 596 722 ἓν
622 686 708 730 τοῖς
738 681 952 735 σπηλαίοις
976 681 1043 722 καὶ
1062 687 1152 731 ταῖς
1171 680 1291 730 ὀπαῖς
1315 680 1586 737 κρυπτόμενοι
1606 685 1688 723 τῶν

193 748 420 808 Ἑβραίων,
469 751 536 792 καὶ
566 747 752 806 γεγόνασι
783 749 889 804 μετὰ
911 749 1052 792 Σαοὺλ
1086 748 1180 793 ὡσεὶ
1206 748 1390 806 χιλιάδες
1413 751 1527 793 δέκα.
1596 747 1688 793 τότε

198 818 394 877 ἠγνόησεν
417 818 581 875 ἄγνοιαν
600 818 754 872 Σαούλ,
783 821 851 862 καὶ
869 818 1054 876 ἠράσατο
1076 820 1135 875 μὴ
1157 818 1471 877 ἀπογεύσασθαι
1493 817 1689 877 βρώσεως

200 890 272 933 τὸν
292 889 392 932 λαὸν
414 889 489 940 ἕως
510 889 740 932 συντελέσεί
755 889 852 940 τοὺς
869 889 1048 947 ἐχθροὺς
1067 891 1207 933 αὐτοῦ.
1276 894 1390 934 πᾶσα
1412 890 1458 933 δὲ
1476 888 1502 945 ἦ
1525 893 1576 945 γῆ
1593 890 1688 947 ἠρί-

201 977 293 1003 στα.
363 957 450 1002 dra
483 960 698 1014 συμβαίνει
731 959 783 1002 τὰ
803 961 893 1016 περὶ
912 958 1124 1014 Ἰωνάθαν
1151 960 1194 1002 ἓν
1220 964 1272 1017 τῇ
1298 961 1338 1002 ἐν
1365 960 1506 1020 ἀγνοίᾳ
1533 958 1685 1017 βρώσει
1702 965 1742 1004 10

202 1034 277 1073 τοῦ
316 1029 489 1084 μέλιτος.
560 1030 776 1087 ἐξαιρεῖται
810 1030 855 1072 δὲ
888 1029 1012 1073 αὐτὸν
1047 1028 1069 1073 ὃ
1107 1029 1207 1081 λαὸς
1240 1034 1313 1073 τοῦ
1348 1028 1549 1074 θανάτου.
1619 1030 1689 1072 καὶ

203 1098 344 1142 Σαοὺλ
365 1099 662 1154 κατεπολέμησε
686 1098 819 1154 πάντα
836 1099 887 1143 τὰ
906 1099 1007 1155 ἔθνη
1030 1100 1082 1142 τὰ
1101 1098 1236 1158 κύκλῳ
1255 1101 1396 1152 αὐτοῦ,
1428 1097 1580 1155 ἰσχύων
1598 1099 1685 1142 κατ’

153 1176 185 1211 C
209 1170 356 1212 αὐτῶν.
427 1167 548 1211 πάλιν
579 1170 623 1211 df*
654 1169 863 1227 ἀνέρχεται
894 1169 998 1228 πρὸς
1024 1170 1149 1213 αὐτὸν
1175 1169 1377 1225 Σαμουὴλ
1408 1167 1429 1212 ὅ
1460 1167 1690 1227 προφήτης,

203 1241 270 1283 καὶ
293 1239 395 1295 λέγει
417 1239 527 1297 αὐτῷ
548 1238 621 1294 τὴν
643 1238 848 1282 ἀπώλειαν
863 1240 1061 1295 Ἀμαλήκ,
1098 1241 1167 1283 καὶ
1190 1241 1357 1283 δίδωσιν
1380 1239 1492 1297 αὐτῷ
1509 1237 1688 1294 ἐντολήν,

200 1308 251 1365 ’ἢν
269 1308 414 1363 ἔλαβεν
431 1309 475 1351 ἐκ
495 1312 597 1351 θεοῦ
608 1341 621 1360 ,
657 1313 730 1351 τοῦ
747 1309 806 1364 μὴ
831 1308 1180 1367 περιποιήσασθαι
1205 1310 1248 1360 ἐξ
1268 1310 1397 1352 αὐτοῦ
1414 1309 1494 1352 ἀπὸ
1519 1306 1689 1366 ἀνθρώ-
1701 1315 1742 1351 15

200 1397 281 1422 που
315 1379 390 1429 ἕως
418 1375 611 1431 κτήνους,
656 1379 737 1421 ἀπὸ
770 1380 915 1434 νηπίου
945 1381 1014 1422 καὶ
1047 1378 1302 1434 θηλάζοντος
1331 1379 1408 1430 ἕως
1441 1377 1689 1437 πρεσβύτου,

201 1448 307 1492 ἀλλὰ
331 1450 398 1491 καὶ
432 1448 529 1491 αὐτὸ
563 1446 657 1491 ὅλον
688 1447 735 1492 τὸ
765 1452 879 1503 θῆλυ
910 1450 1024 1506 γε’νος
1051 1449 1189 1492 ὀλέσαι
1216 1451 1284 1492 καὶ
1316 1448 1450 1491 πάντα
1479 1448 1532 1491 τὰ
1563 1446 1687 1504 κτήνη

200 1519 348 1570 αὐτῶν,
391 1519 459 1560 καὶ
486 1522 624 1561 πᾶσαν
653 1519 728 1574 τὴν
758 1518 987 1574 ἀποσκευὴν
1017 1519 1152 1562 αὐτῶν
1182 1521 1451 1576 διαφθεῖραι,
1496 1516 1558 1561 ὅτι
1581 1517 1689 1561 κακὰ

200 1589 443 1639 ἐνεδείξαντο
466 1594 552 1638 τοῖς
573 1588 677 1639 υἱοῖς
692 1588 866 1646 Ἰσραὴλ
885 1590 927 1630 ἐν
948 1592 999 1646 τῇ
1019 1590 1061 1639 ἐξ
1074 1587 1290 1644 Αἰγύπτου
1311 1586 1511 1646 ἔπανόὸῳ.
1548 1587 1688 1630 Σαοὺλ

199 1659 245 1701 δὲ
261 1663 334 1713 τῆς
349 1658 422 1712 μὲν
441 1658 553 1712 νίκης
570 1657 769 1712 ἐπιτυχών
787 1660 855 1700 καὶ
874 1659 1072 1716 ἐκτρίψας
1087 1658 1158 1701 τὸν
1174 1657 1357 1712 Ἀμαλὴκ
1375 1657 1742 1714 περιεποιήσατοέῦ

188 1727 316 1784 ’Άγαγ
345 1727 415 1771 τὸν
447 1728 623 1781 βασιλέα
650 1727 799 1779 αὐτῶν,
847 1725 868 1769 ὅ
896 1728 940 1771 δὲ
962 1727 1061 1778 λαὸς
1085 1726 1287 1785 διήρπασε
1307 1728 1476 1782 ποίμνια
1499 1729 1566 1770 καὶ
1586 1732 1691 1782 βου-

146 1807 180 1843 D
204 1796 320 1840 κόλια
351 1798 420 1840 καὶ
455 1796 684 1852 ἀποσκευὴν
713 1795 865 1852 ἱκανήν.
935 1798 1001 1840 καὶ
1025 1797 1115 1839 ἰδοὺ
1136 1798 1400 1855 παραγίνεται
1424 1797 1624 1852 Σαμουὴλ
1648 1798 1690 1839 ἒν

201 1865 455 1926 Γαλγάλοις,
492 1868 560 1909 καὶ
585 1868 687 1924 λέγει
710 1867 813 1925 πρὸς
836 1867 975 1909 Σαοὺλ
998 1866 1026 1909 ἃ
1054 1865 1160 1910 εἶπεν
1191 1867 1303 1926 αὐτῷ
1332 1865 1353 1910 ὅ
1383 1866 1506 1920 θεός,
1554 1866 1628 1923 τήν
1647 1884 1689 1909 τε

200 2001 283 2045 bat,
316 1999 421 2035 iussit
444 2001 546 2035 deum
577 1999 776 2035 consulere.
823 2011 899 2035 cum
922 2011 1009 2034 vero
1035 1999 1141 2034 etiam
1164 1999 1311 2047 amplius
1335 1998 1480 2036 barbari
1504 1998 1542 2034 in
1564 1999 1691 2035 castris

201 2046 453 2082 tumultuantes
488 2052 606 2082 mutuo
635 2059 716 2082 sese
742 2046 1022 2092 aggrederentur
1055 2048 1161 2091 (nam
1193 2049 1353 2082 advenae
1386 2054 1422 2083 et
1446 2047 1544 2082 servi
1569 2047 1630 2094 qui
1654 2046 1690 2080 in

200 2095 429 2130 barbarorum
452 2093 578 2129 castris
603 2099 723 2139 erant,
759 2095 929 2128 adversus
954 2105 994 2128 se
1017 2093 1169 2129 invicem
1191 2093 1333 2130 infestis
1356 2094 1462 2130 armis
1486 2106 1561 2128 rem
1584 2105 1691 2139 gere-

199 2142 317 2185 bant),
344 2140 471 2176 Saulus
495 2141 674 2175 sacerdoti
697 2141 801 2176 iussit
825 2145 863 2175 ut
885 2151 1005 2174 manus
1025 2147 1263 2187 componeret,
1287 2147 1395 2187 atque
1413 2141 1492 2188 ipse
1511 2153 1588 2175 cum
1607 2152 1691 2175 sex·

201 2188 314 2222 centis
339 2189 508 2223 barbaros
532 2188 675 2223 adortus
702 2193 767 2223 est.
815 2187 1071 2222 coniunxerunt
1092 2200 1132 2222 se
1151 2200 1226 2223 cum
1253 2201 1295 2223 eo
1321 2188 1426 2223 etiam
1450 2187 1604 2231 Ebraei‚
1628 2187 1690 2233 qui

200 2234 240 2270 in
264 2234 440 2281 speluncis
465 2241 502 2270 et
524 2234 622 2269 rimis
647 2235 814 2269 montium
837 2233 1017 2279 latebant,
1052 2234 1103 2269 ita
1134 2241 1173 2269 ut
1203 2235 1298 2270 circa
1328 2234 1472 2270 Saulum
1503 2243 1623 2269 essent.
1645 2235 1690 2269 ad

201 2283 322 2317 decem
347 2282 501 2316 virorum
524 2281 634 2317 milia.
682 2281 734 2316 ibi
760 2286 833 2315 tum
857 2280 984 2315 Saulus
1007 2280 1232 2326 ignoratione
1256 2282 1383 2317 ductus
1407 2286 1553 2316 mortem
1576 2292 1690 2316 vove-—

200 2333 259 2364 rat
281 2328 335 2374 ei,
375 2329 575 2375 quicunque
608 2329 653 2363 de
684 2327 815 2375 populo
839 2327 954 2362 cibum
978 2328 1075 2374 prius
1099 2335 1279 2374 gustasset
1300 2341 1405 2376 quam
1429 2329 1550 2371 hostes
1572 2333 1693 2363 essent

201 2375 324 2410 deleti.
373 2375 485 2410 omnis
519 2381 634 2411 autem
667 2381 763 2410 terra
796 2375 1006 2420 prandebat.
1055 2380 1139 2410 tunc
1169 2376 1291 2411 evenit
1321 2381 1360 2411 ut
1388 2375 1556 2410 Ionathas
1581 2374 1691 2410 edicti

199 2422 304 2457 istius
335 2422 480 2468 ignarus
512 2422 578 2457 mel
608 2427 790 2467 gustaret3
826 2433 929 2467 quem
959 2426 1074 2456 tamen
1109 2423 1257 2468 populus
1282 2423 1362 2458 neci
1390 2423 1532 2458 exemit.
1582 2432 1688 2467 porro

201 2468 329 2503 Saulus
357 2481 474 2504 omnes
498 2468 664 2503 finitimas
694 2468 731 2502 in
760 2469 878 2503 orbem
906 2474 1030 2513 gentes
1054 2469 1256 2504 debellavit.
1306 2481 1444 2504 rursum
1468 2468 1598 2503 deinde
1619 2469 1683 2503 Sa-

202 2515 336 2550 muelus
358 2522 460 2551 vates
480 2516 524 2550 ad
545 2527 621 2550 eum
643 2515 754 2559 venit,
780 2527 821 2549 ac
848 2516 941 2560 quod
967 2527 988 2549 a
1011 2516 1076 2550 deo
1097 2522 1284 2563 acceperat
1306 2517 1518 2561 mandatum,
1535 2514 1608 2562 ipsi
1626 2527 1690 2549 ex-

202 2562 304 2609 ponit
327 2563 372 2597 de
394 2562 638 2597 internecione
662 2562 855 2597 excidenda
879 2562 1034 2597 Amaleci
1056 2569 1182 2608 gente,
1215 2563 1266 2599 ita
1287 2563 1428 2609 quidem
1452 2568 1492 2597 ut
1514 2568 1551 2597 et
1575 2561 1689 2596 homi-

202 2620 267 2643 nes
294 2614 330 2644 et
352 2621 461 2654 pecus
485 2611 529 2644 ab
558 2609 710 2644 lactente
734 2620 845 2654 usque
870 2609 914 2644 ad
936 2621 1055 2643 senem
1079 2622 1217 2654 omnes,
1257 2612 1418 2655 adeoque
1447 2613 1561 2644 totum
1584 2609 1689 2643 etiam

199 2655 371 2690 muliebre
395 2666 506 2701 genus
530 2667 608 2691 cum
631 2655 797 2690 iumentis
816 2655 1041 2701 exstinguere
1064 2665 1100 2691 et
1124 2658 1240 2692 omnia
1258 2657 1414 2704 ipsorum
1438 2655 1690 2702 impedimenta

200 2703 353 2748 perdere
377 2702 530 2738 iuberet.
579 2714 686 2737 causa
708 2701 961 2738 internecionis
984 2703 1187 2739 Amalecitis
1212 2704 1302 2748 fuit,
1333 2703 1428 2750 quod
1451 2715 1496 2738 ex
1520 2703 1691 2748 Aegypto

202 2749 473 2784 adscendentem
506 2749 710 2785 Israelicum
744 2749 910 2796 populum
939 2749 1119 2786 maleficiis
1147 2752 1391 2786 infestassent.
1439 2749 1568 2784 Saulus
1601 2760 1688 2784 vero

201 2795 388 2831 victoriam
411 2796 553 2841 quidem
575 2796 702 2831 deletis
725 2796 881 2832 Amaleci
912 2796 1025 2842 copiis
1054 2797 1229 2843 obtinuit,
1264 2797 1365 2832 caedi
1388 2802 1507 2832 tamen
1530 2796 1687 2841 Agagum

200 2853 322 2887 regem
343 2842 485 2878 exemit.
534 2854 575 2878 ac
602 2843 750 2889 populus
784 2843 889 2879 etiam
912 2843 956 2878 de
977 2844 1144 2888 gregibus
1165 2844 1333 2880 armentis
1355 2843 1689 2890 impedimentisque

203 2888 354 2924 hostium
385 2900 544 2934 magnam
576 2891 742 2937 praedam
767 2890 852 2936 egit.
903 2902 986 2925 ecce
1010 2897 1124 2926 autem
1150 2891 1334 2926 Samuelus
1359 2892 1404 2926 ad
1428 2890 1573 2925 Saulum
1599 2887 1688 2923 Gal-

203 2934 293 2981 galis
317 2941 478 2982 agentem
501 2937 718 2984 revertitur,
754 2937 924 2986 iussuque
947 2936 1008 2974 dei
1030 2937 1064 2973 ei
1088 2938 1222 2974 indicat
1247 2939 1325 2974 fore
1351 2943 1390 2974 ut
1408 2948 1520 2984 regno
1548 2935 1690 2972 excidat
