1742 3184
159 169 261 220 764
645 173 884 220 GEORGII
921 172 1171 217 CEDRENI

157 290 444 347 κατατίθησιν,
494 289 619 342 αὐτὸς
656 290 700 333 δὲ
733 285 942 346 βασιλεύει
970 286 1184 343 Ῥωμαίων
1220 290 1327 345 μετὰ
1357 291 1551 349 Τιβερίου
1580 293 1649 334 καὶ

152 360 399 420 ἹΙρακλειόυ
419 364 500 404 τῶν
525 362 638 403 ἰ’δίων
658 360 861 417 ἀδελφῶν.
932 359 1102 414 ἀπέτεμε
1123 360 1254 403 δὲκαὶ
1271 361 1558 404 Ἰουστινιανὸν
1579 362 1650 404 τὸν

100 436 133 472 D
158 435 383 489 πατρίκιον,
418 430 489 474 τὸν
506 430 663 487 πατέρα
680 433 756 473 τοῦ
778 427 894 485 ἁγίου
917 430 955 470 Γ
951 434 1129 486 ερμανοῢ
1146 434 1219 472 τοῦ
1237 428 1511 488 πατριάρχου.
1578 430 1650 474 τὸν

158 502 203 544 δὲ
221 503 262 543 Γ
259 500 436 559 ερμανὸν
457 499 707 558 τραχύτερον
734 497 834 542 ὄντα
855 497 1082 554 εὖνοόχισε·
1113 499 1185 543 τὸν
1204 501 1248 543 δὲ
1263 505 1337 557 τῆς
1358 501 1650 559 πατριαρχείας

155 569 311 630 θρόνον
336 572 378 612 Γ
374 569 539 627 εώργιος
562 567 653 624 εἶχε.
1662 576 1685 612 5

297 642 609 689 Κωνσταντῖνος
641 636 663 681 ὃ
686 637 776 689 υἱὸς
796 635 1069 689 Κώνσταντος
1090 636 1111 680 ὃ
1134 636 1421 696 Πωγωνάτος,
1468 637 1653 696 ὄρθόδο-

157 714 252 763 ξος,
288 710 547 766 ἐβασίλευσεν
568 708 636 764 ἔτη
657 706 723 761 ιζ’.
793 706 940 751 τούτου
973 712 1034 766 τῷ
1063 706 1097 750 α’
1119 707 1197 751 ἴτει
1217 708 1542 767 ἐπεστράτευσαν
1562 712 1651 751 Σα-

158 782 328 840 ρακηνοὶ
348 779 422 834 τὴν
439 777 649 837 Ἀφρικήν,
685 780 753 821 καὶ
769 775 1095 835 ᾗχμαλώτευσαν
1108 777 1303 833 χιλιάδας
1322 776 1382 822 π’.·
1450 779 1488 821 οἱ
1510 779 1555 821 δὲ
1578 783 1653 822 τοῦ

158 851 343 906 θέματος
369 852 450 892 τῶν
480 849 734 892 ἀνατολικῶν
761 842 896 904 ἦλθον
927 848 968 890 ἓν
997 846 1264 906 Χρυσοπόλει
1295 849 1477 905 λέγοντες
1502 848 1564 892 ὅτι
1596 852 1654 899 εἷς

158 918 309 978 τριάδα
340 916 596 974 πιστεύομεν,
637 917 735 969 τούς
762 924 872 976 τρεῖς
903 917 1133 974 στέψωμεν.
1203 917 1420 976 ἐταράχθη
1453 918 1498 961 δὲ
1528 920 1650 962 Κων-
1666 925 1712 961 10

160 995 396 1040 σταντῖνος·
431 988 558 1044 μόνος
578 988 658 1046 γὰρ
677 988 811 1039 αὐτὸς
838 982 888 1044 ἦν
910 988 1166 1043 ἐστεμμένος,
1203 988 1242 1032 οἳ
1261 989 1306 1032 δὲ
1329 989 1502 1046 ἀδελφοὶ
1526 988 1655 1032 αὐτοῦ’

164 1060 359 1118 Τιβέριος
390 1060 458 1101 καὶ
485 1057 732 1117 “Ηράκλειος
761 1059 955 1113 οὐδεμίαν
986 1056 1093 1113 εἶχον
1125 1058 1256 1109 ἅξιάν.
1326 1060 1394 1101 καὶ
1412 1057 1656 1110 ἀποστείλας

15 1138 45 1172 Ρ
69 1134 139 1172 437
164 1129 361 1188 ἐκράτησε
393 1128 490 1180 τοὺς
518 1127 708 1186 πρώτους
737 1128 888 1181 αὐτῶν,
925 1130 991 1171 καὶ
1014 1126 1254 1186 ἐφοῦλκισεν
1278 1129 1320 1171 ἓν
1337 1131 1512 1180 Συκαῒς·
1549 1128 1588 1172 οἱ
1610 1129 1657 1171 δὲ

161 1202 295 1244 λοιποὶ
316 1199 482 1257 ἔφυγον.
553 1197 574 1242 ὃ
596 1199 641 1242 δὲ
659 1199 856 1252 βασιλεὺς
875 1198 972 1249 τοὺς
990 1197 1196 1256 ,ἀδελφοὺς
1213 1196 1518 1256 ἓρρινοκόπησε.

303 1273 378 1328 Τῷ
399 1266 441 1323 β’
462 1269 540 1312 ἔτει
556 1269 713 1324 χειμὼν
732 1269 885 1326 ἐγένετο
906 1268 1034 1325 μέγας
1054 1266 1111 1319 ὡς
1133 1269 1359 1312 ἀποθανεῖν
1382 1267 1562 1319 πολλοὺς
1581 1267 1654 1312 ἄν·
1669 1275 1713 1311 15

161 1337 362 1399 θρώπους
383 1340 452 1381 καὶ
475 1341 621 1396 θηρία.

304 1412 379 1468 Τῷ
400 1406 436 1451 δ’
457 1409 534 1453 ἔτει
559 1406 690 1468 ἐφάνη
713 1405 793 1466 ἶρις
811 1407 854 1450 ἓν
874 1411 934 1466 τῷ
956 1407 1118 1466 οὐρανῷ
1139 1405 1308 1464 τοιαύτη
1330 1405 1386 1458 ὧς
1406 1407 1533 1464 λέγειν
1551 1405 1658 1451 πάν-

161 1498 236 1531 τας
261 1477 323 1523 ὅτι
346 1477 552 1523 συντέλειά
576 1482 699 1522 ἐστιν.
770 1478 809 1521 οἳ
830 1479 875 1520 δὲ
894 1480 1130 1536 Σαρακηνοὶ
1156 1478 1286 1536 με’γαν
1312 1475 1460 1521 στόλον
1484 1477 1658 1535 ἐξαρτή-

164 1567 330 1602 σαντες,
383 1552 452 1593 καὶ
486 1547 849 1608 παραπλεύσαντες
889 1550 946 1600 εἷς
985 1549 1203 1602 Κιλικίαν,
1256 1549 1562 1606 παρεχείμασαν
1603 1550 1660 1599 εἷς

167 1618 375 1678 Σμύρνην.
1131 1651 1134 1654 -
1667 1627 1716 1665 20

308 1693 383 1747 Τῷ
402 1688 447 1731 δὲ
469 1686 498 1731 ε’
523 1686 600 1732 ἔτει
621 1692 703 1732 τῶν
721 1685 946 1742 θεομάχων
977 1685 1123 1739 στόλος
1142 1687 1280 1731 ἐλθὼν
1301 1684 1600 1746 προσῶρμησεν
1618 1687 1661 1729 ἓν

166 1766 252 1812 τοῖς
274 1756 490 1820 Θρακῴοις
509 1758 673 1817 μέρεσιν
693 1756 774 1801 ἀπό
794 1774 837 1801 τε
858 1761 933 1801 τοῦ
946 1755 1155 1813 Ἑβδόμου
1173 1758 1293 1816 μέχρι
1312 1761 1387 1801 τοῦ
1406 1758 1660 1812 Κυκλοβιόυ,

167 1915 248 1960 ipse
271 1914 468 1948 Romanum
491 1911 677 1958 imperium
700 1915 821 1956 tenet,
852 1911 997 1958 collegis
1022 1911 1175 1947 Tiberio
1211 1915 1247 1947 et
1271 1911 1442 1948 Heraclio
1476 1911 1664 1948 fratribus.

166 1960 401 1997 ]ustinianum
428 1958 613 2006 patricium
638 1959 753 1994 sancti
778 1959 949 1994 Germani
983 1959 1209 2004 patriarchae
1241 1965 1378 2004 patrem
1412 1960 1531 2006 capite
1561 1965 1662 1995 trun—

169 2008 267 2043 cavit
290 2007 366 2051 hic,
392 2011 429 2041 et
453 2007 669 2041 Germanum
692 2006 848 2041 ferocius
871 2019 911 2041 se
935 2011 1117 2052 gerentem
1142 2005 1316 2052 eviravit,
1340 2006 1398 2042 cui
1422 2007 1600 2053 Georgius
1625 2006 1663 2040 in

167 2055 393 2102 patriarchae
411 2053 651 2098 dignationem
673 2053 858 2087 successit.

264 2100 519 2135 Constantinus
541 2100 748 2134 Constantis
771 2100 865 2134 filius
890 2102 1122 2144 cognomento
1144 2100 1362 2145 Pogonatus,
1389 2100 1484 2145 quod
1508 2111 1531 2134 a
1551 2101 1665 2135 barba

170 2151 226 2183 est
250 2148 411 2191 ductum,
437 2159 546 2182 verae
572 2146 758 2192 religionis
781 2148 986 2193 professor,
1023 2147 1215 2192 imperavit
1237 2159 1348 2181 annos
1373 2148 1431 2182 17.
1480 2158 1572 2181 anno
1596 2147 1664 2182 im—

169 2194 263 2241 perii
287 2193 364 2228 eius
386 2193 501 2239 primo
525 2193 717 2228 sarraceni
740 2194 835 2229 bello
861 2193 1006 2228 Africae
1036 2193 1132 2228 illato
1158 2195 1204 2229 80
1226 2193 1403 2228 hominum
1427 2193 1522 2228 milia
1546 2194 1664 2240 capti—

170 2253 236 2276 vos
267 2241 504 2275 abduxerunt.
551 2240 613 2286 qui
645 2252 732 2276 vero
763 2240 986 2276 orientalium
1020 2240 1228 2286 populorum
1257 2240 1441 2287 principes
1470 2246 1594 2285 erant,
1635 2240 1663 2274 ii

171 2287 412 2334 chrysopolin
440 2287 626 2322 venientes
656 2288 841 2332 dicebant,
875 2287 960 2332 quia
991 2286 1029 2321 in
1052 2287 1248 2322 trinitatem
1274 2287 1481 2332 crederent,
1517 2287 1599 2322 ideo
1623 2299 1664 2322 se

171 2336 309 2370 duobus
333 2334 505 2369 fratribus
528 2335 711 2380 Pogonato
737 2335 912 2370 adiunctis
936 2339 1010 2369 tres
1035 2334 1127 2369 velle
1161 2335 1294 2370 habere
1323 2333 1570 2380 imperatores.
1619 2346 1664 2369 ea

170 2394 228 2417 res
252 2381 522 2417 Constantinum
546 2381 791 2427 perturbavit,
826 2394 902 2416 cum
930 2380 1025 2416 solus
1050 2381 1129 2427 ipse
1152 2385 1340 2416 coronatus
1365 2381 1511 2425 fuisset,
1548 2393 1664 2426 neque

170 2430 321 2463 fratrum
347 2428 423 2463 eius
448 2427 593 2462 Tiberii
617 2434 654 2464 et
678 2428 839 2464 Heraclii
862 2428 933 2463 ulla
957 2434 1054 2464 esset
1077 2428 1246 2474 dignitas.
1282 2427 1398 2463 missis
1424 2427 1534 2473 igitur
1559 2427 1674 2473 mini-v

173 2475 257 2510 stris
282 2474 454 2521 primores
475 2487 595 2510 eorum
620 2475 907 2521 comprehendit,
945 2486 987 2510 ac
1016 2476 1054 2510 in
1074 2475 1179 2520 Sycis
1204 2474 1333 2520 (Ficus
1357 2475 1511 2520 dixeris,
1534 2476 1662 2509 subur-

171 2522 266 2556 bium
283 2526 338 2556 est
353 2522 538 2567 Byzantii)
563 2522 736 2569 supplicio
763 2523 902 2557 affecit:
929 2534 971 2556 ea
994 2534 1053 2558 res
1076 2522 1232 2568 reliquos
1256 2522 1398 2568 terruit,
1422 2521 1521 2568 iique
1543 2522 1664 2567 fugam

171 2569 348 2604 fecerunt.
398 2569 568 2604 fratribus
593 2581 700 2615 porro
724 2582 830 2604 nasos
856 2569 1046 2615 praecidit.

266 2617 368 2649 Anno
403 2616 558 2651 secundo
582 2616 708 2652 hiemis
732 2615 957 2652 vehementia
979 2617 1105 2652 multos
1129 2616 1289 2651 homines
1314 2620 1352 2651 et
1372 2617 1478 2652 bruta
1500 2614 1665 2650 animalia

174 2661 367 2697 interemit.

266 2709 367 2743 Anno
389 2708 413 2743 4
435 2709 499 2744 iris
529 2709 567 2745 in
599 2709 698 2745 caelo
731 2709 811 2745 talis
847 2708 1015 2756 apparuit
1043 2713 1083 2744 ut
1109 2708 1215 2754 vulgo
1237 2708 1417 2744 diceretur
1439 2708 1522 2744 finis
1545 2708 1666 2743 mnndi

175 2753 324 2789 instare.
371 2755 560 2791 Sarraceni
600 2763 716 2793 autem
754 2768 879 2802 magna
916 2756 1090 2791 instructa
1127 2756 1242 2791 classe
1280 2755 1319 2790 in
1355 2755 1518 2791 Ciliciam
1555 2755 1675 2791 delati.

177 2802 353 2845 Smyrnae
376 2801 635 2839 hiemaverunt.

271 2847 372 2882 Anno
403 2848 424 2881 5
460 2850 519 2884 illa
553 2851 612 2885 dei
647 2850 930 2885 adversariorum
963 2849 1088 2885 classis
1119 2850 1164 2884 ad
1196 2849 1286 2884 fines
1311 2848 1492 2883 Thraciae
1516 2846 1666 2894 appulit,

180 2900 351 2941 occupato
386 2897 481 2940 quod
513 2899 558 2933 ab
584 2898 768 2932 Hebdomo
802 2903 856 2932 est
890 2908 1003 2943 usque
1033 2898 1079 2932 ad
1106 2896 1315 2943 Cyclobium
1340 2896 1485 2943 spatio..
1519 2893 1668 2939 singulis
