1742 3184
184 187 285 234 516
591 252 592 255 Ἴ
667 181 908 230 GEoRGu
943 177 1196 226 canam

188 303 232 347 δὲ
249 307 330 348 τῶν
349 305 423 358 τῆς
441 304 582 357 ψυχῆς
602 301 671 344 καὶ
694 303 768 343 τοῦ
787 294 981 352 σώματος
1009 293 1031 339 ὅ
1063 298 1250 346 τοιοῦτος
1278 289 1580 337 ἀπαλλάττεται
1606 293 1674 336 αἲ·-

186 374 360 430 σχίστων
386 375 537 414 παθῶν
567 372 636 413 καὶ
666 366 966 425 σκιρτημάτων,
1015 365 1120 408 ἀλλὰ
1143 366 1212 407 καὶ
1234 364 1284 408 τὰ
1304 366 1506 419 μέλλοντα
1527 368 1676 420 σαφῶς

133 449 167 485 D
191 443 375 501 προλέγει
397 443 464 484 καὶ
480 440 556 495 τὴν
584 438 702 495 ἁγίαν
725 436 876 494 τριάδα
900 437 1246 494 ὀφθαλμοφανῶς
1262 438 1420 491 θεωρεῖ
1433 435 1501 476 καὶ
1524 437 1676 475 θεολο-

186 514 278 571 γίας
304 513 370 554 καὶ
400 511 524 553 θείων
543 509 777 564 μυστηρίων
797 505 1031 557 ἀξιοῦται.”
1103 503 1237 555 οὕτως
1255 502 1277 546 ὃ
1301 508 1415 553 θεῖος
1438 502 1677 556 Φλαβιανὸς

186 582 261 638 τὴν
291 577 542 635 δαιμονιώδη
576 579 731 635 αἵρεσιν
764 574 967 632 ἀνορύξας
1001 573 1081 632 ἔφη
1117 573 1221 631 πρὸς
1251 573 1322 616 τὸν
1352 572 1712 626 δυσσεβέστατονό

188 652 359 709 γέροντα
381 647 717 702 ι(πεπαλαιωμένιε
739 650 875 689 κακῶν
894 643 1057 703 ἡμερῶν
1069 675 1082 695 ,
1125 643 1270 699 ἤλεγξέ
1289 659 1333 685 σε
1355 641 1402 684 τὸ
1423 641 1497 685 σὸν
1515 638 1687 697 μιαρώε

190 738 314 765 τατον
337 716 484 773 στόμα,
508 718 575 759 καὶ
595 717 671 759 οὐκ
689 714 780 773 ἐγώ,
817 717 885 758 καὶ
907 715 959 758 τὰ
978 714 1035 758 σὰ
1056 713 1345 771 διεφθαρμένα
1369 713 1436 754 καὶ
1456 709 1681 766 ἀκάθαρτα

185 792 301 846 χείλη
338 787 703 843 καταμαρτυροῦσί
737 785 860 829 σου.”
934 784 1246 842 φανερωθείσης
1279 783 1323 824 δὲ
1357 785 1430 836 τῆς
1460 783 1683 834 σατανικῆς

191 861 259 903 καὶ
279 861 485 914 βδελυρᾶς
507 854 667 911 ἀπάτης
692 857 759 898 καὶ
782 854 974 911 αἱρέσεως
994 851 1167 908 ταύτης,
1214 855 1289 907 τῆς
1317 851 1391 907 μὲν
1415 852 1571 907 Συρίας
1590 852 1683 903 ἔξη-

192 927 407 983 λάθησαν,
458 929 514 977 εἷς
545 926 590 969 δὲ
621 925 696 981 τὴν
729 925 990 982 Παμφυλίαν
1025 920 1291 979 ἀνεχώρησαν
1321 922 1390 963 καὶ
1425 918 1578 974 ταύτην
1610 922 1683 974 τῆς
1697 921 1742 959 10

191 997 330 1053 λώβης
351 994 608 1052 ἐπλήρωσαν,
643 999 716 1038 νῦν
738 995 781 1036 δὲ
802 994 949 1048 σχεδὸν
972 994 1094 1035 εἰπεῖν
1113 994 1179 1034 καὶ
1202 991 1276 1046 τὴν
1300 991 1465 1032 πλείονα
1485 988 1615 1031 δύσιν.

46 1082 76 1116 Ρ
100 1079 170 1117 295
336 1070 380 1108 Τ
377 1071 410 1124 ᾦ
442 1064 506 1108 κα’
531 1065 615 1108 ἔτει
635 1068 709 1120 τῆς
727 1064 939 1118 βασιλείας
959 1066 1032 1104 τοῦ
1052 1060 1232 1117 μεγάλου
1254 1060 1566 1103 Κωνσταντίνου
1593 1060 1687 1100 δια-

191 1134 394 1193 βάλλουσι
424 1132 630 1192 Σαπώρην
658 1134 729 1176 τὸν
756 1133 932 1188 βασιλέα
958 1134 1138 1188 Περσῶν
1165 1130 1269 1173 κατὰ
1294 1131 1581 1186 λ’ριστιανιῦν,
1618 1128 1688 1169 καὶ

194 1208 345 1263 γίνεται
381 1204 562 1260 διωγμὸς
590 1201 648 1254 ὥς
677 1204 840 1252 πλείους
870 1205 953 1245 τῶν
986 1200 1192 1242 δεκαοκτὼ
1219 1197 1421 1254 χιλιάδων
1451 1195 1526 1240 ὕπ’
1558 1196 1688 1239 αὗτοῦ

194 1277 480 1332 ἀναιρεθῆναι.
549 1270 575 1328 ἦ
603 1273 655 1315 ’δὲ
687 1273 798 1314 αἰτία
828 1275 902 1326 τῆς
937 1268 1164 1319 διαλύσεως
1196 1273 1270 1323 τῆς
1297 1268 1451 1323 μεταξὺ
1476 1265 1688 1323 Ῥωμαίων
1702 1269 1742 1307 1⁵

196 1347 263 1389 καὶ
290 1346 468 1400 Περσῶν
496 1343 712 1399 γενομένης
730 1339 896 1398 -εἷρήνης
915 1340 1048 1396 γέγονε
1072 1340 1130 1380 δι’
1157 1340 1289 1381 αἰτίαν
1310 1335 1516 1392 τοιαύτην.
1585 1338 1691 1391 Μη-

194 1411 407 1472 τρόδωρός
439 1430 501 1463 τις
529 1411 792 1469 Περσογενὴς
823 1407 1206 1467 προσποιησάμενος
1238 1411 1480 1465 φιλοσοφεῖν
1504 1406 1692 1461 ἀπῆλθεν

197 1485 239 1526 ἒν
260 1484 385 1542 Ἰνδία
408 1483 477 1525 καὶ
500 1481 598 1532 τοὺς
621 1484 900 1538 Βραχμᾶνας,
936 1481 1005 1521 καὶ
1031 1476 1293 1535 χρησάμενος
1322 1477 1532 1536 ἐγκρατείᾳ
1560 1477 1694 1531 πολλῇ

196 1554 354 1611 γέγονεν
387 1552 526 1602 αὐτοῖς
557 1548 771 1605 σεβαστός.
844 1547 1046 1606 εἰργάζετο
1081 1548 1124 1590 δὲ
1155 1545 1415 1603 ὕδρομύλους
1440 1548 1508 1588 καὶ
1532 1542 1693 1600 λοετρά,

198 1624 319 1679 μέχρι
350 1619 441 1663 τότε
462 1621 522 1675 μὴ
545 1619 822 1677 γνωριζόμενα
844 1618 946 1675 παρ’
970 1618 1121 1667 αὐτοῖς.
1193 1610 1312 1667 οὗτος
1344 1616 1385 1658 ἔν
1412 1623 1499 1667 τοῖς
1527 1613 1742 1663 ἀδύτοιςΞ(

200 1690 256 1743 ὡς
286 1690 455 1744 εὗσεβὴς
483 1689 618 1732 εἰσιὼν
646 1690 792 1739 λίθους
819 1690 979 1742 τιμίους
1007 1689 1074 1729 καὶ
1098 1687 1357 1743 μαργαρίτας
1378 1684 1556 1735 πολλοὺς
1576 1682 1697 1742 ὑφεί-

146 1769 178 1804 Β
202 1765 308 1803 λετο.
381 1759 502 1813 ἔλαβε
519 1760 570 1801 «δὲ
590 1760 658 1800 καὶ
678 1758 792 1814 παρὰ
812 1762 884 1800 τοῦ
903 1756 1108 1810 βασιλέως
1126 1760 1208 1798 τῶν
1221 1755 1382 1806 Ἰνδῶν,
1414 1753 1518 1797 ὥστε
1539 1758 1598 1811 τῷ
1614 1758 1697 1807 βα-

201 1834 310 1874 σιλεῖ
319 1831 436 1886 δῶρα
456 1828 645 1883 κομίσαι·
671 1829 739 1869 καὶ
757 1825 998 1869 ἐπανελθὼν
1017 1827 1074 1876 εἰς
1092 1825 1137 1868 τὸ
1154 1822 1380 1877 Βυζάντιον
1397 1824 1547 1867 δέδωκε
1566 1827 1698 1866 ταῦτα

298 1924 342 1960 18
369 1921 435 1958 καὶ
459 1919 573 1968 τούς]
598 1919 694 1957 κατὰ
719 1919 841 1962 wius?

203 2005 307 2041 homo
332 2002 440 2038 animi
462 2004 565 2038 modo
590 2007 628 2038 et
650 2002 809 2049 corporis
835 2001 986 2037 solvitur
1008 2000 1224 2047 turpissimis
1253 2001 1442 2037 affectibus
1467 2003 1575 2047 atque
1596 2002 1701 2047 petu-

203 2052 334 2095 lantia,
374 2050 437 2084 scd
459 2055 495 2084 et
516 2051 635 2085 futura
658 2050 847 2096 perspicue
870 2049 1066 2095 praedicit,
1091 2054 1249 2083 sanctam
1273 2048 1466 2083 trinitatem
1492 2048 1602 2082 oculis
1628 2047 1702 2082 suis

206 2098 342 2141 cernit,
374 2107 492 2131 rerum
516 2097 717 2132 divinarum
747 2096 950 2141 cognitione
975 2102 1011 2130 et
1034 2107 1214 2129 sacrorum
1238 2097 1489 2140 mysteriorum
1513 2089 1705 2130 donatur.”

204 2144 401 2181 Flavianus
435 2155 522 2178 vero
557 2155 635 2178 cum
669 2144 735 2178 hoc
758 2149 863 2188 pacto
888 2142 1098 2177 diabolicam
1122 2142 1225 2176 istam
1249 2142 1413 2176 haeresin
1439 2142 1616 2186 eruisset,
1651 2140 1705 2174 ita.

208 2197 265 2227 est
287 2190 530 2235 impiissimum
553 2202 673 2225 senem
696 2190 883 2226 allocutus.
931 2186 1118 2223 “confecto
1143 2189 1242 2224 malis
1270 2189 1410 2234 diebus,
1434 2188 1552 2233 arguit
1575 2193 1612 2222 te
1635 2187 1703 2221 im-

206 2237 434 2286 purissimum
458 2248 497 2271 os
517 2242 626 2282 tuum,
649 2248 719 2271 non
741 2248 828 2294 ego3
851 2235 1161 2280 testimoniumque
1185 2236 1356 2270 adversus
1379 2241 1416 2270 te
1439 2235 1597 2270 tulerunt
1618 2245 1704 2279 per-

209 2284 286 2320 dita
308 2288 371 2318 tua
392 2289 428 2318 et
451 2284 628 2319 immunda
650 2280 768 2318 labia?
838 2294 946 2329 porro
971 2282 1150 2317 diabolica
1173 2282 1234 2317 illa
1260 2282 1400 2316 haeresi
1423 2283 1565 2316 detecta
1589 2280 1704 2315 scele-

209 2336 337 2376 stoque
362 2341 508 2375 errore,
548 2331 625 2366 eius
646 2330 871 2376 professores
893 2329 1004 2373 Syria
1028 2328 1166 2374 expulsi
1189 2329 1228 2363 in
1249 2328 1482 2374 Pamphiliam
1503 2328 1705 2371 abiverunt,

210 2388 358 2422 eamque
387 2376 445 2411 lue
479 2377 836 2423 ista.impleverunt,
874 2386 965 2421 quae
1000 2387 1093 2410 nunc
1124 2374 1289 2410 maiorem
1323 2386 1464 2421 quoque
1497 2373 1706 2409 Occidentis

210 2428 347 2471 partem
372 2424 574 2469 occupavit.

304 2470 442 2505 Annum
464 2470 672 2515 vigesimum
695 2469 844 2515 primum
867 2467 1066 2514 imperante
1089 2468 1347 2512 Constantino,
1386 2467 1544 2513 Sapores
1571 2467 1706 2501 Persa-

212 2528 289 2551 rum
315 2529 381 2552 rex
403 2516 587 2552 calumniis
612 2521 735 2551 contra
759 2515 983 2550 Christianos
1010 2521 1239 2560 exasperatus
1264 2514 1425 2559 graviter
1450 2527 1511 2549 eos
1535 2525 1706 2560 persecu-

213 2567 272 2599 tus
300 2569 375 2607 est,
409 2568 446 2598 et
472 2576 581 2610 supra
606 2565 648 2598 18
673 2563 769 2597 milia
792 2573 913 2597 eorum
937 2563 1132 2597 interfecit.
1184 2573 1311 2596 causae
1334 2560 1433 2606 pacis
1455 2561 1550 2596 inter
1574 2562 1706 2595 Roma-

216 2621 281 2644 nos
306 2615 343 2644 et
366 2611 495 2645 Persas
519 2615 646 2656 ruptae
670 2610 759 2644 haec
782 2608 862 2643 fuit.
923 2608 1150 2644 Metrodorus
1182 2608 1321 2653 quidam
1354 2607 1466 2642 Persa
1497 2610 1563 2643 sub
1599 2619 1707 2654 prae-

215 2659 319 2690 textu
352 2656 625 2703 philosophandi
660 2657 696 2691 in
733 2656 869 2690 Indiam
894 2667 934 2690 se
957 2657 1002 2690 ad
1029 2656 1266 2690 Brachmanes
1300 2654 1467 2700 contulit,
1508 2665 1709 2699 magnaque

216 2713 302 2736 usus
326 2703 545 2738 continentia
567 2702 782 2738 venerabilis
807 2707 863 2737 est
889 2702 941 2736 eis
966 2704 1093 2737 factus.
1143 2701 1252 2735 molas
1283 2711 1423 2746 quoque
1458 2703 1639 2747 aquaticas
1673 2703 1710 2734 et

218 2746 360 2782 lavacra
393 2751 587 2794 exstruxit,
622 2750 710 2795 ipsis
735 2750 906 2783 hactenus
929 2749 1070 2793 ignotas
1094 2760 1165 2783 res.
1214 2747 1244 2781 is
1279 2747 1505 2782 Metrodorus
1537 2747 1632 2793 quod
1656 2746 1709 2792 pii

219 2793 371 2828 hominis
405 2796 700 2831 existimationem
733 2796 802 2830 sibi
838 2802 1021 2841 parasset,
1057 2795 1093 2829 in
1127 2792 1325 2840 penetralia
1355 2795 1505 2829 sacrarii
1527 2795 1709 2839 ingressus

220 2839 348 2894 multos
379 2840 515 2885 lapides
546 2844 721 2889 pretiosos
755 2848 791 2877 et
820 2842 1029 2886 margaritas
1061 2841 1220 2876 sustulit:
1264 2841 1403 2886 accepit
1435 2841 1537 2876 etiam
1571 2853 1592 2874 a
1622 2851 1708 2884 rege

220 2885 347 2922 Indiae
369 2898 461 2934 quae
485 2889 577 2926 dono
600 2889 810 2938 imperatori
835 2890 962 2925 ferret.
1007 2889 1093 2924 inde
1118 2886 1328 2934 Byzantium
1353 2899 1522 2924 reversus
1543 2892 1708 2932 tanquam
