1742 3184
390 159 789 208 HISTORIARUM
821 163 1213 212 GOMPENDIUM.
1438 169 1538 218 577

70 274 161 329 περὶ
187 277 262 316 τοῦ
287 271 403 330 ἁγίου
431 275 586 334 πατρὸς
603 273 720 333 ἡμῶν
735 278 804 320 καὶ
822 282 1039 337 φωστῆρος
1057 284 1130 336 τῆς
1150 281 1385 338 οἰκουμένης
1398 276 1537 327 Ἰωάν-

69 359 141 385 νου
164 347 238 386 τοῦ
257 343 583 401 Χρυσοστόμου·
618 345 716 398 ἴσως
741 347 821 406 γὰρ
845 354 931 400 τοῖς
950 348 1184 408 φιλοκάλοις
1203 350 1252 395 οὗ
1270 349 1396 402 δόξειε
1413 358 1534 397 τοῦτο

67 409 283 468 πάρεργον.

199 479 568 526 Ὃκτωκαιδέκατον
601 482 711 539 ἄγων
741 489 816 541 τῆς
845 483 1004 541 ἡλικίας
1035 485 1145 540 ἴτυς,
1191 489 1424 532 καταλιπὼν
1463 490 1534 533 τὸν

33 545 317 592 ὅδιδάσκαλον
349 551 475 594 αὐτοῦ
503 551 711 606 Λιβάνιον
739 554 811 597 τὸν
842 555 1063 613 σοφιστήν,
1096 555 1175 600 ὑπὸ
1203 563 1277 601 τοῦ
1304 556 1529 614 ἆγιωτάτου
1553 570 1583 604 Β

66 615 286 660 ἐπισκόπου
299 618 542 674 Ἀντιοχείας
559 624 766 665 Μελετιόυ
786 627 1032 677 βαπτισθεὶς
1044 633 1330 683 χειροτονεῖται
1347 627 1534 684 ἀναγνώ-

65 703 176 741 στης.
243 689 311 729 καὶ
348 691 599 746 παραμείνας
634 696 684 748 τῇ
719 693 907 752 ἐκκλησίᾳ
942 692 1010 750 ἔτη
1041 696 1134 752 τρία
1165 694 1415 753 ἀνεχώρησε,
1463 699 1532 739 καὶ

65 754 226 810 ἀπῆλθε
258 754 361 813 πρός
391 775 482 800 τινα
511 760 692 814 μοναχὸν
730 763 797 803 καὶ
832 759 1054 818 ἡγούμενον
1081 765 1308 822 Καρτέριον
1335 763 1530 819 τοῦνομα,

64 825 131 866 καὶ
163 824 275 883 αὐτῷ
302 829 547 883 προσμείνας
580 827 647 884 ἔτη
679 829 858 888 τέσσαρα
888 833 1036 886 γίνεται
1069 830 1146 874 ὑπ’
1181 832 1307 876 αὐτοῦ
1336 832 1530 889 μοναχός.

9 894 132 935 1οκαὶ
162 893 238 944 τὰς
266 896 387 945 θείας
416 897 580 954 γραφὰς
609 895 683 940 ὑπ’
714 899 841 943 αὐτοῦ
870 902 1108 952 παιδευθεὶς
1132 903 1198 943 καὶ
1217 907 1292 957 τῆς
1308 907 1531 958 μοναχικῆς

61 964 263 1014 πολιτείας
281 963 354 1018 τὴν
376 965 586 1022 ἀκρίβειαν
600 965 751 1023 χρόνον
766 968 855 1012 τινὰ
875 968 1126 1026 ἀνεχώρησεν
1145 971 1186 1012 ἓν
1202 972 1387 1029 σπηλαίῳ
1403 969 1528 1025 μόνος

60 1028 130 1086 ἔτη
151 1030 249 1083 δύο,
277 1037 424 1075 ποθῶν
444 1033 516 1088 τὴν
534 1032 718 1089 ἡσυχίαν.
771 1036 831 1091 μὴ
853 1036 1064 1080 ἀναπεσὼν
1085 1038 1128 1080 δὲ
1149 1037 1219 1080 τὸν
1239 1040 1351 1093 διετῆ
1362 1038 1526 1095 χρόνον,

58 1100 117 1155 μὴ
151 1099 331 1158 νύκτωρ,
365 1101 424 1157 μὴ
453 1103 557 1156 μεθ’
593 1101 747 1161 ἡμέραν
755 1137 770 1156 ,
806 1110 1015 1162 νεκροῦται
1040 1106 1092 1148 τὰ
1111 1103 1386 1165 ὑπογάστρια,
1420 1111 1526 1163 πλη-

57 1170 140 1224 γεὶς
162 1169 242 1212 ἀπὸ
264 1174 339 1213 τοῦ
359 1171 510 1228 κρύους
530 1172 604 1222 τὰς
623 1174 714 1230 περὶ
734 1173 830 1224 τοὺς
851 1174 1026 1231 νεφροὺς
1045 1173 1249 1229 δυνάμεις.
1315 1176 1375 1230 μὴ
1396 1177 1525 1233 ἔπαρ-

3 1241 49 1278 15
60 1242 142 1280 κῶν
171 1238 217 1280 δὲ
245 1236 377 1297 ἑαυτῷ
402 1240 661 1297 χρησιμεύειν
683 1240 804 1284 πάλιν
826 1242 1128 1298 καταλαμβάνει
1147 1244 1221 1298 τὴν
1241 1244 1452 1299 ἐκκλησίαν
1478 1247 1521 1287 ἐκ
1546 1246 1578 1281 C

57 1308 176 1358 θείας
204 1310 463 1364 προμηθείας
493 1313 549 1361 εἷς
574 1314 734 1353 πολλῶν
753 1313 968 1367 σωτηρίαν.
1034 1313 1222 1355 ἐντεῦθεν
1236 1320 1524 1369 χειροτονεῖται

58 1374 246 1426 διάκονος
275 1375 354 1420 ὑπὸ
386 1382 460 1421 τοῦ
482 1381 600 1419 θείου
622 1381 850 1428 Μιλετιόυ,
885 1378 1142 1434 ὗπηρετήσας
1163 1385 1222 1437 τῷ
1240 1383 1524 1438 θυσιαστηρίῳ

55 1446 150 1499 τρία
176 1444 259 1496 ἔίη.
326 1441 409 1497 ’ἤδη
434 1443 480 1485 δὲ
500 1448 572 1499 τῆς
593 1445 881 1500 διδασκαλικῆς
901 1446 1029 1489 αὐτοῦ
1047 1447 1193 1503 ἀρετῆς
1213 1447 1524 1504 διαλαμπούσης

54 1509 327 1568 πρεσβύτερος
358 1519 645 1568 χειροτονεῖται
682 1514 751 1555 διὰ
787 1517 1026 1568 Φλαβιανοῦ
1056 1520 1131 1558 τοῦ
1162 1515 1379 1559 ἐπισκόπου
1392 1549 1406 1568 ,
1453 1519 1522 1560 καὶ

0 1580 235 1637 ἰθτέσσαρα
260 1578 328 1634 ἴτη
352 1581 584 1640 διαπρέψας
603 1582 644 1623 ἐν
659 1587 711 1639 τῇ
730 1583 918 1644 ἐκκλησίᾳ
931 1584 1170 1639 Ἀντιοχείας
1189 1583 1450 1638 ἀποσεμνύνει
1471 1586 1518 1629 τὸ

53 1649 176 1699 ἐκεῖσε
211 1648 405 1704 ἱερατεῖον
433 1653 486 1706 τῇ
514 1654 588 1693 τοῦ
606 1652 700 1705 βίου
724 1652 860 1709 ἀρετῇ.
926 1648 976 1707 ἦν
999 1652 1077 1709 γὰρ
1101 1653 1276 1708 ἀσκητὴς
1298 1653 1434 1710 ἄκρως
1451 1656 1519 1696 καὶ

51 1715 360 1774 πολυάγρυπνος
388 1720 455 1760 καὶ
485 1717 708 1775 φιλήσυχος
730 1722 820 1763 λίαν
842 1723 910 1763 καὶ
935 1721 1000 1763 διὰ
1024 1723 1143 1776 ζῆλον
1163 1720 1429 1779 σωφροσύνης
1451 1724 1518 1764 εὗ-

51 1787 354 1844 παρρησίαστος
368 1788 436 1830 καὶ
452 1786 694 1846 ἀκράχολος,
725 1791 794 1832 καὶ
810 1793 936 1850 θυμῷ
951 1794 1108 1845 μᾶλλον
1127 1788 1155 1846 ἢ
1175 1792 1290 1833 αι’ὁοῖ
1299 1791 1516 1848 ἐχαρίζετο,

50 1965 96 2000 de
120 1963 187 2000 hoc
208 1968 330 2000 sancto
354 1968 456 2011 patre
477 1970 598 2002 nostro
622 1969 658 2002 et
684 1968 779 2003 orbis
801 1970 972 2003 terrarum
1005 1966 1240 2002 illuminatore
1264 1966 1405 2002 videtur
1427 1978 1515 2013 ope-

50 2023 111 2046 rae
134 2012 284 2056 pretium
305 2012 455 2056 paucula
476 2012 580 2047 altius
602 2020 783 2059 repetere,
808 2014 901 2060 quod
919 2014 1080 2049 fortassis
1098 2013 1239 2048 honesti
1255 2013 1424 2047 studiosis
1445 2025 1515 2048 nou

49 2057 228 2092 videbitur
249 2069 271 2091 a
293 2069 333 2092 re
354 2057 503 2092 alienum
526 2070 619 2094 esse.

138 2104 175 2138 Is
206 2115 291 2148 ergo
322 2114 447 2138 annum
471 2104 597 2139 aetatis
621 2116 731 2150 agens
750 2105 1091 2150 duodevigesimum,
1124 2104 1290 2139 deserens
1313 2103 1515 2148 magistrum

48 2161 148 2185 suum
177 2149 362 2184 Libanium
389 2149 601 2195 sophistam,
634 2163 655 2185 a
686 2150 831 2185 Meletio
860 2151 1077 2186 Antiocheae
1101 2149 1320 2184 sanctissimo
1347 2149 1514 2194 episcopo

48 2196 265 2242 baptizatus,
302 2195 347 2230 ad
367 2195 510 2231 lectoris
534 2207 655 2231 munus
678 2197 881 2242 designatus
905 2202 971 2234 est.
1019 2196 1069 2230 ibi
1091 2207 1166 2230 cum
1189 2195 1374 2230 triennium
1399 2195 1514 2229 eccle-

47 2242 123 2278 siae
158 2242 346 2286 adfuisset,
383 2243 428 2276 ad
460 2245 702 2278 monachorum
735 2244 906 2288 quendam
936 2243 1150 2288 praefectum
1172 2241 1338 2284 secessit,
1374 2239 1514 2274 nomine

49 2288 266 2331 carterium3
299 2289 461 2333 apudque
493 2300 570 2323 eum
600 2288 863 2333 quadriennium
886 2295 1038 2323 moratus
1066 2287 1253 2322 monachus
1276 2287 1340 2321 sub
1366 2297 1408 2320 eo
1433 2285 1514 2331 fuit,

47 2334 300 2380 institutusque
325 2340 380 2368 est
401 2334 512 2369 sacris
535 2334 648 2369 literis
674 2341 710 2369 et
731 2341 896 2370 accurata
925 2335 1020 2369 vitae
1049 2333 1226 2368 solitariae
1250 2332 1430 2377 degendae
1452 2343 1514 2366 ra-

46 2381 158 2416 tione.
207 2386 330 2426 postea
360 2380 489 2425 quietis
520 2380 711 2426 cupiditate
743 2382 866 2415 ductus
894 2381 932 2415 in
966 2380 1163 2426 speluncam
1200 2378 1304 2421 abiit,
1339 2377 1447 2422 inque
1470 2388 1513 2424 ea

47 2427 225 2462 biennium
245 2426 342 2461 solus
363 2427 494 2472 exegit.
542 2438 611 2470 quo
632 2433 707 2461 toto
731 2428 873 2462 biennio
895 2438 971 2462 cum
994 2437 1107 2471 neque
1131 2430 1236 2459 noctu
1262 2434 1376 2468 neque
1401 2423 1512 2457 inter-

48 2473 110 2509 diu
138 2473 378 2518 recubuisset,
413 2473 575 2507 enecavit
602 2484 705 2508 renes
729 2479 766 2508 et
790 2479 909 2520 partes
940 2473 1032 2507 infra
1057 2478 1213 2505 ventrem
1235 2469 1342 2512 sitas,
1377 2469 1512 2513 frigore

47 2531 107 2555 eas
140 2520 324 2575 perdente.
370 2531 476 2565 porro
506 2531 575 2553 non
609 2525 792 2554 contentus
818 2519 888 2554 sibi
908 2519 978 2564 ipsi
1002 2517 1198 2563 profuisse,
1234 2526 1368 2550 rursum
1391 2515 1513 2569 divina
1567 2522 1569 2524 '

72 2565 271 2601 rowdentia
302 2565 370 2599 hoc
402 2566 448 2600 ad
477 2564 659 2600 multorum
688 2566 834 2601 salutem
866 2570 1076 2611 procurante
1106 2564 1151 2598 ad
1183 2561 1362 2596 ecclesiam
1389 2560 1511 2596 redut.

45 2577 213 2647 Rieletius
234 2617 319 2646 tunc
342 2623 419 2646 eum
442 2610 624 2646 diaconum
647 2618 757 2647 creat.
804 2623 951 2656 cumque
968 2609 1070 2645 altari
1088 2608 1274 2643 triennium
1292 2606 1514 2642 inserviisset

46 2664 84 2693 et
105 2659 174 2692 iam
197 2657 274 2692 eius
295 2657 332 2692 in
355 2658 513 2692 docendo
535 2658 648 2692 virtus
671 2658 903 2700 innotuisset,
930 2669 952 2692 a
973 2656 1146 2691 Flaviano
1169 2653 1333 2700 episcopo
1357 2653 1512 2706 presby·-

45 2710 103 2740 ter
126 2703 362 2739 constituitur.
409 2705 492 2738 iude
515 2703 553 2737 in
575 2704 794 2739 Antiocheua
817 2703 968 2739 ecclesia
988 2700 1251 2748 quadriennium
1272 2704 1431 2734 versatus
1454 2709 1511 2732 vi-

45 2756 104 2786 tae
126 2762 212 2785 suae
234 2749 424 2785 virtutibus
447 2761 522 2785 eam
546 2750 743 2785 exornavit.
790 2755 866 2785 erat
885 2760 1016 2784 sum-a
1038 2746 1275 2784 continentiae
1297 2750 1334 2780 et
1356 2743 1510 2780 toleran-

44 2796 118 2833 tiae
160 2796 432 2842 exercitatione,
472 2796 625 2841 pervigil
657 2801 694 2831 et
726 2795 871 2841 quietis.
885 2794 1158 2831 studiosissimus
1187 2803 1230 2828 ac
1259 2789 1513 2836 temperantiae

46 2842 276 2878 aemulatione
297 2842 336 2878 in
358 2842 506 2878 dicendo
528 2842 639 2879 liber=
674 2842 830 2889 alioquin
850 2840 1053 2888 irritabilis,
1075 2839 1152 2876 irae
1173 2850 1278 2884 quam
1298 2836 1425 2884 pudori
1446 2837 1512 2872 ob-

103 2895 234 2943 Georg.
263 2895 440 2934 cedrenus
468 2901 553 2934 tom.
583 2895 615 2934 1.
1178 2887 1233 2928 37
