1742 3184
348 209 748 256 HISTORIARUM
787 209 1183 257 COMPENDIUM.
1404 211 1505 259 271

27 329 214 389 στροφὴν
241 327 488 382 καταλαβών
517 327 591 384 τὴν
612 326 826 383 Az'yvmme
852 327 971 379 κτίζει
998 326 1073 382 τὴν
1099 322 1281 383 μεγάλην
1301 324 1510 377 Ἀλεξάν-

30 403 168 458 δρειαν
187 401 247 450 εἰς
262 399 366 442 ἴδιον
387 398 518 452 ὄνομα
528 429 542 449 ,
566 395 694 439 πάλαι
710 394 935 452 ‘Fundat-qv
954 395 1184 453 λεγομένην.
1240 393 1269 427 *
1288 389 1339 452 ἧς
1357 394 1511 439 ἐπεθύ-

29 487 135 526 μησε
163 469 238 524 τὴν
259 470 404 524 λίμνην
425 466 667 511 θεάσασθαι
689 466 758 508 διὰ
775 465 827 509 τὰ
845 466 887 508 ἓν
908 466 1012 523 αὐτῇ
1029 465 1309 521 μυθευόμενα.
1377 466 1511 508 πολλὰ

32 541 106 595 μὲν
136 532 209 581 οὖν
239 538 391 594 τέρατα
422 539 490 580 καὶ
526 538 714 593 ὀνείρατα
745 534 1073 593 παρεκρούσατο,
1111 541 1183 592 τῆς
1211 552 1254 579 τε
1281 539 1362 577 τῶν
1387 538 1512 577 Χαλ-

0 620 21 655 5
34 610 159 652 δαίων
179 604 365 664 γνώσεως
381 605 677 664 κατεφρόνησε,
712 607 778 647 καὶ
800 604 874 648 σὺν
889 605 1045 661 ὀλίγαις
1061 607 1204 649 ναυσὶν
1226 606 1287 648 ἐπὶ
1306 603 1381 659 τὴν
1399 607 1510 661 εἷρη-
1532 610 1565 644 Ι)

31 679 156 734 μένην
185 677 330 732 λίμνην
360 676 510 730 διαβὰς
536 675 583 718 τό
609 692 651 717 τε
674 678 748 730 τῆς
770 678 954 733 κεφαλῆς
974 673 1158 730 διάδημα
1178 675 1405 728 ἀπέβαλεν,
1437 673 1516 728 ὅμ-

31 753 137 804 βρου
163 748 230 789 καὶ
257 747 454 796 λαίλαπος
477 745 802 802 καταρραγέντος
823 747 999 796 πολλοῦ,
1030 746 1098 787 καὶ
1119 742 1240 799 μόλις
1261 745 1324 786 ἐπὶ
1346 743 1420 799 τὴν
1440 749 1517 799 γῆν

34 815 255 872 διενήξατο.
324 817 392 857 καὶ
414 818 670 872 παραχρῆμα
691 812 770 856 ὕπὸ
793 813 1045 871 Κασάνδρου
1067 819 1140 857 τοῦ
1162 805 1274 857 ι’διόυ4
1286 817 1519 871 στρατηγοῦ

35 886 255 944 φάρμακον
278 882 493 939 δεξάμενος
517 881 778 940 ε’σπαράχθη.
830 886 897 926 καὶ
920 882 940 926 ὃ
956 884 1032 938 μὲν
1053 884 1115 925 ε’πὶ
1138 882 1348 933 τοσούτοις
1367 900 1518 940 κατορ-

1 954 206 1010 θθώμασι
234 954 305 997 τὸν
327 956 420 1009 βίον
444 951 689 1009 μετήλλαξε,
722 954 817 995 δυσὶ
848 955 915 996 καὶ
943 954 1041 995 δέκα
1067 951 1235 1010 χρόνοις
1261 952 1365 1010 πρὸς
1393 954 1518 1007 μησὶν

34 1023 79 1077 ’ἐξ
104 1028 177 1080 τῆς
200 1024 330 1082 ἀρχῆς
359 1021 620 1075 ἀπολαύσας,
654 1020 814 1078 βιώσας
831 1023 877 1066 δὲ
897 1022 949 1066 τὰ
970 1022 1102 1066 πάντα
1122 1022 1190 1080 ἔτη
1211 1021 1286 1066 δύο
1309 1024 1378 1066 καὶ
1399 1019 1517 1079 τριά-

36 1112 172 1138 κοντα.

168 1182 471 1241 Ἀνερχόμενος
498 1183 544 1227 δέ
567 1201 664 1227 ποτε
693 1183 773 1226 ἀπὸ
798 1181 1073 1240 Ἰερουσαλὴμ
1104 1184 1160 1233 εἷς
1186 1184 1376 1241 Περσίδα
1397 1179 1522 1236 ἔλαβέ

38 1273 151 1307 τινας
181 1259 262 1298 τῶν
291 1254 509 1297 Ἰουδαίων
538 1254 643 1309 πρὸς
671 1254 930 1308 συμμαχίαν,
965 1254 1007 1295 ἓν
1037 1251 1099 1303 οἷς
1126 1247 1177 1309 ἦν
1205 1270 1267 1304 τις
1297 1251 1519 1310 ὑπερέχων,

0 1331 28 1368 ,5
40 1324 209 1380 ὀνόματι
231 1322 515 1378 Μοσόμαχος,
552 1323 655 1365 κατὰ
677 1323 818 1377 ψυχὴν
838 1322 913 1376 μὲν
935 1320 1102 1378 ἄριστος
1122 1320 1289 1377 τοξότης
1313 1322 1357 1364 δὲ
1380 1321 1523 1364 εὐστο-

32 1393 240 1451 χώτατος·
277 1392 322 1444 ὃς
341 1391 524 1435 διιόντων
543 1392 616 1447 τὴν
636 1393 698 1434 ἐπὶ
720 1394 952 1446 ,Βαβυλῶνα
973 1389 1091 1443 ὁδόν,
1126 1393 1194 1433 καὶ
1214 1389 1399 1445 μάντεώς
1416 1407 1525 1440 τινος
1547 1396 1577 1431 Ρ
1602 1394 1670 1432 155

40 1462 358 1521 ὄρνιθετομένου
390 1463 458 1504 καὶ
492 1459 650 1512 πάντας
677 1460 888 1516 ἐπέχοντος
897 1493 912 1513 ,
956 1458 1142 1516 ἠρώτησε
1174 1459 1249 1516 τὴν
1285 1461 1418 1502 αι’τιάν
1454 1463 1528 1514 τῆς

38 1536 283 1591 παραμονῆς
320 1535 393 1574 τοῦ
430 1534 548 1574 λαοῦ.
618 1532 686 1573 καὶ
720 1528 741 1572 ὃ
773 1528 1040 1587 ὃρνεοσκόπος
1065 1527 1305 1580 ὑποδεικνὺς
1324 1529 1396 1572 τὸν
1416 1527 1527 1585 ἶῖρνιν

42 1602 122 1660 ἔφη
151 1600 234 1643 “dv
265 1601 340 1655 μὲν
367 1599 597 1650 ἀσάλευτος
629 1601 751 1656 μένῃ,
787 1600 1026 1657 προσμένειν
1057 1600 1269 1657 συμφέρον
1291 1603 1439 1649 πᾶσιν,
1477 1596 1529 1640 ἄν

0 1672 87 1718 206²
124 1670 306 1721 ἀναστὰς
338 1673 393 1721 εἷς
419 1669 709 1727 τοῦμπροσθεν
737 1669 930 1720 πέταται,
965 1667 1177 1726 προάγειν,
1215 1669 1251 1711 εἲ
1273 1667 1316 1710 δ’
1343 1666 1528 1719 ὄπισθεν,

44 1741 268 1797 ἀναχωρεῖν
299 1733 472 1790 αὖθις.”
544 1740 612 1782 καὶ
643 1743 774 1781 ταῦτα
806 1737 987 1789 ἀκούσας
1016 1737 1279 1792 Μοσόμαχος
1309 1735 1425 1795 παρὰ
1455 1740 1531 1778 τοῦ

42 1809 251 1866 μάντεως,
286 1811 353 1851 καὶ
382 1807 526 1868 λάθρᾳ
553 1806 671 1860 τόξον
701 1806 875 1858 ἑλκύσας
884 1840 897 1860 ,
927 1806 1072 1862 βάλλει
1093 1807 1164 1850 τὸν
1186 1806 1310 1864 ὄρνιν.
1378 1804 1448 1863 ἐφ’
1470 1803 1533 1856 οἷς

44 1885 118 1924 τοῦ
146 1877 331 1935 μάντεως
352 1878 657 1934 χαλεπήναντος
680 1880 747 1920 καὶ
767 1875 931 1920 πάντων
949 1880 1031 1920 τῶν
1049 1881 1103 1935 τῇ
1118 1875 1251 1934 πλάνῃ
1273 1874 1530 1929 δεδουλωμέ-

45 1966 150 2002 νων,
186 1947 327 2003 λαβών
356 1950 413 2000 εἷς
436 1954 578 2006 χεῖρας
604 1947 676 1991 τὸν
706 1946 818 2006 ι’)’ρνιν
841 1946 1105 2002 Μοσόμαχος
1127 1945 1206 2004 ἔφη
1237 1943 1311 1989 “vl
1327 1962 1400 2000 μοι
1421 1943 1529 2000 μέμ-

42 2102 291 2140 Alexandriam
329 2102 375 2138 de
410 2113 473 2137 suo
514 2101 654 2137 nomine
693 2101 869 2148 condidit,
916 2101 1111 2148 antiquitus
1154 2101 1343 2136 Racastam
1387 2098 1531 2134 dictam.

44 2151 63 2171 *
87 2150 186 2186 cuius
210 2148 369 2196 paludem
392 2149 517 2183 videre
539 2149 705 2194 cupiebat
729 2150 774 2185 ob
798 2162 841 2184 ea
866 2160 957 2195 quae
981 2150 1026 2183 de
1050 2159 1092 2183 ea
1115 2147 1275 2182 fabulose
1294 2146 1530 2181 iactabantur.

43 2197 167 2243 itaque
195 2195 313 2231 multis
341 2195 488 2230 ostentis
521 2201 558 2230 et
589 2195 771 2231 insomniis
794 2196 1024 2242 contemptis,
1058 2199 1180 2241 spreta
1202 2193 1307 2228 etiam
1332 2192 1533 2226 Chaldaeo-

43 2255 122 2279 rum
144 2242 384 2286 divinatione,
422 2253 499 2276 cum
523 2242 645 2287 paucis
668 2243 818 2278 navibus
845 2242 1007 2288 paludem
1032 2253 1107 2275 eam
1129 2240 1294 2275 accessit.
1340 2239 1393 2273 ibi
1417 2238 1533 2272 imbre

45 2302 89 2325 ac
120 2289 263 2325 turbine
295 2287 412 2324 subito
447 2293 571 2323 exorto
582 2290 602 2333 ,‘
627 2289 755 2324 amisso
790 2289 917 2335 capitis
953 2288 1171 2332 diademate,
1208 2297 1314 2331 aegre
1337 2285 1376 2319 in
1402 2288 1533 2320 terram

47 2336 182 2372 enavit.
230 2335 419 2381 statimque
452 2346 473 2369 a
505 2334 686 2370 Casandro
718 2337 808 2371 duce
842 2335 1019 2370 exercitus
1043 2333 1098 2368 sui
1121 2345 1259 2368 veneno
1285 2330 1443 2366 exhibito
1466 2330 1533 2365 do-

46 2383 180 2419 loribus
210 2381 363 2417 laniatus
395 2385 463 2416 est.
513 2380 566 2416 ita
598 2381 798 2417 Alexander
820 2386 874 2417 tot
895 2383 1000 2417 rebus
1023 2380 1206 2426 praeclare
1238 2377 1349 2424 gestis
1375 2381 1534 2412 mortuus

46 2434 120 2474 est,
154 2441 233 2511 ohim
262 2432 451 2475 regnasset
472 2437 581 2462 annos
603 2427 786 2464 duodecim
811 2434 847 2464 et
869 2440 933 2464 sex
956 2438 1115 2473 menses,
1151 2425 1304 2461 vixisset
1326 2429 1443 2460 autem
1466 2423 1536 2458 tri-

45 2476 148 2523 ginta
199 2486 277 2511 uos.

141 2542 402 2589 Hierosolymis
435 2543 610 2589 quondam
640 2542 679 2578 in
709 2543 891 2579 Persidem
923 2544 1104 2590 profectus
1129 2541 1298 2587 quosdam
1320 2539 1473 2575 Iudaeos
1496 2538 1535 2574 in

50 2591 243 2627 exercitum
276 2591 492 2626 adsciverat.
541 2590 610 2625 fuit
640 2590 734 2625 inter
762 2591 827 2626 hos
848 2588 1174 2636 praestantissimus
1197 2586 1466 2631 Mosomacbus,
1500 2591 1537 2620 et

48 2638 192 2683 ingenio
229 2637 360 2718 optimo
397 2636 579 2683 praeditus
615 2642 652 2671 et
684 2637 816 2682 sagitta
846 2647 989 2682 scopum
1018 2628 1186 2680 tangendi
1209 2633 1455 2679 peritissimus.
1503 2633 1537 2666 is

49 2696 127 2719 cum
149 2685 251 2729 Baby
266 2696 366 2719 onem
388 2685 502 2719 iretur
528 2689 565 2718 et
587 2683 727 2727 quidam
751 2683 881 2719 ariolus
907 2682 1066 2728 auspicio
1102 2692 1166 2715 suo
1200 2680 1391 2715 exercitum
1419 2690 1537 2714 mora-

49 2736 168 2775 retur,
208 2742 348 2765 causam
379 2742 442 2765 cur
471 2729 691 2765 substitisset
714 2730 864 2776 populus
891 2728 1037 2764 scitatus
1051 2754 1062 2772 ‚
1087 2738 1162 2762 cum
1187 2737 1321 2773 auspex
1343 2737 1411 2761 ave
1433 2737 1537 2761 mon-

51 2782 165 2812 strata
189 2776 359 2822 dixisset,
391 2776 425 2812 si
455 2788 496 2811 ea
519 2775 706 2810 immobilis
738 2783 917 2819 maneret,
953 2776 1083 2809 bonum
1105 2773 1280 2808 universis
1305 2772 1470 2820 portendi
1496 2777 1535 2806 ut

50 2822 104 2857 ibi
126 2828 310 2868 maneant,
344 2823 400 2858 sin
423 2835 530 2870 porro
554 2822 711 2866 volaret,
744 2821 1024 2868 procedendum,
1048 2821 1105 2855 sin
1127 2825 1225 2855 retro
1248 2819 1406 2863 volaret,
1430 2830 1535 2853 rece-

51 2869 201 2904 dendum
225 2869 314 2916 ipsis
338 2881 437 2915 esse,
465 2870 520 2904 his
544 2869 675 2904 auditis
696 2868 782 2904 clam
801 2870 907 2904 ducto
926 2878 1011 2902 arcu
1030 2877 1130 2902 avem
1149 2865 1292 2902 deiecit.
1340 2865 1434 2912 quod
1456 2876 1533 2899 cum

52 2922 90 2951 et
108 2916 238 2952 ariolus
258 2922 295 2953 et
311 2916 442 2964 reliqui
459 2916 528 2952 isto
550 2926 672 2952 errore
694 2915 791 2963 capti
812 2926 919 2962 aegre
941 2914 1098 2962 ferrent,
1122 2919 1266 2961 arrepta
1286 2912 1533 2955 Mosomachus
