1742 3184
219 233 314 281 132
697 227 938 275 GEORGII
967 225 1213 272 CEDRENI

342 345 446 401 Ὅτι
464 347 526 391 ἐπὶ
545 349 742 406 σταθηρᾷ
761 336 997 401 μεσημβρίᾳ
1014 345 1087 397 τῆς
1108 340 1171 383 ε’πὶ
1198 343 1272 395 τῆς
1291 335 1423 392 βάτου
1444 337 1693 396 θεοφανείας

161 423 194 460 C
218 417 401 471 ἂξιοῦται
414 420 618 472 Μωϋσῆς,
643 417 709 459 καὶ
732 419 812 458 τῶν
828 410 1054 470 ’ὁμοφύλων
1072 410 1145 465 τὴν
1161 408 1376 465 ἡγεμονίαν
1393 409 1460 450 καὶ
1479 407 1538 463 μὴ
1555 407 1692 450 θέλων

211 488 488 545 ἐγχειρίζεται,
530 486 710 541 σημείοις
737 500 779 526 τε
816 483 882 525 καὶ
915 481 1053 537 τέρασι
1089 478 1410 529 καθοπλισθείς,
1456 475 1691 520 καταλιπών

208 557 357 614 Ἰοθὺρ
374 555 444 599 τὸν
464 554 662 608 πενθερὸν
687 553 813 595 αὐτοῦ
841 550 868 606 ἢ
897 550 1085 606 γαμβρὸν
1114 549 1286 604 (δισσῶς
1309 547 1387 603 γὰρ
1408 546 1608 601 καλεῖται)
1635 548 1692 596 εἷς

211 626 424 682 Αἴγυπτον
454 623 540 678 ἅμα
573 624 663 665 ὁύσὶ
688 622 803 664 παισὶ
830 621 870 661 Γ
866 620 1008 676 ηρσὰμ
1040 619 1107 661 καὶ
1136 618 1331 674 Ἐλιέζερ,
1367 617 1436 658 καὶ
1457 617 1615 672 γυναικὶ
1639 619 1724 672 τῇ5

214 693 432 753 Σεπφόρα,
466 687 494 750 ᾗ
510 694 577 736 καὶ
598 691 763 741 ἐπιστὰς
785 688 951 745 ἄγγελος
970 686 1154 731 θάνατον
1175 687 1400 742 ἠπείλησεν.
1469 684 1574 728 ἀλλὰ
1595 689 1693 727 τοῦ-

212 781 283 807 τον
315 761 508 806 ἷλεῶσατο
540 762 681 818 καίπερ
716 757 949 816 ἀλλόφυλος
976 752 1082 800 οὖσα
1112 754 1137 811 ἦ
1163 755 1262 813 γυνὴ
1289 759 1348 813 τῷ
1373 758 1447 809 τῆς
1471 758 1693 811 περιτομῆς

213 837 287 877 τοῦ
306 830 453 882 παιδὸς
474 831 628 885 α’ίματι.
696 832 873 887 συναντᾷ
895 827 938 869 δὲ
958 826 1069 883 αὐτῷ
1089 828 1156 868 καὶ
1173 824 1331 881 Ἀαρών
1349 822 1502 867 θεόθεν
1520 824 1692 875 σταλείς,
1731 843 1741 851 ·

213 903 281 945 καὶ
302 900 374 956 τὴν
393 904 474 943 τῶν
492 899 669 954 σημείων
689 899 994 952 ε’πιβεβαιοῦται
1016 894 1202 949 δύναμιν.
1239 894 1337 937 ὅθεν
1359 895 1426 936 καὶ
1449 897 1509 952 τῷ
1532 893 1692 950 Φαραὼ

212 970 315 1026 μετὰ
343 970 411 1012 καὶ
437 972 519 1012 τῶν
537 968 774 1024 Αἰγυπτίων
795 967 996 1008 ἕπαοιὸὥν
1016 965 1330 1020 ἆνθισταμὲνοις
1349 960 1516 1020 πρώτην
1533 962 1691 1019 πληγὴν
1706 964 1742 1000 1ss

213 1037 413 1094 ἐπήνεγκε,
436 1041 518 1080 πᾶν
535 1036 649 1093 ὕδωρ
672 1039 730 1087 εἷς
750 1033 853 1091 αἷμα
872 1033 1068 1091 ποιήσας·
1099 1036 1283 1078 Μωῢσεῖ
1298 1034 1343 1076 δὲ
1360 1034 1427 1075 καὶ
1444 1033 1605 1089 Ἀαρὼν
1626 1033 1694 1075 καὶ

160 1116 194 1153 1>
217 1114 300 1159 τοῖς
317 1105 525 1165 Ἑβραίοις
554 1105 743 1163 καθαρὸν
772 1100 822 1162 ἦν
852 1106 920 1147 καὶ
955 1102 1182 1158 πινόμενον.
1251 1102 1368 1145 ἔνθεν
1399 1101 1479 1159 γὰρ
1509 1104 1578 1145 καὶ
1610 1107 1696 1151 τοῖς

209 1176 351 1234 γόησιν
380 1176 659 1233 ἀντεσοφίσθη
691 1174 737 1218 τὸ
767 1174 879 1232 παρὰ
912 1179 998 1223 τοῖς
1020 1171 1230 1230 Ἑβραίοις
1261 1170 1547 1228 εὑρισκόμενον
1580 1170 1695 1229 ῧὸωρ

212 1244 316 1301 αἷμα
339 1247 470 1288 δοκεῖν
488 1247 725 1303 φαίνεσθαι.
794 1243 840 1286 τὸ
870 1244 915 1285 δὲ
942 1241 1040 1285 αὐτὸ
1062 1249 1212 1285 νοεῖται
1239 1243 1306 1284 καὶ
1327 1241 1391 1283 ἐπὶ
1412 1244 1486 1295 τῆς
1506 1241 1697 1297 δευτέρας

209 1319 366 1371 πληγῆς
385 1319 466 1358 τῶν
486 1311 721 1371 βατράχων,
756 1314 1010 1369 Αἰγυπτίους
1029 1312 1105 1366 μὲν
1128 1309 1283 1362 πάντας
1305 1314 1364 1368 τῷ
1387 1307 1515 1352 πάθει
1544 1311 1690 1364 μαστί-
1707 1318 1742 1354 15

211 1386 378 1437 ζεσθαι,
413 1382 542 1439 μόνην
565 1383 610 1425 δὲ
631 1383 705 1438 τὴν
727 1387 803 1438 γῆν
824 1385 905 1425 τῶν
922 1379 1126 1438 Ἑβραίων
1147 1378 1397 1438 καθαρεύειν
1420 1383 1494 1422 τοῦ
1516 1377 1696 1429 πάθους.

209 1454 324 1511 τρίτη
345 1453 476 1509 πληγὴ
499 1450 525 1508 ἦ
549 1455 630 1495 τῶν
659 1456 860 1502 σκνιπιῦν,
896 1448 1067 1505 τετάρτη
1099 1446 1124 1505 ἦ
1157 1454 1230 1505 τῆς
1258 1449 1501 1503 κυνομυίας,
1535 1448 1696 1504 πέμπτη

208 1520 393 1572 θάνατος
417 1526 593 1577 κτηνῶν,
641 1520 734 1575 ἕκτη
759 1518 779 1562 ὅ
815 1518 1057 1574 αἶθαλώὸης
1079 1517 1307 1576 κονιορτός,
1344 1516 1502 1573 ἑβδόμη
1526 1518 1569 1560 αἱ
1589 1522 1698 1576 ‹plv-

209 1592 340 1642 κτίδες
360 1594 432 1646 τῆς
451 1588 658 1645 χαλάζης,
695 1587 819 1646 ὀγδόη
852 1586 878 1644 ἦ
903 1588 1040 1645 ἀκρίς,
1078 1586 1220 1644 ἓννάτη
1247 1588 1293 1631 τὸ
1323 1586 1575 1645 ψηλαφητὸν
1597 1586 1697 1631 σκό-

207 1677 300 1713 τος,
336 1658 481 1715 δεκάτη
507 1658 691 1710 θάνατος
712 1662 794 1701 τῶν
820 1655 1105 1714 πρωτοτόκων.
1703 1663 1742 1699 20

88 1738 118 1775 P
142 1740 188 1777 75
343 1727 407 1771 ‘H
435 1726 665 1784 δεκάλογος.
735 1725 789 1769 α’.
828 1725 906 1783 ἐγώ
936 1728 1017 1781 εἶμι
1047 1724 1187 1782 κύριος
1207 1723 1227 1768 ὃ
1250 1722 1352 1776 θεός
1370 1742 1447 1768 σου
1456 1757 1470 1777 ,
1506 1723 1528 1768 ὅ
1550 1725 1696 1782 ἐξαγα-

207 1795 291 1855 γών
317 1815 360 1841 σε
390 1799 433 1840 ἐκ
462 1802 535 1853 γῆς
560 1795 790 1853 Λῖγύπτου.
857 1795 912 1849 β’.
950 1796 1024 1839 οὐκ
1056 1794 1219 1839 ἔσονταί
1237 1812 1301 1837 σοι
1325 1797 1417 1837 θεοὶ
1438 1795 1566 1852 ἕτεροι
1591 1795 1696 1851 πλὴν

210 1868 333 1922 ἐμοῦ·
362 1867 409 1909 οὐ
430 1866 613 1922 ποιήσεις
629 1871 788 1923 σεαυτῷ
810 1864 999 1916 εἴδωλον,
1027 1865 1121 1907 οὐδὲ
1140 1864 1291 1914 παντὸς
1311 1861 1514 1919 ὁμοίωμα.
1569 1863 1620 1920 γ’.
1646 1865 1694 1907 οὗ

210 1934 326 1993 λήψῃ
358 1935 404 1979 τὸ
435 1935 564 1991 ὄνομα
591 1939 664 1979 τοῦ
692 1938 794 1978 θεοῦ
815 1935 878 1976 ἐπὶ
898 1938 1022 1995 κενῷ·
1059 1934 1107 1977 οὗ
1126 1933 1205 1992 γὰρ
1226 1933 1286 1990 μὴ
1309 1935 1530 1992 καθαρίσει
1554 1933 1696 1993 κύριος

304 2091 440 2127 Sereno
464 2089 612 2127 meridie
636 2090 694 2126 dei
717 2089 754 2124 in
780 2091 870 2125 rubo
894 2090 1119 2137 apparitione
1144 2090 1308 2136 dignatus
1329 2094 1384 2126 est
1401 2090 1537 2136 Moses,
1559 2102 1698 2137 suoque

211 2137 342 2185 populo
365 2138 469 2173 etiam
493 2137 616 2172 nolens
639 2138 842 2184 praefectus
868 2148 909 2172 ac
937 2137 1105 2172 facultate
1129 2137 1374 2172 miraculorum
1401 2138 1613 2173 edendorum
1637 2138 1694 2172 in-

210 2189 378 2229 structus,
402 2184 546 2219 Iothore
570 2195 693 2219 socero
718 2183 855 2227 relicto,
881 2195 956 2218 cum
979 2195 1089 2218 uxore
1109 2195 1173 2219 sua
1192 2184 1381 2229 Sepphora
1401 2196 1444 2219 ac
1466 2185 1639 2219 Gersomo
1658 2190 1696 2219 et

209 2230 376 2266 Eliezere
408 2231 489 2265 filiis
518 2230 556 2265 in
579 2231 778 2276 Aegyptum
802 2230 985 2276 profectus
1008 2236 1075 2264 est.
1125 2230 1334 2276 Sepphorae
1357 2230 1502 2276 angelus
1527 2231 1695 2275 occurrit,

210 2288 253 2311 ac
276 2282 421 2312 mortem
444 2282 499 2312 est
519 2276 690 2319 minatus3
724 2287 827 2322 quem
853 2288 913 2320 ea,
941 2276 1082 2311 tametsi
1107 2276 1328 2323 alienigena,
1351 2277 1524 2322 sanguine
1543 2278 1694 2313 circum-

211 2322 276 2357 cisi
299 2323 364 2357 filii
388 2323 554 2368 placavit.
601 2323 740 2358 obviam
765 2323 880 2357 factus
904 2327 959 2357 est
983 2323 1088 2357 etiarn
1111 2323 1205 2357 Mosi
1228 2324 1367 2368 Aaron,
1394 2324 1503 2358 missu
1525 2324 1604 2369 dei,
1636 2324 1693 2358 sa-

209 2369 445 2415 cultatemque
465 2369 704 2415 prodigiorum
726 2368 962 2404 confirmavit.
1009 2369 1158 2414 proinde
1177 2369 1363 2405 Pharaone
1386 2370 1458 2405 sibi
1482 2382 1560 2406 cum
1582 2370 1694 2416 magis

208 2415 398 2462 Aegyptiis
417 2416 604 2451 resistente
622 2415 742 2450 Moses
771 2415 917 2461 primam
947 2414 1085 2461 plagam
1113 2416 1252 2462 intulit,
1286 2415 1380 2451 omni
1399 2428 1520 2452 eorum
1541 2428 1633 2462 aqua
1656 2417 1694 2451 in

208 2463 413 2516 sanguinem
437 2467 589 2507 mutata,
625 2473 700 2496 cum
725 2461 803 2507 ipse
826 2461 967 2496 interim
990 2462 1109 2496 Aaron
1134 2468 1240 2508 atque
1262 2463 1398 2498 Ebraei
1419 2475 1541 2509 puram
1565 2469 1603 2499 et
1626 2475 1693 2510 po-

208 2508 352 2542 tabilem
376 2508 548 2543 haberent
569 2519 705 2553 aquam.
755 2509 838 2543 inde
873 2508 965 2544 enim
993 2508 1095 2543 etiam
1123 2509 1415 2556 praestigiatores
1439 2513 1578 2556 sumpta
1602 2521 1694 2555 aqua

209 2554 406 2588 effecerunt
427 2560 466 2588 ut
489 2566 530 2588 ea
554 2554 696 2599 sanguis
720 2554 902 2590 videretur
920 2566 1012 2590 esse.
1060 2555 1112 2589 sic
1145 2555 1250 2591 etiam
1281 2556 1437 2591 secunda
1470 2555 1575 2600 plaga
1597 2555 1695 2591 ranis

207 2600 373 2645 Aegypto
398 2599 575 2644 immissis,
599 2612 674 2635 cum
699 2612 763 2636 eae
786 2605 896 2636 totam
917 2607 1057 2646 gentem
1080 2608 1276 2647 vexarent,
1301 2601 1377 2636 sola
1401 2603 1445 2636 ab
1465 2601 1511 2637 iis
1530 2602 1692 2638 immunis

209 2646 279 2681 fuit
304 2647 523 2681 Ebraeorum
546 2652 655 2681 terra.
703 2647 809 2682 tertia
832 2647 937 2693 plaga
960 2648 1028 2682 fuit
1049 2647 1190 2693 culices,
1217 2653 1343 2695 quarta
1366 2658 1506 2683 muscae
1531 2649 1691 2693 caninae,

210 2692 335 2738 quinta
361 2693 589 2727 iumentorum
613 2704 724 2739 mors,
758 2700 861 2728 sexta
884 2693 1000 2739 pulvis
1025 2693 1256 2740 fuliginosus,
1287 2693 1437 2739 septima
1464 2694 1627 2740 pustulae
1655 2701 1692 2730 et

209 2739 357 2793 graan
381 2744 508 2792 octava
530 2738 699 2786 locustae,
723 2752 815 2776 nona
837 2741 1008 2776 tenebrae
1033 2741 1252 2788 palpabiles,
1277 2740 1413 2775 decima
1433 2741 1691 2787 primogenito-

209 2795 286 2819 rum
308 2790 488 2820 lnterltus.

301 2831 430 2865 Decem
454 2835 658 2878 praecepta.
708 2834 742 2869 1.
768 2845 834 2879 ego
858 2845 932 2868 sum
957 2833 1042 2868 deus
1062 2837 1154 2879 tuus,
1179 2833 1240 2878 qui
1259 2837 1296 2867 te
1316 2844 1360 2866 ex
1381 2832 1547 2880 Aegypto
1567 2834 1688 2869 eduxi.

208 2878 245 2913 2.
270 2888 314 2911 ne
337 2877 408 2911 sint
430 2877 497 2913 tibi
521 2878 582 2914 alii
604 2883 747 2925 praeter
770 2892 824 2915 me
843 2880 908 2915 dii.
944 2892 989 2915 ne
1013 2879 1143 2914 feceris
1167 2879 1235 2915 tibi
1259 2878 1479 2915 simulacrum
1500 2885 1563 2916 aut
1585 2880 1689 2916 ullius

207 2921 262 2958 tei
283 2923 452 2970 effigiem.
499 2924 535 2961 3.
557 2937 602 2961 ne
625 2926 782 2963 abutaris
806 2926 946 2963 nomine
969 2926 1045 2964 dei:
1077 2938 1148 2963 non
1179 2926 1271 2962 enim
1299 2925 1459 2963 absolvet
1487 2927 1577 2964 deus
1608 2937 1686 2963 eum
