<?xml version="1.0" encoding="UTF-8"?>
<!DOCTYPE html PUBLIC "-//W3C//DTD XHTML 1.0 Transitional//EN"
    "http://www.w3.org/TR/xhtml1/DTD/xhtml1-transitional.dtd">
<html xmlns="http://www.w3.org/1999/xhtml" xml:lang="en" lang="en">
 <head>
  <title>
</title>
<meta http-equiv="Content-Type" content="text/html;charset=utf-8" />
  <meta name='ocr-system' content='tesseract 3.04.00' />
  <meta name='ocr-capabilities' content='ocr_page ocr_carea ocr_par ocr_line ocrx_word'/>
</head>
<body>
  <div class='ocr_page' id='page_1' title='image "./corpusscriptorum13niebuoft_0762.png"; bbox 0 0 1742 3184; ppageno 0'>
   <div class='ocr_carea' id='block_1_1' title="bbox 177 148 1188 200">
    <p class='ocr_par' dir='ltr' id='par_1_1' title="bbox 177 148 1188 200">
     <span class='ocr_line' id='line_1_1' title="bbox 177 148 1188 200; baseline -0.005 -1"><span class='ocrx_word' id='word_1_1' title='bbox 177 151 277 200; x_wconf 84' lang='lat'><strong>738</strong></span> <span class='ocrx_word' id='word_1_2' title='bbox 663 149 906 199; x_wconf 83' lang='lat' dir='ltr'><strong>GEORGu</strong></span> <span class='ocrx_word' id='word_1_3' title='bbox 939 148 1188 195; x_wconf 86' lang='lat' dir='ltr'><strong>GEDRENI</strong></span> 
     </span>
    </p>
   </div>
   <div class='ocr_carea' id='block_1_2' title="bbox 48 258 1742 1720">
    <p class='ocr_par' dir='ltr' id='par_1_2' title="bbox 48 258 1742 1720">
     <span class='ocr_line' id='line_1_2' title="bbox 180 258 1664 324; baseline -0.002 -13"><span class='ocrx_word' id='word_1_4' title='bbox 180 269 329 319; x_wconf 71' lang='grc' dir='ltr'><em>αἵτινες</em></span> <span class='ocrx_word' id='word_1_5' title='bbox 357 265 431 311; x_wconf 70' lang='grc' dir='ltr'><em>οὐκ</em></span> <span class='ocrx_word' id='word_1_6' title='bbox 461 263 691 311; x_wconf 67' lang='grc' dir='ltr'><em>ἐπαύσαντο</em></span> <span class='ocrx_word' id='word_1_7' title='bbox 712 265 831 324; x_wconf 75' lang='grc' dir='ltr'><em>ἄχρις</em></span> <span class='ocrx_word' id='word_1_8' title='bbox 849 262 901 310; x_wconf 72' lang='grc' dir='ltr'><em>ἂν</em></span> <span class='ocrx_word' id='word_1_9' title='bbox 921 261 944 309; x_wconf 80' lang='grc' dir='ltr'><strong><em>ὃ</em></strong></span> <span class='ocrx_word' id='word_1_10' title='bbox 966 268 1041 321; x_wconf 82' lang='grc' dir='ltr'><em>τῆς</em></span> <span class='ocrx_word' id='word_1_11' title='bbox 1059 264 1274 321; x_wconf 74' lang='grc' dir='ltr'><strong><em>ἐκκλησίας</em></strong></span> <span class='ocrx_word' id='word_1_12' title='bbox 1291 258 1467 322; x_wconf 75' lang='grc' dir='ltr'><em>διώκτης</em></span> <span class='ocrx_word' id='word_1_13' title='bbox 1485 261 1527 308; x_wconf 78' lang='grc' dir='ltr'><em>ἓν</em></span> <span class='ocrx_word' id='word_1_14' title='bbox 1544 267 1664 309; x_wconf 80' lang='grc' dir='ltr'><em>Σικε-</em></span> 
     </span>
     <span class='ocr_line' id='line_1_3' title="bbox 182 333 1276 401; baseline -0.004 -20"><span class='ocrx_word' id='word_1_15' title='bbox 182 339 251 401; x_wconf 68' lang='grc' dir='ltr'><em>λία</em></span> <span class='ocrx_word' id='word_1_16' title='bbox 272 341 408 382; x_wconf 78' lang='grc' dir='ltr'><em>κακῶν</em></span> <span class='ocrx_word' id='word_1_17' title='bbox 427 337 610 396; x_wconf 73' lang='grc' dir='ltr'><em>ἀνῃρέθη</em></span> <span class='ocrx_word' id='word_1_18' title='bbox 631 338 673 380; x_wconf 76' lang='grc' dir='ltr'><em>ἐν</em></span> <span class='ocrx_word' id='word_1_19' title='bbox 694 341 752 395; x_wconf 79' lang='grc' dir='ltr'><strong>τῷ</strong></span> <span class='ocrx_word' id='word_1_20' title='bbox 767 335 971 395; x_wconf 79' lang='grc' dir='ltr'><em>βαλανείῳ</em></span> <span class='ocrx_word' id='word_1_21' title='bbox 993 339 1068 391; x_wconf 74' lang='grc' dir='ltr'><em>τῆς</em></span> <span class='ocrx_word' id='word_1_22' title='bbox 1084 333 1276 393; x_wconf 79' lang='grc' dir='ltr'><em>Δάφνης.</em></span> 
     </span>
     <span class='ocr_line' id='line_1_4' title="bbox 323 400 1670 466; baseline -0.004 -16"><span class='ocrx_word' id='word_1_23' title='bbox 323 411 399 466; x_wconf 70' lang='grc' dir='ltr'><strong>Τῷ</strong></span> <span class='ocrx_word' id='word_1_24' title='bbox 427 405 491 449; x_wconf 87' lang='grc' dir='ltr'><em>κα’</em></span> <span class='ocrx_word' id='word_1_25' title='bbox 522 406 599 450; x_wconf 70' lang='grc' dir='ltr'><em>ἴτει</em></span> <span class='ocrx_word' id='word_1_26' title='bbox 628 406 785 461; x_wconf 78' lang='grc' dir='ltr'><em>ἀπεβίω</em></span> <span class='ocrx_word' id='word_1_27' title='bbox 811 403 1009 460; x_wconf 76' lang='grc' dir='ltr'><em>Μωάμεδ</em></span> <span class='ocrx_word' id='word_1_28' title='bbox 1040 402 1062 447; x_wconf 75' lang='grc' dir='ltr'><em>ὃ</em></span> <span class='ocrx_word' id='word_1_29' title='bbox 1092 408 1174 448; x_wconf 82' lang='grc' dir='ltr'><em>τῶν</em></span> <span class='ocrx_word' id='word_1_30' title='bbox 1204 400 1458 460; x_wconf 78' lang='grc' dir='ltr'><em>Σαρακηνῶν</em></span> <span class='ocrx_word' id='word_1_31' title='bbox 1489 401 1670 461; x_wconf 74' lang='grc' dir='ltr'><em>ἀρχηγὸς</em></span> 
     </span>
     <span class='ocr_line' id='line_1_5' title="bbox 183 472 1670 535; baseline -0.003 -15"><span class='ocrx_word' id='word_1_32' title='bbox 183 475 555 535; x_wconf 75' lang='grc' dir='ltr'><em>ψευδοπροφήτης,</em></span> <span class='ocrx_word' id='word_1_33' title='bbox 590 473 950 534; x_wconf 80' lang='grc' dir='ltr'><em>προχειρισάμενος</em></span> <span class='ocrx_word' id='word_1_34' title='bbox 966 472 1229 532; x_wconf 77' lang='grc' dir='ltr'><em>Ἀβουβάχαρ</em></span> <span class='ocrx_word' id='word_1_35' title='bbox 1248 474 1319 517; x_wconf 83' lang='grc' dir='ltr'><em>τὸν</em></span> <span class='ocrx_word' id='word_1_36' title='bbox 1337 477 1508 530; x_wconf 83' lang='grc' dir='ltr'><em>συγγενῆ</em></span> <span class='ocrx_word' id='word_1_37' title='bbox 1528 472 1670 516; x_wconf 72' lang='grc' dir='ltr'><em>αὐτοῦ.</em></span> 
     </span>
     <span class='ocr_line' id='line_1_6' title="bbox 185 540 1705 602; baseline -0.005 -11"><span class='ocrx_word' id='word_1_38' title='bbox 185 547 224 591; x_wconf 82' lang='grc' dir='ltr'><em>οἳ</em></span> <span class='ocrx_word' id='word_1_39' title='bbox 247 547 293 589; x_wconf 75' lang='grc' dir='ltr'><strong>δὲ</strong></span> <span class='ocrx_word' id='word_1_40' title='bbox 316 545 612 602; x_wconf 68' lang='grc' dir='ltr'><strong>πεπλανημένοι</strong></span> <span class='ocrx_word' id='word_1_41' title='bbox 640 542 826 602; x_wconf 79' lang='grc' dir='ltr'><em>Ἑβραῖοι</em></span> <span class='ocrx_word' id='word_1_42' title='bbox 845 545 889 588; x_wconf 76' lang='grc' dir='ltr'><em>ἕν</em></span> <span class='ocrx_word' id='word_1_43' title='bbox 907 543 1018 602; x_wconf 76' lang='grc' dir='ltr'><em>ἀρχῇ</em></span> <span class='ocrx_word' id='word_1_44' title='bbox 1039 548 1113 600; x_wconf 82' lang='grc' dir='ltr'><em>τῆς</em></span> <span class='ocrx_word' id='word_1_45' title='bbox 1132 542 1363 602; x_wconf 73' lang='grc' dir='ltr'><em>παρουσίας</em></span> <span class='ocrx_word' id='word_1_46' title='bbox 1384 543 1513 586; x_wconf 76' lang='grc' dir='ltr'><em>αὐτοῦ</em></span> <span class='ocrx_word' id='word_1_47' title='bbox 1533 540 1670 597; x_wconf 76' lang='grc' dir='ltr'><em>ἔνόμι-</em></span> <span class='ocrx_word' id='word_1_48' title='bbox 1683 556 1705 592; x_wconf 83' lang='grc'><strong>5</strong></span> 
     </span>
     <span class='ocr_line' id='line_1_7' title="bbox 184 609 1678 672; baseline -0.003 -13"><span class='ocrx_word' id='word_1_49' title='bbox 184 633 263 660; x_wconf 90' lang='grc' dir='ltr'><strong>σαν</strong></span> <span class='ocrx_word' id='word_1_50' title='bbox 282 615 406 659; x_wconf 78' lang='grc' dir='ltr'><em>αὐτὸν</em></span> <span class='ocrx_word' id='word_1_51' title='bbox 428 613 526 658; x_wconf 73' lang='grc' dir='ltr'><em>εἶναι</em></span> <span class='ocrx_word' id='word_1_52' title='bbox 545 613 616 658; x_wconf 84' lang='grc' dir='ltr'><em>τὸν</em></span> <span class='ocrx_word' id='word_1_53' title='bbox 640 614 743 672; x_wconf 75' lang='grc' dir='ltr'><em>παρ’</em></span> <span class='ocrx_word' id='word_1_54' title='bbox 771 614 910 665; x_wconf 76' lang='grc' dir='ltr'><em>αὐτοῖς</em></span> <span class='ocrx_word' id='word_1_55' title='bbox 930 612 1270 672; x_wconf 71' lang='grc' dir='ltr'><em>προσδοκώμενον</em></span> <span class='ocrx_word' id='word_1_56' title='bbox 1286 609 1487 670; x_wconf 85' lang='grc' dir='ltr'><em>Χριστόν,</em></span> <span class='ocrx_word' id='word_1_57' title='bbox 1522 610 1578 663; x_wconf 83' lang='grc' dir='ltr'><em>ὦς</em></span> <span class='ocrx_word' id='word_1_58' title='bbox 1605 612 1678 655; x_wconf 84' lang='grc' dir='ltr'><em>καί</em></span> 
     </span>
     <span class='ocr_line' id='line_1_8' title="bbox 183 681 1674 742; baseline -0.003 -14"><span class='ocrx_word' id='word_1_59' title='bbox 183 703 298 737; x_wconf 86' lang='grc' dir='ltr'><em>τινας</em></span> <span class='ocrx_word' id='word_1_60' title='bbox 337 685 408 729; x_wconf 86' lang='grc' dir='ltr'><em>τὸν</em></span> <span class='ocrx_word' id='word_1_61' title='bbox 450 683 636 741; x_wconf 75' lang='grc' dir='ltr'><em>ἀριθμὸν</em></span> <span class='ocrx_word' id='word_1_62' title='bbox 677 683 777 727; x_wconf 71' lang='grc' dir='ltr'><em>δέκα</em></span> <span class='ocrx_word' id='word_1_63' title='bbox 811 682 1068 742; x_wconf 69' lang='grc' dir='ltr'><em>προῦχοντας</em></span> <span class='ocrx_word' id='word_1_64' title='bbox 1105 683 1241 727; x_wconf 80' lang='grc' dir='ltr'><em>αὐτῶν</em></span> <span class='ocrx_word' id='word_1_65' title='bbox 1270 685 1514 740; x_wconf 77' lang='grc' dir='ltr'><em>προσελθεῖν</em></span> <span class='ocrx_word' id='word_1_66' title='bbox 1546 681 1674 740; x_wconf 77' lang='grc' dir='ltr'><em>αὐτῷ,</em></span> 
     </span>
     <span class='ocr_line' id='line_1_9' title="bbox 186 750 1676 813; baseline -0.003 -15"><span class='ocrx_word' id='word_1_67' title='bbox 186 755 356 813; x_wconf 75' lang='grc' dir='ltr'><em>ἀφεῖναί</em></span> <span class='ocrx_word' id='word_1_68' title='bbox 381 771 423 797; x_wconf 86' lang='grc' dir='ltr'><em>τε</em></span> <span class='ocrx_word' id='word_1_69' title='bbox 455 753 531 810; x_wconf 75' lang='grc' dir='ltr'><em>τὴν</em></span> <span class='ocrx_word' id='word_1_70' title='bbox 561 757 636 797; x_wconf 82' lang='grc' dir='ltr'><em>τοῦ</em></span> <span class='ocrx_word' id='word_1_71' title='bbox 665 752 848 796; x_wconf 75' lang='grc' dir='ltr'><em>θεόπτου</em></span> <span class='ocrx_word' id='word_1_72' title='bbox 883 754 1078 804; x_wconf 74' lang='grc' dir='ltr'><em>Μωσέως</em></span> <span class='ocrx_word' id='word_1_73' title='bbox 1111 754 1181 796; x_wconf 85' lang='grc' dir='ltr'><em>καὶ</em></span> <span class='ocrx_word' id='word_1_74' title='bbox 1213 753 1415 805; x_wconf 62' lang='grc' dir='ltr'><em>δέξασθαι</em></span> <span class='ocrx_word' id='word_1_75' title='bbox 1445 751 1521 807; x_wconf 80' lang='grc' dir='ltr'><em>τὴν</em></span> <span class='ocrx_word' id='word_1_76' title='bbox 1547 750 1676 794; x_wconf 73' lang='grc' dir='ltr'><em>αὐτοῦ</em></span> 
     </span>
     <span class='ocr_line' id='line_1_10' title="bbox 135 820 1677 882; baseline -0.003 -14"><span class='ocrx_word' id='word_1_77' title='bbox 135 831 168 867; x_wconf 89' lang='lat' dir='ltr'>D</span> <span class='ocrx_word' id='word_1_78' title='bbox 194 824 440 882; x_wconf 75' lang='grc' dir='ltr'><em>θρησκείαν,</em></span> <span class='ocrx_word' id='word_1_79' title='bbox 476 824 544 866; x_wconf 75' lang='grc' dir='ltr'><em>καὶ</em></span> <span class='ocrx_word' id='word_1_80' title='bbox 559 823 639 867; x_wconf 75' lang='grc' dir='ltr'><strong>σὺν</strong></span> <span class='ocrx_word' id='word_1_81' title='bbox 661 823 773 882; x_wconf 76' lang='grc' dir='ltr'><em>αὐτῷ</em></span> <span class='ocrx_word' id='word_1_82' title='bbox 797 820 951 880; x_wconf 77' lang='grc' dir='ltr'><em>διάγειν</em></span> <span class='ocrx_word' id='word_1_83' title='bbox 969 823 1090 880; x_wconf 75' lang='grc' dir='ltr'><em>μέχρι</em></span> <span class='ocrx_word' id='word_1_84' title='bbox 1110 827 1185 879; x_wconf 81' lang='grc' dir='ltr'><em>τῆς</em></span> <span class='ocrx_word' id='word_1_85' title='bbox 1204 826 1368 881; x_wconf 80' lang='grc' dir='ltr'><em>σφαγῆς</em></span> <span class='ocrx_word' id='word_1_86' title='bbox 1389 820 1530 865; x_wconf 80' lang='grc' dir='ltr'><em>αὗτοῢ.</em></span> <span class='ocrx_word' id='word_1_87' title='bbox 1563 825 1677 863; x_wconf 67' lang='grc' dir='ltr'><em>θεω-</em></span> 
     </span>
     <span class='ocr_line' id='line_1_11' title="bbox 189 889 1735 952; baseline -0.003 -15"><span class='ocrx_word' id='word_1_88' title='bbox 189 892 388 952; x_wconf 77' lang='grc' dir='ltr'><em>ρήσαντες</em></span> <span class='ocrx_word' id='word_1_89' title='bbox 420 893 466 936; x_wconf 71' lang='grc' dir='ltr'><strong>δὲ</strong></span> <span class='ocrx_word' id='word_1_90' title='bbox 498 892 623 936; x_wconf 76' lang='grc' dir='ltr'><em>αὐτὸν</em></span> <span class='ocrx_word' id='word_1_91' title='bbox 651 894 845 936; x_wconf 70' lang='grc' dir='ltr'><em>ἐσθίοντα</em></span> <span class='ocrx_word' id='word_1_92' title='bbox 873 892 955 935; x_wconf 78' lang='grc' dir='ltr'><strong>ἀπὸ</strong></span> <span class='ocrx_word' id='word_1_93' title='bbox 979 890 1166 948; x_wconf 80' lang='grc' dir='ltr'><em>καμήλου</em></span> <span class='ocrx_word' id='word_1_94' title='bbox 1189 890 1368 948; x_wconf 75' lang='grc' dir='ltr'><em>ἔγνωσαν</em></span> <span class='ocrx_word' id='word_1_95' title='bbox 1391 890 1454 934; x_wconf 83' lang='grc' dir='ltr'><strong>ὅτι</strong></span> <span class='ocrx_word' id='word_1_96' title='bbox 1473 890 1547 933; x_wconf 79' lang='grc' dir='ltr'><em>οὐκ</em></span> <span class='ocrx_word' id='word_1_97' title='bbox 1568 889 1677 934; x_wconf 67' lang='grc' dir='ltr'><em>ἔστιν</em></span> <span class='ocrx_word' id='word_1_98' title='bbox 1689 901 1735 937; x_wconf 85' lang='lat'><strong>10</strong></span> 
     </span>
     <span class='ocr_line' id='line_1_12' title="bbox 189 959 1608 1020; baseline -0.001 -14"><span class='ocrx_word' id='word_1_99' title='bbox 189 962 314 1015; x_wconf 73' lang='grc' dir='ltr'><em>αὐτὸς</em></span> <span class='ocrx_word' id='word_1_100' title='bbox 334 961 380 1006; x_wconf 74' lang='grc' dir='ltr'><em>ὃν</em></span> <span class='ocrx_word' id='word_1_101' title='bbox 401 961 607 1018; x_wconf 76' lang='grc' dir='ltr'><em>ἐνόμισαν.</em></span> <span class='ocrx_word' id='word_1_102' title='bbox 642 962 862 1020; x_wconf 76' lang='grc' dir='ltr'><em>ἀναγκαῖον</em></span> <span class='ocrx_word' id='word_1_103' title='bbox 880 963 925 1005; x_wconf 74' lang='grc' dir='ltr'><strong>δὲ</strong></span> <span class='ocrx_word' id='word_1_104' title='bbox 943 963 1066 1006; x_wconf 71' lang='grc' dir='ltr'><em>εἰπεῖν</em></span> <span class='ocrx_word' id='word_1_105' title='bbox 1087 963 1179 1020; x_wconf 82' lang='grc' dir='ltr'><em>περὶ</em></span> <span class='ocrx_word' id='word_1_106' title='bbox 1199 966 1273 1018; x_wconf 83' lang='grc' dir='ltr'><em>τῆς</em></span> <span class='ocrx_word' id='word_1_107' title='bbox 1290 959 1438 1005; x_wconf 79' lang='grc' dir='ltr'><em>τούτου</em></span> <span class='ocrx_word' id='word_1_108' title='bbox 1457 963 1608 1017; x_wconf 81' lang='grc' dir='ltr'><em>γενεᾶς.</em></span> 
     </span>
     <span class='ocr_line' id='line_1_13' title="bbox 332 1025 1679 1088; baseline -0.002 -14"><span class='ocrx_word' id='word_1_109' title='bbox 332 1025 466 1083; x_wconf 71' lang='grc' dir='ltr'><em>Οὗτος</em></span> <span class='ocrx_word' id='word_1_110' title='bbox 493 1029 734 1088; x_wconf 76' lang='grc' dir='ltr'><em>ὅΜωάμεὸ</em></span> <span class='ocrx_word' id='word_1_111' title='bbox 760 1029 782 1075; x_wconf 84' lang='grc' dir='ltr'><strong>ὅ</strong></span> <span class='ocrx_word' id='word_1_112' title='bbox 813 1034 884 1075; x_wconf 88' lang='grc' dir='ltr'><em>καὶ</em></span> <span class='ocrx_word' id='word_1_113' title='bbox 900 1029 1161 1088; x_wconf 77' lang='grc' dir='ltr'><em>Μουχοῦμετ</em></span> <span class='ocrx_word' id='word_1_114' title='bbox 1193 1032 1237 1083; x_wconf 74' lang='grc' dir='ltr'><strong>ἓξ</strong></span> <span class='ocrx_word' id='word_1_115' title='bbox 1266 1030 1439 1087; x_wconf 84' lang='grc' dir='ltr'><em>Ἰσμαὴλ</em></span> <span class='ocrx_word' id='word_1_116' title='bbox 1461 1025 1512 1086; x_wconf 79' lang='grc' dir='ltr'><em>ἦν</em></span> <span class='ocrx_word' id='word_1_117' title='bbox 1531 1026 1679 1072; x_wconf 77' lang='grc' dir='ltr'><em>τούτου</em></span> 
     </span>
     <span class='ocr_line' id='line_1_14' title="bbox 189 1098 1680 1161; baseline -0.003 -15"><span class='ocrx_word' id='word_1_118' title='bbox 189 1102 263 1158; x_wconf 78' lang='grc' dir='ltr'><em>τὴν</em></span> <span class='ocrx_word' id='word_1_119' title='bbox 285 1102 423 1161; x_wconf 79' lang='grc' dir='ltr'><em>φυλὴν</em></span> <span class='ocrx_word' id='word_1_120' title='bbox 443 1100 646 1159; x_wconf 80' lang='grc' dir='ltr'><em>κατάγων,</em></span> <span class='ocrx_word' id='word_1_121' title='bbox 681 1101 773 1144; x_wconf 79' lang='grc' dir='ltr'><em>υἱοῦ</em></span> <span class='ocrx_word' id='word_1_122' title='bbox 786 1100 994 1159; x_wconf 79' lang='grc' dir='ltr'><em>Ἀβραάμ.</em></span> <span class='ocrx_word' id='word_1_123' title='bbox 1063 1103 1245 1160; x_wconf 79' lang='grc' dir='ltr'><em>Νίζαρος</em></span> <span class='ocrx_word' id='word_1_124' title='bbox 1271 1101 1351 1159; x_wconf 83' lang='grc' dir='ltr'><strong>γὰρ</strong></span> <span class='ocrx_word' id='word_1_125' title='bbox 1375 1098 1397 1143; x_wconf 84' lang='grc' dir='ltr'><strong>ὅ</strong></span> <span class='ocrx_word' id='word_1_126' title='bbox 1416 1103 1490 1143; x_wconf 79' lang='grc' dir='ltr'><em>τοῦ</em></span> <span class='ocrx_word' id='word_1_127' title='bbox 1508 1099 1680 1155; x_wconf 79' lang='grc' dir='ltr'><em>Ἰσμαὴλ</em></span> 
     </span>
     <span class='ocr_line' id='line_1_15' title="bbox 189 1163 1682 1229; baseline -0.002 -15"><span class='ocrx_word' id='word_1_128' title='bbox 189 1170 391 1228; x_wconf 81' lang='grc' dir='ltr'><em>ἀπόγονος</em></span> <span class='ocrx_word' id='word_1_129' title='bbox 419 1172 535 1229; x_wconf 78' lang='grc' dir='ltr'><em>παρὰ</em></span> <span class='ocrx_word' id='word_1_130' title='bbox 565 1169 728 1215; x_wconf 77' lang='grc' dir='ltr'><em>πάντων</em></span> <span class='ocrx_word' id='word_1_131' title='bbox 759 1171 896 1215; x_wconf 75' lang='grc' dir='ltr'><em>αὐτῶν</em></span> <span class='ocrx_word' id='word_1_132' title='bbox 925 1169 1230 1229; x_wconf 75' lang='grc' dir='ltr'><em>ἀναγορεύεται.</em></span> <span class='ocrx_word' id='word_1_133' title='bbox 1300 1164 1421 1222; x_wconf 73' lang='grc' dir='ltr'><em>οὗτος</em></span> <span class='ocrx_word' id='word_1_134' title='bbox 1457 1163 1529 1212; x_wconf 72' lang='grc' dir='ltr'><strong>οὖν</strong></span> <span class='ocrx_word' id='word_1_135' title='bbox 1561 1172 1682 1229; x_wconf 72' lang='grc' dir='ltr'><em>γεννᾷ</em></span> 
     </span>
     <span class='ocr_line' id='line_1_16' title="bbox 190 1236 1738 1300; baseline -0.002 -16"><span class='ocrx_word' id='word_1_136' title='bbox 190 1241 306 1293; x_wconf 73' lang='grc' dir='ltr'><em>υἱοὺς</em></span> <span class='ocrx_word' id='word_1_137' title='bbox 320 1240 401 1297; x_wconf 60' lang='grc' dir='ltr'><em>δυο</em></span> <span class='ocrx_word' id='word_1_138' title='bbox 413 1273 427 1294; x_wconf 89' lang='lat'><em>,</em></span> <span class='ocrx_word' id='word_1_139' title='bbox 462 1239 699 1300; x_wconf 69' lang='grc' dir='ltr'><em>ΖΠοόδαρον</em></span> <span class='ocrx_word' id='word_1_140' title='bbox 715 1243 784 1285; x_wconf 80' lang='grc' dir='ltr'><em>καὶ</em></span> <span class='ocrx_word' id='word_1_141' title='bbox 799 1240 980 1296; x_wconf 82' lang='grc' dir='ltr'><em>Ῥαβιάν.</em></span> <span class='ocrx_word' id='word_1_142' title='bbox 1050 1239 1072 1285; x_wconf 81' lang='grc' dir='ltr'><strong>ὅ</strong></span> <span class='ocrx_word' id='word_1_143' title='bbox 1097 1242 1142 1285; x_wconf 70' lang='grc' dir='ltr'><strong>δὲ</strong></span> <span class='ocrx_word' id='word_1_144' title='bbox 1164 1238 1399 1299; x_wconf 69' lang='grc' dir='ltr'><em>ΖΙἸοῦὁαρος</em></span> <span class='ocrx_word' id='word_1_145' title='bbox 1418 1240 1540 1283; x_wconf 74' lang='grc' dir='ltr'><em>τίκτει</em></span> <span class='ocrx_word' id='word_1_146' title='bbox 1563 1236 1680 1282; x_wconf 80' lang='grc' dir='ltr'><em>Κού-</em></span> <span class='ocrx_word' id='word_1_147' title='bbox 1693 1249 1738 1286; x_wconf 87' lang='lat'><strong>15</strong></span> 
     </span>
     <span class='ocr_line' id='line_1_17' title="bbox 190 1308 1683 1369; baseline -0.002 -15"><span class='ocrx_word' id='word_1_148' title='bbox 190 1326 321 1369; x_wconf 81' lang='grc' dir='ltr'><em>σαρον</em></span> <span class='ocrx_word' id='word_1_149' title='bbox 350 1313 418 1354; x_wconf 87' lang='grc' dir='ltr'><em>καὶ</em></span> <span class='ocrx_word' id='word_1_150' title='bbox 446 1313 606 1354; x_wconf 75' lang='grc' dir='ltr'><em>Καΐτον</em></span> <span class='ocrx_word' id='word_1_151' title='bbox 634 1312 703 1354; x_wconf 80' lang='grc' dir='ltr'><em>καὶ</em></span> <span class='ocrx_word' id='word_1_152' title='bbox 737 1311 916 1368; x_wconf 82' lang='grc' dir='ltr'><em>Θεμίνην</em></span> <span class='ocrx_word' id='word_1_153' title='bbox 953 1312 1021 1354; x_wconf 84' lang='grc' dir='ltr'><em>καὶ</em></span> <span class='ocrx_word' id='word_1_154' title='bbox 1051 1310 1256 1354; x_wconf 82' lang='grc' dir='ltr'><em>Ἀσσαόὂν</em></span> <span class='ocrx_word' id='word_1_155' title='bbox 1287 1312 1356 1354; x_wconf 85' lang='grc' dir='ltr'><em>καὶ</em></span> <span class='ocrx_word' id='word_1_156' title='bbox 1389 1308 1541 1360; x_wconf 76' lang='grc' dir='ltr'><em>ἄλλους</em></span> <span class='ocrx_word' id='word_1_157' title='bbox 1569 1308 1683 1359; x_wconf 83' lang='grc' dir='ltr'><em>τινὰς</em></span> 
     </span>
     <span class='ocr_line' id='line_1_18' title="bbox 48 1368 1685 1439; baseline -0.002 -16"><span class='ocrx_word' id='word_1_158' title='bbox 48 1387 79 1423; x_wconf 90' lang='lat' dir='ltr'>P</span> <span class='ocrx_word' id='word_1_159' title='bbox 102 1386 172 1424; x_wconf 73' lang='lat'><strong>422</strong></span> <span class='ocrx_word' id='word_1_160' title='bbox 192 1368 450 1436; x_wconf 66' lang='grc' dir='ltr'><em>ἆνωνύμους,</em></span> <span class='ocrx_word' id='word_1_161' title='bbox 481 1381 613 1437; x_wconf 71' lang='grc' dir='ltr'><em>οἳτὴν</em></span> <span class='ocrx_word' id='word_1_162' title='bbox 631 1381 819 1436; x_wconf 82' lang='grc' dir='ltr'><em>Μαδιὰμ</em></span> <span class='ocrx_word' id='word_1_163' title='bbox 835 1382 904 1424; x_wconf 83' lang='grc' dir='ltr'><em>καὶ</em></span> <span class='ocrx_word' id='word_1_164' title='bbox 924 1380 1000 1438; x_wconf 79' lang='grc' dir='ltr'><em>τὴν</em></span> <span class='ocrx_word' id='word_1_165' title='bbox 1019 1379 1171 1439; x_wconf 69' lang='grc' dir='ltr'><em>ἴρημον</em></span> <span class='ocrx_word' id='word_1_166' title='bbox 1191 1377 1499 1438; x_wconf 78' lang='grc' dir='ltr'><em>κληρωσάμενοι</em></span> <span class='ocrx_word' id='word_1_167' title='bbox 1518 1378 1685 1434; x_wconf 76' lang='grc' dir='ltr'><em>ἓκτηνο-</em></span> 
     </span>
     <span class='ocr_line' id='line_1_19' title="bbox 193 1447 1686 1510; baseline -0.002 -16"><span class='ocrx_word' id='word_1_168' title='bbox 193 1449 378 1510; x_wconf 83' lang='grc' dir='ltr'><em>τρόφουν</em></span> <span class='ocrx_word' id='word_1_169' title='bbox 402 1451 444 1494; x_wconf 73' lang='grc' dir='ltr'><em>ἐν</em></span> <span class='ocrx_word' id='word_1_170' title='bbox 467 1458 636 1507; x_wconf 83' lang='grc' dir='ltr'><em>σκηναῖς</em></span> <span class='ocrx_word' id='word_1_171' title='bbox 654 1455 963 1502; x_wconf 76' lang='grc' dir='ltr'><em>κατοικοῦντες·</em></span> <span class='ocrx_word' id='word_1_172' title='bbox 1000 1452 1075 1495; x_wconf 80' lang='grc' dir='ltr'><em>εἶσὶ</em></span> <span class='ocrx_word' id='word_1_173' title='bbox 1095 1451 1142 1494; x_wconf 79' lang='grc' dir='ltr'><strong>δὲ</strong></span> <span class='ocrx_word' id='word_1_174' title='bbox 1162 1452 1230 1494; x_wconf 83' lang='grc' dir='ltr'><em>καὶ</em></span> <span class='ocrx_word' id='word_1_175' title='bbox 1254 1451 1295 1493; x_wconf 78' lang='grc' dir='ltr'><em>οἳ</em></span> <span class='ocrx_word' id='word_1_176' title='bbox 1324 1447 1526 1506; x_wconf 75' lang='grc' dir='ltr'><em>ἐνδότεροι</em></span> <span class='ocrx_word' id='word_1_177' title='bbox 1549 1448 1686 1493; x_wconf 77' lang='grc' dir='ltr'><em>αὐτῶν</em></span> 
     </span>
     <span class='ocr_line' id='line_1_20' title="bbox 194 1516 1687 1580; baseline -0.002 -16"><span class='ocrx_word' id='word_1_178' title='bbox 194 1521 239 1564; x_wconf 72' lang='grc' dir='ltr'><strong>ἐκ</strong></span> <span class='ocrx_word' id='word_1_179' title='bbox 258 1524 332 1576; x_wconf 81' lang='grc' dir='ltr'><em>τῆς</em></span> <span class='ocrx_word' id='word_1_180' title='bbox 351 1524 486 1580; x_wconf 80' lang='grc' dir='ltr'><em>φυλῆς</em></span> <span class='ocrx_word' id='word_1_181' title='bbox 506 1525 581 1563; x_wconf 83' lang='grc' dir='ltr'><em>τοῦ</em></span> <span class='ocrx_word' id='word_1_182' title='bbox 596 1519 763 1574; x_wconf 65' lang='lat' dir='ltr'><strong>&#39;Iex-cdv,</strong></span> <span class='ocrx_word' id='word_1_183' title='bbox 793 1521 833 1563; x_wconf 79' lang='grc' dir='ltr'><em>οἱ</em></span> <span class='ocrx_word' id='word_1_184' title='bbox 852 1519 1060 1578; x_wconf 79' lang='grc' dir='ltr'><em>λεγόμενοι</em></span> <span class='ocrx_word' id='word_1_185' title='bbox 1075 1519 1288 1575; x_wconf 81' lang='grc' dir='ltr'><em>Ἀμανῖται</em></span> <span class='ocrx_word' id='word_1_186' title='bbox 1296 1552 1310 1572; x_wconf 86' lang='grc'>,</span> <span class='ocrx_word' id='word_1_187' title='bbox 1335 1518 1542 1563; x_wconf 76' lang='grc' dir='ltr'><em>τουτέστιν</em></span> <span class='ocrx_word' id='word_1_188' title='bbox 1553 1516 1687 1574; x_wconf 89' lang='grc' dir='ltr'><em>Ὁμη-</em></span> 
     </span>
     <span class='ocr_line' id='line_1_21' title="bbox 195 1587 1742 1649; baseline -0.003 -16"><span class='ocrx_word' id='word_1_189' title='bbox 195 1596 325 1647; x_wconf 83' lang='grc' dir='ltr'><em>ρῖται,</em></span> <span class='ocrx_word' id='word_1_190' title='bbox 363 1589 410 1633; x_wconf 72' lang='grc' dir='ltr'><em>οἳ</em></span> <span class='ocrx_word' id='word_1_191' title='bbox 428 1591 498 1634; x_wconf 79' lang='grc' dir='ltr'><em>καὶ</em></span> <span class='ocrx_word' id='word_1_192' title='bbox 523 1588 710 1649; x_wconf 68' lang='grc' dir='ltr'><em>ἔμποροι.</em></span> <span class='ocrx_word' id='word_1_193' title='bbox 780 1588 941 1649; x_wconf 83' lang='grc' dir='ltr'><em>ἀπόρου</em></span> <span class='ocrx_word' id='word_1_194' title='bbox 964 1591 1010 1635; x_wconf 79' lang='grc' dir='ltr'><strong>δὲ</strong></span> <span class='ocrx_word' id='word_1_195' title='bbox 1031 1589 1148 1642; x_wconf 72' lang='grc' dir='ltr'><em>ὄντος</em></span> <span class='ocrx_word' id='word_1_196' title='bbox 1168 1594 1242 1635; x_wconf 79' lang='grc' dir='ltr'><em>τοῦ</em></span> <span class='ocrx_word' id='word_1_197' title='bbox 1259 1587 1457 1645; x_wconf 80' lang='grc' dir='ltr'><em>Μωάμεὸ</em></span> <span class='ocrx_word' id='word_1_198' title='bbox 1466 1620 1480 1642; x_wconf 90' lang='grc'>,</span> <span class='ocrx_word' id='word_1_199' title='bbox 1495 1616 1501 1620; x_wconf 93' lang='grc'><strong>-</strong></span> <span class='ocrx_word' id='word_1_200' title='bbox 1518 1589 1684 1643; x_wconf 75' lang='grc' dir='ltr'><em>εἰσῆλθε</em></span> <span class='ocrx_word' id='word_1_201' title='bbox 1695 1598 1742 1635; x_wconf 75' lang='lat'><strong>20</strong></span> 
     </span>
     <span class='ocr_line' id='line_1_22' title="bbox 194 1657 1687 1720; baseline -0.001 -18"><span class='ocrx_word' id='word_1_202' title='bbox 194 1658 300 1718; x_wconf 86' lang='grc' dir='ltr'><em>πρός</em></span> <span class='ocrx_word' id='word_1_203' title='bbox 326 1676 418 1703; x_wconf 86' lang='grc' dir='ltr'><em>τινα</em></span> <span class='ocrx_word' id='word_1_204' title='bbox 447 1667 620 1717; x_wconf 76' lang='grc' dir='ltr'><em>γυναῖκα</em></span> <span class='ocrx_word' id='word_1_205' title='bbox 649 1661 850 1705; x_wconf 88' lang='grc' dir='ltr'><em>πλουσίαν</em></span> <span class='ocrx_word' id='word_1_206' title='bbox 879 1661 1099 1720; x_wconf 73' lang='grc' dir='ltr'><em>συγγενίόα</em></span> <span class='ocrx_word' id='word_1_207' title='bbox 1121 1659 1274 1715; x_wconf 80' lang='grc' dir='ltr'><em>αὐτοῦ,</em></span> <span class='ocrx_word' id='word_1_208' title='bbox 1309 1657 1483 1716; x_wconf 83' lang='grc' dir='ltr'><em>ὀνόματι</em></span> <span class='ocrx_word' id='word_1_209' title='bbox 1500 1659 1687 1714; x_wconf 74' lang='grc' dir='ltr'><em>Χαδιχᾶ,</em></span> 
     </span>
    </p>
   </div>
   <div class='ocr_carea' id='block_1_3' title="bbox 290 1777 498 1825">
    <p class='ocr_par' dir='ltr' id='par_1_3' title="bbox 290 1777 498 1825">
     <span class='ocr_line' id='line_1_23' title="bbox 290 1777 498 1825; baseline -0.019 -9"><span class='ocrx_word' id='word_1_210' title='bbox 290 1778 338 1816; x_wconf 81' lang='lat'><strong>14</strong></span> <span class='ocrx_word' id='word_1_211' title='bbox 359 1777 445 1825; x_wconf 80' lang='grc' dir='ltr'><em>περὶ</em></span> <span class='ocrx_word' id='word_1_212' title='bbox 467 1778 498 1812; x_wconf 88' lang='lat' dir='ltr'>P</span> 
     </span>
    </p>
   </div>
   <div class='ocr_carea' id='block_1_4' title="bbox 196 1881 1689 1976">
    <p class='ocr_par' dir='ltr' id='par_1_4' title="bbox 196 1881 1689 1976">
     <span class='ocr_line' id='line_1_24' title="bbox 196 1881 1689 1928; baseline 0.001 -11"><span class='ocrx_word' id='word_1_213' title='bbox 196 1883 353 1918; x_wconf 82' lang='lat' dir='ltr'><strong>locorum</strong></span> <span class='ocrx_word' id='word_1_214' title='bbox 376 1881 629 1917; x_wconf 84' lang='lat' dir='ltr'><strong>evastationes.</strong></span> <span class='ocrx_word' id='word_1_215' title='bbox 678 1893 825 1928; x_wconf 85' lang='lat' dir='ltr'><strong>quarum</strong></span> <span class='ocrx_word' id='word_1_216' title='bbox 846 1881 928 1918; x_wconf 85' lang='lat' dir='ltr'><strong>finis</strong></span> <span class='ocrx_word' id='word_1_217' title='bbox 949 1881 1063 1919; x_wconf 85' lang='lat' dir='ltr'><strong>nullus</strong></span> <span class='ocrx_word' id='word_1_218' title='bbox 1085 1881 1167 1927; x_wconf 81' lang='lat' dir='ltr'><strong>fuit,</strong></span> <span class='ocrx_word' id='word_1_219' title='bbox 1190 1881 1304 1918; x_wconf 84' lang='lat' dir='ltr'><strong>donec</strong></span> <span class='ocrx_word' id='word_1_220' title='bbox 1326 1881 1502 1918; x_wconf 79' lang='lat' dir='ltr'><strong>ecclesiae</strong></span> <span class='ocrx_word' id='word_1_221' title='bbox 1518 1892 1689 1928; x_wconf 80' lang='lat' dir='ltr'><strong>persecu-</strong></span> 
     </span>
     <span class='ocr_line' id='line_1_25' title="bbox 198 1928 1604 1976; baseline -0.001 -11"><span class='ocrx_word' id='word_1_222' title='bbox 198 1934 257 1965; x_wconf 88' lang='lat' dir='ltr'><strong>tor</strong></span> <span class='ocrx_word' id='word_1_223' title='bbox 279 1928 417 1964; x_wconf 82' lang='lat' dir='ltr'><strong>infelici</strong></span> <span class='ocrx_word' id='word_1_224' title='bbox 439 1932 552 1963; x_wconf 87' lang='lat' dir='ltr'><strong>morte</strong></span> <span class='ocrx_word' id='word_1_225' title='bbox 573 1928 725 1963; x_wconf 84' lang='lat' dir='ltr'><strong>affectus</strong></span> <span class='ocrx_word' id='word_1_226' title='bbox 749 1934 816 1975; x_wconf 79' lang='lat' dir='ltr'><strong>est,</strong></span> <span class='ocrx_word' id='word_1_227' title='bbox 843 1930 979 1965; x_wconf 84' lang='lat' dir='ltr'><strong>occisus</strong></span> <span class='ocrx_word' id='word_1_228' title='bbox 999 1929 1038 1965; x_wconf 88' lang='lat' dir='ltr'><strong>in</strong></span> <span class='ocrx_word' id='word_1_229' title='bbox 1061 1929 1186 1965; x_wconf 80' lang='lat' dir='ltr'><strong>Sicilia</strong></span> <span class='ocrx_word' id='word_1_230' title='bbox 1208 1929 1248 1964; x_wconf 93' lang='lat' dir='ltr'><strong>in</strong></span> <span class='ocrx_word' id='word_1_231' title='bbox 1269 1928 1397 1965; x_wconf 79' lang='lat' dir='ltr'><strong>balneo</strong></span> <span class='ocrx_word' id='word_1_232' title='bbox 1421 1929 1604 1976; x_wconf 82' lang='lat' dir='ltr'><strong>Daphnes.</strong></span> 
     </span>
    </p>
   </div>
   <div class='ocr_carea' id='block_1_5' title="bbox 196 1996 1695 2418">
    <p class='ocr_par' dir='ltr' id='par_1_5' title="bbox 196 1996 1695 2418">
     <span class='ocr_line' id='line_1_26' title="bbox 291 1996 1693 2045; baseline 0 -13"><span class='ocrx_word' id='word_1_233' title='bbox 291 1997 394 2032; x_wconf 86' lang='lat' dir='ltr'><strong>Anno</strong></span> <span class='ocrx_word' id='word_1_234' title='bbox 418 1998 462 2033; x_wconf 72' lang='lat'><strong>21</strong></span> <span class='ocrx_word' id='word_1_235' title='bbox 488 1996 684 2032; x_wconf 84' lang='lat' dir='ltr'><strong>exstinctus</strong></span> <span class='ocrx_word' id='word_1_236' title='bbox 708 2002 764 2033; x_wconf 82' lang='lat' dir='ltr'><strong>est</strong></span> <span class='ocrx_word' id='word_1_237' title='bbox 783 1998 990 2034; x_wconf 83' lang='lat' dir='ltr'><strong>Moamedus</strong></span> <span class='ocrx_word' id='word_1_238' title='bbox 1014 1998 1291 2034; x_wconf 81' lang='lat' dir='ltr'><strong>Sarracenorum</strong></span> <span class='ocrx_word' id='word_1_239' title='bbox 1318 1999 1403 2044; x_wconf 84' lang='lat' dir='ltr'><strong>dux,</strong></span> <span class='ocrx_word' id='word_1_240' title='bbox 1426 1997 1489 2045; x_wconf 88' lang='lat' dir='ltr'><strong>qui</strong></span> <span class='ocrx_word' id='word_1_241' title='bbox 1509 2010 1550 2034; x_wconf 82' lang='lat' dir='ltr'><strong>se</strong></span> <span class='ocrx_word' id='word_1_242' title='bbox 1572 2001 1693 2033; x_wconf 80' lang='lat' dir='ltr'><strong>vatem</strong></span> 
     </span>
     <span class='ocr_line' id='line_1_27' title="bbox 199 2043 1694 2090; baseline 0.001 -12"><span class='ocrx_word' id='word_1_243' title='bbox 199 2043 292 2078; x_wconf 74' lang='lat' dir='ltr'><strong>falso</strong></span> <span class='ocrx_word' id='word_1_244' title='bbox 315 2043 560 2089; x_wconf 82' lang='lat' dir='ltr'>perhibuerat,</span> <span class='ocrx_word' id='word_1_245' title='bbox 586 2045 748 2079; x_wconf 81' lang='lat' dir='ltr'><strong>mandata</strong></span> <span class='ocrx_word' id='word_1_246' title='bbox 769 2045 824 2080; x_wconf 87' lang='lat' dir='ltr'><strong>rei</strong></span> <span class='ocrx_word' id='word_1_247' title='bbox 847 2057 978 2081; x_wconf 83' lang='lat' dir='ltr'><strong>summa</strong></span> <span class='ocrx_word' id='word_1_248' title='bbox 1004 2051 1153 2090; x_wconf 86' lang='lat' dir='ltr'><strong>cognato</strong></span> <span class='ocrx_word' id='word_1_249' title='bbox 1176 2056 1240 2080; x_wconf 89' lang='lat' dir='ltr'><strong>suo</strong></span> <span class='ocrx_word' id='word_1_250' title='bbox 1259 2044 1501 2080; x_wconf 74' lang='lat' dir='ltr'><strong>Abubachari.</strong></span> <span class='ocrx_word' id='word_1_251' title='bbox 1537 2049 1694 2079; x_wconf 87' lang='lat' dir='ltr'><strong>ceterum</strong></span> 
     </span>
     <span class='ocr_line' id='line_1_28' title="bbox 197 2090 1695 2139; baseline 0.001 -15"><span class='ocrx_word' id='word_1_252' title='bbox 197 2090 357 2135; x_wconf 86' lang='lat' dir='ltr'><strong>Ebraei,</strong></span> <span class='ocrx_word' id='word_1_253' title='bbox 391 2090 429 2125; x_wconf 89' lang='lat' dir='ltr'><strong>in</strong></span> <span class='ocrx_word' id='word_1_254' title='bbox 463 2102 619 2125; x_wconf 87' lang='lat' dir='ltr'><strong>errorem</strong></span> <span class='ocrx_word' id='word_1_255' title='bbox 643 2091 787 2126; x_wconf 83' lang='lat' dir='ltr'><strong>abducti</strong></span> <span class='ocrx_word' id='word_1_256' title='bbox 810 2091 860 2137; x_wconf 87' lang='lat' dir='ltr'><strong>ii,</strong></span> <span class='ocrx_word' id='word_1_257' title='bbox 895 2103 972 2127; x_wconf 88' lang='lat' dir='ltr'><strong>cum</strong></span> <span class='ocrx_word' id='word_1_258' title='bbox 995 2093 1144 2139; x_wconf 84' lang='lat' dir='ltr'><strong>primum</strong></span> <span class='ocrx_word' id='word_1_259' title='bbox 1168 2091 1228 2126; x_wconf 89' lang='lat' dir='ltr'><strong>ille</strong></span> <span class='ocrx_word' id='word_1_260' title='bbox 1253 2092 1411 2138; x_wconf 83' lang='lat' dir='ltr'><strong>exstitit,</strong></span> <span class='ocrx_word' id='word_1_261' title='bbox 1447 2091 1695 2127; x_wconf 83' lang='lat' dir='ltr'><strong>existimarunt</strong></span> 
     </span>
     <span class='ocr_line' id='line_1_29' title="bbox 200 2135 1694 2185; baseline 0 -14"><span class='ocrx_word' id='word_1_262' title='bbox 200 2148 281 2172; x_wconf 90' lang='lat' dir='ltr'><strong>esse</strong></span> <span class='ocrx_word' id='word_1_263' title='bbox 305 2148 383 2171; x_wconf 90' lang='lat' dir='ltr'><strong>eum</strong></span> <span class='ocrx_word' id='word_1_264' title='bbox 406 2135 596 2181; x_wconf 69' lang='lat' dir='ltr'><strong>Messium,</strong></span> <span class='ocrx_word' id='word_1_265' title='bbox 623 2148 726 2183; x_wconf 88' lang='lat' dir='ltr'><strong>quem</strong></span> <span class='ocrx_word' id='word_1_266' title='bbox 748 2138 820 2184; x_wconf 89' lang='lat' dir='ltr'><strong>ipsi</strong></span> <span class='ocrx_word' id='word_1_267' title='bbox 844 2140 1111 2185; x_wconf 72' lang='lat' dir='ltr'><strong>exspectabant,</strong></span> <span class='ocrx_word' id='word_1_268' title='bbox 1137 2138 1227 2174; x_wconf 82' lang='lat' dir='ltr'><strong>adeo</strong></span> <span class='ocrx_word' id='word_1_269' title='bbox 1251 2139 1393 2184; x_wconf 89' lang='lat' dir='ltr'><strong>quidem</strong></span> <span class='ocrx_word' id='word_1_270' title='bbox 1417 2143 1457 2174; x_wconf 85' lang='lat' dir='ltr'><strong>ut</strong></span> <span class='ocrx_word' id='word_1_271' title='bbox 1480 2139 1602 2174; x_wconf 90' lang='lat' dir='ltr'><strong>decem</strong></span> <span class='ocrx_word' id='word_1_272' title='bbox 1626 2149 1694 2172; x_wconf 90' lang='lat' dir='ltr'><strong>nu-</strong></span> 
     </span>
     <span class='ocr_line' id='line_1_30' title="bbox 198 2183 1694 2231; baseline 0 -13"><span class='ocrx_word' id='word_1_273' title='bbox 198 2194 297 2218; x_wconf 89' lang='lat' dir='ltr'><strong>mero</strong></span> <span class='ocrx_word' id='word_1_274' title='bbox 330 2183 403 2218; x_wconf 79' lang='lat' dir='ltr'><strong>viri</strong></span> <span class='ocrx_word' id='word_1_275' title='bbox 433 2183 528 2217; x_wconf 76' lang='lat' dir='ltr'><strong>inter</strong></span> <span class='ocrx_word' id='word_1_276' title='bbox 563 2194 625 2218; x_wconf 92' lang='lat' dir='ltr'><strong>eos</strong></span> <span class='ocrx_word' id='word_1_277' title='bbox 648 2184 807 2230; x_wconf 82' lang='lat' dir='ltr'><strong>primarii</strong></span> <span class='ocrx_word' id='word_1_278' title='bbox 837 2186 882 2220; x_wconf 82' lang='lat' dir='ltr'><strong>ad</strong></span> <span class='ocrx_word' id='word_1_279' title='bbox 904 2186 1126 2221; x_wconf 85' lang='lat' dir='ltr'><strong>Moamedum</strong></span> <span class='ocrx_word' id='word_1_280' title='bbox 1148 2197 1188 2220; x_wconf 91' lang='lat' dir='ltr'><strong>se</strong></span> <span class='ocrx_word' id='word_1_281' title='bbox 1211 2185 1446 2231; x_wconf 74' lang='lat' dir='ltr'>contulerint,</span> <span class='ocrx_word' id='word_1_282' title='bbox 1481 2185 1694 2230; x_wconf 77' lang='lat' dir='ltr'><strong>desertaque</strong></span> 
     </span>
     <span class='ocr_line' id='line_1_31' title="bbox 198 2229 1692 2279; baseline 0 -15"><span class='ocrx_word' id='word_1_283' title='bbox 198 2229 326 2275; x_wconf 76' lang='lat' dir='ltr'><strong>Musis,</strong></span> <span class='ocrx_word' id='word_1_284' title='bbox 351 2229 409 2265; x_wconf 82' lang='lat' dir='ltr'><strong>cui</strong></span> <span class='ocrx_word' id='word_1_285' title='bbox 432 2241 472 2264; x_wconf 84' lang='lat' dir='ltr'><strong>se</strong></span> <span class='ocrx_word' id='word_1_286' title='bbox 494 2229 684 2265; x_wconf 80' lang='lat' dir='ltr'><strong>videndum</strong></span> <span class='ocrx_word' id='word_1_287' title='bbox 708 2231 795 2266; x_wconf 87' lang='lat' dir='ltr'><strong>deus</strong></span> <span class='ocrx_word' id='word_1_288' title='bbox 819 2233 1044 2278; x_wconf 75' lang='lat' dir='ltr'><strong>praebuerat,</strong></span> <span class='ocrx_word' id='word_1_289' title='bbox 1068 2232 1242 2278; x_wconf 78' lang='lat' dir='ltr'><strong>religione</strong></span> <span class='ocrx_word' id='word_1_290' title='bbox 1260 2231 1372 2278; x_wconf 88' lang='lat' dir='ltr'><strong>ipsius</strong></span> <span class='ocrx_word' id='word_1_291' title='bbox 1395 2231 1548 2279; x_wconf 81' lang='lat' dir='ltr'><strong>amplexi</strong></span> <span class='ocrx_word' id='word_1_292' title='bbox 1565 2242 1692 2276; x_wconf 82' lang='lat' dir='ltr'><strong>super-</strong></span> 
     </span>
     <span class='ocr_line' id='line_1_32' title="bbox 199 2275 1693 2325; baseline 0 -15"><span class='ocrx_word' id='word_1_293' title='bbox 199 2275 376 2312; x_wconf 83' lang='lat' dir='ltr'><strong>stitiosam</strong></span> <span class='ocrx_word' id='word_1_294' title='bbox 397 2275 628 2323; x_wconf 78' lang='lat' dir='ltr'><strong>impietatem,</strong></span> <span class='ocrx_word' id='word_1_295' title='bbox 652 2289 764 2323; x_wconf 88' lang='lat' dir='ltr'><strong>usque</strong></span> <span class='ocrx_word' id='word_1_296' title='bbox 787 2279 831 2314; x_wconf 84' lang='lat' dir='ltr'><strong>ad</strong></span> <span class='ocrx_word' id='word_1_297' title='bbox 855 2279 998 2314; x_wconf 81' lang='lat' dir='ltr'><strong>caedem</strong></span> <span class='ocrx_word' id='word_1_298' title='bbox 1023 2278 1099 2314; x_wconf 86' lang='lat' dir='ltr'><strong>eius</strong></span> <span class='ocrx_word' id='word_1_299' title='bbox 1123 2278 1195 2325; x_wconf 83' lang='lat' dir='ltr'><strong>ipsi</strong></span> <span class='ocrx_word' id='word_1_300' title='bbox 1219 2278 1460 2314; x_wconf 76' lang='lat' dir='ltr'><strong>adhaeserint.</strong></span> <span class='ocrx_word' id='word_1_301' title='bbox 1508 2288 1630 2313; x_wconf 86' lang='lat' dir='ltr'><strong>verum</strong></span> <span class='ocrx_word' id='word_1_302' title='bbox 1656 2277 1693 2311; x_wconf 93' lang='lat' dir='ltr'><strong>hi</strong></span> 
     </span>
     <span class='ocr_line' id='line_1_33' title="bbox 198 2323 1693 2371; baseline 0.002 -14"><span class='ocrx_word' id='word_1_303' title='bbox 198 2323 364 2358; x_wconf 79' lang='lat' dir='ltr'><strong>videntes</strong></span> <span class='ocrx_word' id='word_1_304' title='bbox 387 2334 466 2358; x_wconf 87' lang='lat' dir='ltr'><strong>eum</strong></span> <span class='ocrx_word' id='word_1_305' title='bbox 490 2334 597 2358; x_wconf 85' lang='lat' dir='ltr'><strong>carne</strong></span> <span class='ocrx_word' id='word_1_306' title='bbox 620 2324 743 2359; x_wconf 84' lang='lat' dir='ltr'><strong>cameli</strong></span> <span class='ocrx_word' id='word_1_307' title='bbox 765 2324 886 2370; x_wconf 85' lang='lat' dir='ltr'><strong>vesci,</strong></span> <span class='ocrx_word' id='word_1_308' title='bbox 920 2330 1108 2360; x_wconf 90' lang='lat' dir='ltr'><strong>senserunt</strong></span> <span class='ocrx_word' id='word_1_309' title='bbox 1139 2337 1210 2360; x_wconf 89' lang='lat' dir='ltr'><strong>non</strong></span> <span class='ocrx_word' id='word_1_310' title='bbox 1243 2337 1321 2360; x_wconf 86' lang='lat' dir='ltr'><strong>esse</strong></span> <span class='ocrx_word' id='word_1_311' title='bbox 1351 2325 1390 2360; x_wconf 90' lang='lat' dir='ltr'><strong>id</strong></span> <span class='ocrx_word' id='word_1_312' title='bbox 1424 2325 1521 2371; x_wconf 83' lang='lat' dir='ltr'><strong>quod</strong></span> <span class='ocrx_word' id='word_1_313' title='bbox 1554 2323 1693 2371; x_wconf 83' lang='lat' dir='ltr'><strong>opinati</strong></span> 
     </span>
     <span class='ocr_line' id='line_1_34' title="bbox 196 2368 1482 2418; baseline 0.004 -15"><span class='ocrx_word' id='word_1_314' title='bbox 196 2368 355 2405; x_wconf 82' lang='lat' dir='ltr'><strong>fuerant.</strong></span> <span class='ocrx_word' id='word_1_315' title='bbox 402 2381 460 2404; x_wconf 87' lang='lat' dir='ltr'><strong>res</strong></span> <span class='ocrx_word' id='word_1_316' title='bbox 484 2369 565 2416; x_wconf 82' lang='lat' dir='ltr'><strong>ipsa</strong></span> <span class='ocrx_word' id='word_1_317' title='bbox 587 2371 770 2418; x_wconf 83' lang='lat' dir='ltr'><strong>postulare</strong></span> <span class='ocrx_word' id='word_1_318' title='bbox 792 2372 936 2408; x_wconf 85' lang='lat' dir='ltr'><strong>videtur</strong></span> <span class='ocrx_word' id='word_1_319' title='bbox 959 2376 998 2407; x_wconf 89' lang='lat' dir='ltr'><strong>ut</strong></span> <span class='ocrx_word' id='word_1_320' title='bbox 1021 2373 1066 2408; x_wconf 89' lang='lat' dir='ltr'><strong>de</strong></span> <span class='ocrx_word' id='word_1_321' title='bbox 1091 2371 1230 2418; x_wconf 81' lang='lat' dir='ltr'><strong>origine</strong></span> <span class='ocrx_word' id='word_1_322' title='bbox 1253 2372 1329 2407; x_wconf 82' lang='lat' dir='ltr'><strong>eius</strong></span> <span class='ocrx_word' id='word_1_323' title='bbox 1353 2371 1482 2408; x_wconf 78' lang='lat' dir='ltr'><strong>dicam.</strong></span> 
     </span>
    </p>
   </div>
   <div class='ocr_carea' id='block_1_6' title="bbox 200 2437 1696 2911">
    <p class='ocr_par' dir='ltr' id='par_1_6' title="bbox 200 2437 1696 2911">
     <span class='ocr_line' id='line_1_35' title="bbox 290 2437 1694 2488; baseline 0.001 -15"><span class='ocrx_word' id='word_1_324' title='bbox 290 2437 519 2485; x_wconf 79' lang='lat' dir='ltr'><strong>Moamedus,</strong></span> <span class='ocrx_word' id='word_1_325' title='bbox 552 2441 616 2485; x_wconf 90' lang='lat' dir='ltr'><strong>qui</strong></span> <span class='ocrx_word' id='word_1_326' title='bbox 638 2445 676 2476; x_wconf 88' lang='lat' dir='ltr'><strong>et</strong></span> <span class='ocrx_word' id='word_1_327' title='bbox 694 2441 912 2476; x_wconf 87' lang='lat' dir='ltr'><strong>Muchmueti</strong></span> <span class='ocrx_word' id='word_1_328' title='bbox 928 2453 1055 2477; x_wconf 89' lang='lat' dir='ltr'><strong>nomen</strong></span> <span class='ocrx_word' id='word_1_329' title='bbox 1076 2441 1192 2488; x_wconf 84' lang='lat' dir='ltr'><strong>gerit,</strong></span> <span class='ocrx_word' id='word_1_330' title='bbox 1224 2453 1358 2487; x_wconf 85' lang='lat' dir='ltr'><strong>genere</strong></span> <span class='ocrx_word' id='word_1_331' title='bbox 1381 2453 1424 2477; x_wconf 75' lang='lat' dir='ltr'><strong>no</strong></span> <span class='ocrx_word' id='word_1_332' title='bbox 1442 2441 1538 2477; x_wconf 88' lang='lat' dir='ltr'><strong>tribu</strong></span> <span class='ocrx_word' id='word_1_333' title='bbox 1558 2440 1694 2476; x_wconf 79' lang='lat' dir='ltr'><strong>Ismae-</strong></span> 
     </span>
     <span class='ocr_line' id='line_1_36' title="bbox 200 2483 1695 2534; baseline 0.002 -15"><span class='ocrx_word' id='word_1_334' title='bbox 200 2483 265 2520; x_wconf 82' lang='lat' dir='ltr'><strong>lita</strong></span> <span class='ocrx_word' id='word_1_335' title='bbox 286 2485 367 2530; x_wconf 82' lang='lat' dir='ltr'><strong>fuit,</strong></span> <span class='ocrx_word' id='word_1_336' title='bbox 392 2486 437 2521; x_wconf 84' lang='lat' dir='ltr'><strong>ad</strong></span> <span class='ocrx_word' id='word_1_337' title='bbox 455 2486 641 2522; x_wconf 79' lang='lat' dir='ltr'><strong>Ismaelum</strong></span> <span class='ocrx_word' id='word_1_338' title='bbox 656 2487 848 2523; x_wconf 82' lang='lat' dir='ltr'><strong>Abrahami</strong></span> <span class='ocrx_word' id='word_1_339' title='bbox 871 2488 979 2523; x_wconf 86' lang='lat' dir='ltr'><strong>filium</strong></span> <span class='ocrx_word' id='word_1_340' title='bbox 1003 2500 1116 2534; x_wconf 84' lang='lat' dir='ltr'><strong>genus</strong></span> <span class='ocrx_word' id='word_1_341' title='bbox 1136 2489 1310 2524; x_wconf 81' lang='lat' dir='ltr'><strong>referens.</strong></span> <span class='ocrx_word' id='word_1_342' title='bbox 1358 2499 1436 2523; x_wconf 84' lang='lat' dir='ltr'><strong>nam</strong></span> <span class='ocrx_word' id='word_1_343' title='bbox 1462 2489 1508 2524; x_wconf 84' lang='lat' dir='ltr'><strong>ab</strong></span> <span class='ocrx_word' id='word_1_344' title='bbox 1534 2487 1695 2523; x_wconf 88' lang='lat' dir='ltr'><strong>omnibus</strong></span> 
     </span>
     <span class='ocr_line' id='line_1_37' title="bbox 200 2531 1694 2591; baseline 0.001 -25"><span class='ocrx_word' id='word_1_345' title='bbox 200 2531 271 2566; x_wconf 85' lang='lat' dir='ltr'><strong>illis</strong></span> <span class='ocrx_word' id='word_1_346' title='bbox 309 2532 475 2579; x_wconf 88' lang='lat' dir='ltr'><strong>princeps</strong></span> <span class='ocrx_word' id='word_1_347' title='bbox 510 2539 650 2569; x_wconf 83' lang='lat' dir='ltr'><strong>creatus</strong></span> <span class='ocrx_word' id='word_1_348' title='bbox 684 2534 754 2570; x_wconf 86' lang='lat' dir='ltr'><strong>fuit</strong></span> <span class='ocrx_word' id='word_1_349' title='bbox 776 2534 944 2579; x_wconf 84' lang='lat' dir='ltr'><strong>Nizarus‚</strong></span> <span class='ocrx_word' id='word_1_350' title='bbox 982 2546 1072 2571; x_wconf 86' lang='lat' dir='ltr'><strong>unus</strong></span> <span class='ocrx_word' id='word_1_351' title='bbox 1096 2537 1142 2571; x_wconf 89' lang='lat' dir='ltr'><strong>de</strong></span> <span class='ocrx_word' id='word_1_352' title='bbox 1167 2535 1310 2571; x_wconf 80' lang='lat' dir='ltr'><strong>Ismaeli</strong></span> <span class='ocrx_word' id='word_1_353' title='bbox 1332 2534 1501 2591; x_wconf 77' lang='lat' dir='ltr'><strong>posteris.</strong></span> <span class='ocrx_word' id='word_1_354' title='bbox 1549 2535 1581 2569; x_wconf 88' lang='lat' dir='ltr'><strong>is</strong></span> <span class='ocrx_word' id='word_1_355' title='bbox 1604 2535 1694 2569; x_wconf 86' lang='lat' dir='ltr'><strong>duos</strong></span> 
     </span>
     <span class='ocr_line' id='line_1_38' title="bbox 201 2579 1694 2627; baseline 0.003 -16"><span class='ocrx_word' id='word_1_356' title='bbox 201 2579 407 2622; x_wconf 80' lang='lat' dir='ltr'><strong>procreavit</strong></span> <span class='ocrx_word' id='word_1_357' title='bbox 440 2579 534 2614; x_wconf 83' lang='lat' dir='ltr'><strong>filios</strong></span> <span class='ocrx_word' id='word_1_358' title='bbox 565 2580 751 2616; x_wconf 84' lang='lat' dir='ltr'><strong>Mudarum</strong></span> <span class='ocrx_word' id='word_1_359' title='bbox 784 2586 822 2616; x_wconf 88' lang='lat' dir='ltr'><strong>et</strong></span> <span class='ocrx_word' id='word_1_360' title='bbox 852 2582 1017 2620; x_wconf 83' lang='lat' dir='ltr'><strong>Rabiam.</strong></span> <span class='ocrx_word' id='word_1_361' title='bbox 1074 2582 1224 2618; x_wconf 78' lang='lat' dir='ltr'><strong>Mudaro</strong></span> <span class='ocrx_word' id='word_1_362' title='bbox 1260 2582 1374 2627; x_wconf 81' lang='lat' dir='ltr'><strong>geniti</strong></span> <span class='ocrx_word' id='word_1_363' title='bbox 1420 2586 1503 2617; x_wconf 84' lang='lat' dir='ltr'><strong>sunt</strong></span> <span class='ocrx_word' id='word_1_364' title='bbox 1535 2581 1694 2616; x_wconf 80' lang='lat' dir='ltr'><strong>Cusarus</strong></span> 
     </span>
     <span class='ocr_line' id='line_1_39' title="bbox 201 2623 1696 2675; baseline 0.003 -17"><span class='ocrx_word' id='word_1_365' title='bbox 201 2623 327 2659; x_wconf 65' lang='lat' dir='ltr'><strong>Caicus</strong></span> <span class='ocrx_word' id='word_1_366' title='bbox 361 2625 555 2661; x_wconf 82' lang='lat' dir='ltr'><strong>Themines</strong></span> <span class='ocrx_word' id='word_1_367' title='bbox 586 2627 786 2663; x_wconf 81' lang='lat' dir='ltr'><strong>Asiadonus</strong></span> <span class='ocrx_word' id='word_1_368' title='bbox 818 2627 949 2674; x_wconf 84' lang='lat' dir='ltr'><strong>aliique</strong></span> <span class='ocrx_word' id='word_1_369' title='bbox 983 2629 1113 2675; x_wconf 85' lang='lat' dir='ltr'><strong>aliqui,</strong></span> <span class='ocrx_word' id='word_1_370' title='bbox 1153 2640 1300 2675; x_wconf 85' lang='lat' dir='ltr'><strong>quorum</strong></span> <span class='ocrx_word' id='word_1_371' title='bbox 1343 2628 1484 2663; x_wconf 79' lang='lat' dir='ltr'><strong>nomina</strong></span> <span class='ocrx_word' id='word_1_372' title='bbox 1517 2640 1589 2663; x_wconf 93' lang='lat' dir='ltr'><strong>non</strong></span> <span class='ocrx_word' id='word_1_373' title='bbox 1630 2639 1696 2662; x_wconf 86' lang='lat' dir='ltr'><strong>ex-</strong></span> 
     </span>
     <span class='ocr_line' id='line_1_40' title="bbox 204 2672 1694 2721; baseline 0.003 -18"><span class='ocrx_word' id='word_1_374' title='bbox 204 2674 314 2708; x_wconf 80' lang='lat' dir='ltr'><strong>stant.</strong></span> <span class='ocrx_word' id='word_1_375' title='bbox 360 2672 407 2706; x_wconf 88' lang='lat' dir='ltr'><strong>iis</strong></span> <span class='ocrx_word' id='word_1_376' title='bbox 431 2684 508 2707; x_wconf 87' lang='lat' dir='ltr'><strong>cum</strong></span> <span class='ocrx_word' id='word_1_377' title='bbox 531 2678 628 2708; x_wconf 81' lang='lat' dir='ltr'><strong>sorte</strong></span> <span class='ocrx_word' id='word_1_378' title='bbox 653 2675 844 2720; x_wconf 83' lang='lat' dir='ltr'><strong>obtigisset</strong></span> <span class='ocrx_word' id='word_1_379' title='bbox 867 2675 1106 2711; x_wconf 81' lang='lat' dir='ltr'><strong>Madianicum</strong></span> <span class='ocrx_word' id='word_1_380' title='bbox 1125 2677 1236 2711; x_wconf 88' lang='lat' dir='ltr'><strong>solum</strong></span> <span class='ocrx_word' id='word_1_381' title='bbox 1261 2682 1299 2711; x_wconf 86' lang='lat' dir='ltr'><strong>et</strong></span> <span class='ocrx_word' id='word_1_382' title='bbox 1318 2675 1485 2721; x_wconf 77' lang='lat' dir='ltr'><strong>solitudo,</strong></span> <span class='ocrx_word' id='word_1_383' title='bbox 1509 2674 1546 2709; x_wconf 91' lang='lat' dir='ltr'><strong>in</strong></span> <span class='ocrx_word' id='word_1_384' title='bbox 1570 2674 1694 2709; x_wconf 79' lang='lat' dir='ltr'><strong>tuber-</strong></span> 
     </span>
     <span class='ocr_line' id='line_1_41' title="bbox 202 2716 1694 2771; baseline 0.005 -22"><span class='ocrx_word' id='word_1_385' title='bbox 202 2716 337 2771; x_wconf 71' lang='lat' dir='ltr'><strong>naculis</strong></span> <span class='ocrx_word' id='word_1_386' title='bbox 360 2718 470 2754; x_wconf 73' lang='lat' dir='ltr'><strong>vitam</strong></span> <span class='ocrx_word' id='word_1_387' title='bbox 492 2719 686 2755; x_wconf 79' lang='lat' dir='ltr'><strong>tolerantes</strong></span> <span class='ocrx_word' id='word_1_388' title='bbox 712 2721 901 2767; x_wconf 79' lang='lat' dir='ltr'><strong>pecuariae</strong></span> <span class='ocrx_word' id='word_1_389' title='bbox 924 2723 977 2757; x_wconf 87' lang='lat' dir='ltr'><strong>rei</strong></span> <span class='ocrx_word' id='word_1_390' title='bbox 999 2723 1222 2758; x_wconf 84' lang='lat' dir='ltr'><strong>studuerunt.</strong></span> <span class='ocrx_word' id='word_1_391' title='bbox 1271 2722 1460 2757; x_wconf 84' lang='lat' dir='ltr'><strong>interiores</strong></span> <span class='ocrx_word' id='word_1_392' title='bbox 1488 2720 1534 2756; x_wconf 88' lang='lat' dir='ltr'><strong>iis</strong></span> <span class='ocrx_word' id='word_1_393' title='bbox 1565 2733 1610 2756; x_wconf 84' lang='lat' dir='ltr'><strong>ex</strong></span> <span class='ocrx_word' id='word_1_394' title='bbox 1632 2721 1694 2756; x_wconf 92' lang='lat' dir='ltr'><strong>Ie-</strong></span> 
     </span>
     <span class='ocr_line' id='line_1_42' title="bbox 203 2764 1694 2815; baseline 0.005 -21"><span class='ocrx_word' id='word_1_395' title='bbox 203 2766 301 2795; x_wconf 82' lang='lat' dir='ltr'><strong>ctam</strong></span> <span class='ocrx_word' id='word_1_396' title='bbox 324 2764 419 2800; x_wconf 89' lang='lat' dir='ltr'><strong>tribu</strong></span> <span class='ocrx_word' id='word_1_397' title='bbox 442 2771 545 2811; x_wconf 87' lang='lat' dir='ltr'><strong>sunt,</strong></span> <span class='ocrx_word' id='word_1_398' title='bbox 581 2767 642 2813; x_wconf 88' lang='lat' dir='ltr'><strong>qui</strong></span> <span class='ocrx_word' id='word_1_399' title='bbox 666 2768 852 2804; x_wconf 82' lang='lat' dir='ltr'><strong>Amanitae</strong></span> <span class='ocrx_word' id='word_1_400' title='bbox 875 2769 1120 2815; x_wconf 78' lang='lat' dir='ltr'><strong>appellantur,</strong></span> <span class='ocrx_word' id='word_1_401' title='bbox 1156 2769 1250 2815; x_wconf 90' lang='lat' dir='ltr'><strong>quod</strong></span> <span class='ocrx_word' id='word_1_402' title='bbox 1276 2768 1372 2804; x_wconf 79' lang='lat' dir='ltr'><strong>valet</strong></span> <span class='ocrx_word' id='word_1_403' title='bbox 1392 2767 1621 2811; x_wconf 80' lang='lat' dir='ltr'><strong>Homeritas,</strong></span> <span class='ocrx_word' id='word_1_404' title='bbox 1657 2773 1694 2803; x_wconf 85' lang='lat' dir='ltr'><strong>et</strong></span> 
     </span>
     <span class='ocr_line' id='line_1_43' title="bbox 203 2809 1692 2863; baseline 0.004 -22"><span class='ocrx_word' id='word_1_405' title='bbox 203 2809 458 2863; x_wconf 64' lang='lat' dir='ltr'><strong>negotiatores.</strong></span> <span class='ocrx_word' id='word_1_406' title='bbox 483 2812 690 2849; x_wconf 87' lang='lat' dir='ltr'><strong>Moamedus</strong></span> <span class='ocrx_word' id='word_1_407' title='bbox 713 2822 828 2851; x_wconf 83' lang='lat' dir='ltr'><strong>autem</strong></span> <span class='ocrx_word' id='word_1_408' title='bbox 853 2827 928 2850; x_wconf 81' lang='lat' dir='ltr'><strong>cum</strong></span> <span class='ocrx_word' id='word_1_409' title='bbox 953 2822 1048 2851; x_wconf 84' lang='lat' dir='ltr'><strong>esset</strong></span> <span class='ocrx_word' id='word_1_410' title='bbox 1070 2828 1217 2863; x_wconf 74' lang='lat' dir='ltr'><strong>pauper,</strong></span> <span class='ocrx_word' id='word_1_411' title='bbox 1242 2816 1406 2851; x_wconf 88' lang='lat' dir='ltr'><strong>mercede</strong></span> <span class='ocrx_word' id='word_1_412' title='bbox 1429 2827 1572 2863; x_wconf 80' lang='lat' dir='ltr'><strong>operam</strong></span> <span class='ocrx_word' id='word_1_413' title='bbox 1595 2826 1692 2849; x_wconf 83' lang='lat' dir='ltr'><strong>suam</strong></span> 
     </span>
     <span class='ocr_line' id='line_1_44' title="bbox 202 2853 1693 2911; baseline 0.003 -22"><span class='ocrx_word' id='word_1_414' title='bbox 202 2853 335 2892; x_wconf 77' lang='lat' dir='ltr'><strong>locavit</strong></span> <span class='ocrx_word' id='word_1_415' title='bbox 353 2856 490 2893; x_wconf 83' lang='lat' dir='ltr'><strong>cuidam</strong></span> <span class='ocrx_word' id='word_1_416' title='bbox 512 2870 597 2896; x_wconf 80' lang='lat' dir='ltr'><strong>suae</strong></span> <span class='ocrx_word' id='word_1_417' title='bbox 619 2861 746 2907; x_wconf 86' lang='lat' dir='ltr'><strong>gentili</strong></span> <span class='ocrx_word' id='word_1_418' title='bbox 768 2862 905 2899; x_wconf 79' lang='lat' dir='ltr'><strong>mulieri</strong></span> <span class='ocrx_word' id='word_1_419' title='bbox 927 2862 1109 2911; x_wconf 84' lang='lat' dir='ltr'><strong>locupleti,</strong></span> <span class='ocrx_word' id='word_1_420' title='bbox 1132 2863 1273 2900; x_wconf 88' lang='lat' dir='ltr'><strong>nomine</strong></span> <span class='ocrx_word' id='word_1_421' title='bbox 1292 2862 1453 2909; x_wconf 77' lang='lat' dir='ltr'><strong>Chaida,</strong></span> <span class='ocrx_word' id='word_1_422' title='bbox 1478 2866 1519 2899; x_wconf 80' lang='lat' dir='ltr'><strong>ut</strong></span> <span class='ocrx_word' id='word_1_423' title='bbox 1540 2860 1693 2898; x_wconf 83' lang='lat' dir='ltr'><strong>camelos</strong></span> 
     </span>
    </p>
   </div>
  </div>
 </body>
</html>
