1742 3184
181 168 280 216 572
655 173 894 219 GEORGII
928 172 1173 218 CEDRENI

179 286 395 345 γενεθλίων
413 284 614 345 ἐνστάσης
627 290 694 332 καὶ
715 293 790 332 τοῦ
809 288 1011 344 βασιλέως
1031 289 1188 334 εἴσοδον
1207 286 1463 347 ποιήσασθαι
1482 289 1654 347 μέλ-λον-

180 375 272 410 τος,
308 359 534 415 δημηγορεῖ
558 357 579 400 ὃ
610 359 737 414 μέγας
761 358 1007 417 Ἀμβρόσιος
1037 359 1152 417 ὀλίγα
1180 361 1256 416 μὲν
1283 363 1373 419 περὶ
1397 365 1470 416 τῆς
1496 359 1655 417 ἑορτῆς,

127 433 159 468 C
183 426 234 470 τὰ
251 428 374 470 πλείω
394 428 438 470 δὲ
457 432 529 470 τοῦ
547 428 749 482 βασιλέως
766 428 1079 484 καθαπτόμενος
1098 432 1311 487 σφοδρῶς,
1339 428 1508 488 φάσκων
1524 429 1656 480 οὕτως

181 494 238 546 ὥς
271 498 316 539 ἐκ
345 495 564 554 προσώπου
596 501 669 539 τοῦ
700 500 802 540 θεοῦ
830 496 935 541 “obn
958 497 1036 555 ἐγώ
1058 516 1103 543 σε
1123 500 1294 554 ποιμένα
1316 498 1414 543 ὄντα
1434 497 1654 557 προβάτων

180 564 397 617 ἐξόπισθεν
426 569 506 608 τῶν
537 566 811 621 λοχευομένων
840 566 1014 622 ἔλαβον,
1049 570 1116 610 καὶ
1146 573 1221 612 τοῦ
1252 573 1354 611 λαοῦ
1377 585 1459 624 μου
1481 568 1688 622 ποιμέναὸ

180 637 247 677 καὶ
268 635 442 689 βασιλέα
463 635 713 691 κατέστησας
749 636 823 678 οὐκ
846 636 924 692 ἐγώ
944 654 1019 681 σου
1044 638 1118 693 τὴν
1139 637 1319 696 κεφαλὴν
1341 638 1565 692 αὗχμῶσαν
1587 638 1656 679 καὶ

179 708 434 762 φθειριῶσαν
453 709 598 762 χρυσῷΙ
619 703 807 763 στεφάνῳ
826 705 1163 750 κατεκαλλώπισα
1183 709 1250 749 καὶ
1269 709 1403 768 ταινίᾳ
1419 723 1660 765 χρυσοπορ-

179 772 300 832 φύρῳ
332 771 565 828 ἐκόσμησα;
598 776 666 816 καὶ
693 777 763 816 ἵνα
791 776 834 817 τί
856 776 952 826 τοὺς
973 777 1156 834 σφαγέας
1174 781 1249 819 τοῦ
1271 777 1364 820 υἱοῦ
1382 794 1464 832 μου
1486 777 1658 834 προκρί-

179 860 275 892 τους
295 841 403 898 ὗίγεις
422 844 489 884 καὶ
507 842 582 886 τὸν
597 843 697 898 ἐμὸν
713 843 811 886 λαὸν
828 843 1114 903 κατατρύχεις,
1149 850 1401 901 ποινηλατῶν
1416 846 1491 900 τὴν
1508 850 1659 902 κληρο-

179 912 324 966 νομιάν
355 928 465 965 μου,·
508 914 576 954 καὶ
606 911 626 955 ὃ
657 911 850 967 βασιλεύς
878 912 952 957 “vl
979 921 1131 966 ποιεῖς,
1165 916 1378 969 ε’πίσκοπες
1413 914 1488 970 τὴν
1514 913 1657 969 ἑορτὴν
1670 920 1714 956 10

179 980 413 1024 καταλιπὼν
434 979 532 1036 ὅλην
552 981 620 1024 ἐπ’
644 983 714 1037 ἐμὲ
734 983 809 1038 τὴν
832 985 1085 1040 δημηγορίαν
1101 982 1383 1041 ἕξήρτησας;”
1420 985 1489 1025 καὶ
1520 983 1540 1023 ὃ
1557 984 1662 1035 Ἀμ-

180 1047 349 1107 βρόσιος
369 1048 449 1093 “οὖ
481 1049 587 1093 κατά
618 1069 716 1104 σου,
743 1056 938 1105 βασιλεῦ,
970 1054 1063 1095 ἀλλ’
1087 1051 1188 1110 ὑπέρ
1212 1070 1301 1096 σου.
1370 1051 1412 1093 τί
1437 1048 1517 1106 γὰρ
1547 1048 1663 1092 ἔσται

180 1121 448 1176 Χριστιανοῖς
468 1118 567 1162 ἄλλο
589 1119 810 1178 δεινότερον
818 1154 834 1172 ,
863 1123 934 1164 ἰ’να
951 1125 1018 1164 καὶ
1034 1122 1244 1165 Ἰουδαίων
1264 1119 1505 1174 συναγωγὰς
1524 1118 1661 1176 ἀπαρ-

130 1191 162 1227 D
186 1189 378 1243 τίζωσι,·”
417 1190 486 1230 καὶ
509 1187 529 1230 ὅ
552 1188 745 1243 βασιλεύς
764 1188 861 1228 ζ(καὶ
881 1183 1037 1229 δίκαιόν
1059 1187 1166 1229 ἐστιν
1183 1187 1253 1229 ’ἵνα
1278 1185 1301 1229 ὃ
1322 1188 1392 1229 ἐὰν
1416 1185 1514 1244 δόξῃ
1540 1186 1661 1246 δήμῳ

181 1256 344 1314 ἀτάκτῳ
385 1258 448 1296 ἐπὶ
489 1259 682 1312 βασιλικῇ
720 1253 834 1298 πόλει
863 1255 1217 1313 κατεργάζηται;”
1263 1258 1331 1298 καὶ
1365 1254 1385 1298 ὃ
1413 1255 1659 1314 Ἀμβρόσιος
1671 1262 1715 1299 15

177 1323 275 1368 “ικαὶ
296 1328 415 1367 τοῦτο
439 1323 595 1366 δίκαιόν
615 1325 721 1376 ἔστι,
755 1325 958 1378 βασιλέων
986 1326 1279 1379 θεοσεβέστατε
1290 1357 1304 1377 ,
1334 1326 1392 1367 ‘lv'
1418 1326 1481 1367 ἐπὶ
1506 1323 1661 1376 πόλεως

181 1392 480 1450 βασιλευούσης
493 1394 684 1436 Ἰουδαῖοι
702 1393 977 1452 βλασφήμους
997 1394 1107 1453 ᾠδὰς
1126 1394 1418 1449 ἀναπέμπωσις
1451 1394 1510 1449 μὴ
1529 1392 1660 1453 τούτῳ

182 1463 423 1519 στοιχήσῃς,
456 1463 659 1518 βασιλέων
687 1462 930 1521 πανάριστε·
970 1464 1013 1506 αἱ
1041 1463 1120 1520 γὰρ
1153 1464 1309 1508 ἐκείνων
1335 1463 1447 1518 εὐχαὶ
1465 1466 1661 1521 βλασφη-

181 1535 273 1588 μίαι
306 1534 372 1575 καὶ
403 1530 543 1588 ὕβρεις
569 1534 637 1574 καὶ
671 1532 958 1590 ἆρρητολογιάι
984 1531 1274 1589 τυγχάνουσι.”
1345 1534 1414 1575 καὶ
1438 1536 1567 1575 ταῦτα
1592 1534 1661 1575 λε’-

181 1619 324 1658 γοντος
348 1602 596 1657 Ἀμβροσίου
628 1602 784 1658 ἀφῆκεν
809 1600 830 1644 ὃ
853 1602 1045 1656 βασιλεὺς
1067 1602 1113 1644 τὸ
1138 1602 1334 1656 ἐπιτίμιον
1343 1634 1356 1653 ,
1390 1599 1516 1656 νόμον
1538 1602 1654 1644 ἒκθέ-
1670 1613 1717 1648 20

181 1688 304 1725 μενος
336 1671 394 1724 μὴ
429 1669 531 1724 ἔχειν
557 1671 782 1722 Ἰουδαίους
811 1673 852 1715 ἐν
882 1672 1094 1732 Βυζαντίῳ
1122 1670 1360 1728 συναγωγὴν
1380 1668 1483 1726 μήτε
1505 1674 1665 1727 τολμᾶν

183 1741 361 1802 δημοσία
382 1738 700 1798 προσεύχεσθαι.

181 1939 376 1976 natalitium
411 1939 548 1975 Christi
579 1940 708 1976 festum
740 1942 877 1987 tempus
910 1939 1135 1985 advenisset,
1168 1951 1255 1995 rege
1288 1940 1453 1995 templum
1486 1940 1661 1986 ingresso,

182 1999 296 2041 pauca
320 1988 489 2032 quaedam
512 1989 556 2022 de
584 1999 626 2022 ea
647 1987 868 2022 solemnitate
897 1987 1123 2022 concionatus
1146 1988 1312 2022 maiorem
1334 1987 1503 2022 orationis
1525 1992 1663 2033 partem

184 2033 317 2068 acriter
339 2034 555 2089 increpando
578 2034 824 2079 imperatorem
846 2033 1050 2088 insumpsit,
1074 2033 1126 2067 ita
1149 2033 1187 2067 in
1209 2033 1268 2067 dei
1291 2045 1442 2079 persona
1466 2045 1543 2068 eum
1567 2046 1662 2068 com-

182 2080 331 2125 pellans.
403 2092 518 2114 nonne
541 2086 579 2115 te
601 2092 668 2125 ego
692 2081 736 2115 de
759 2085 902 2126 pastore
933 2079 1070 2123 ovium,
1103 2079 1351 2115 insidiantibus
1381 2085 1560 2125 ereptum,
1596 2093 1663 2126 po-

183 2126 260 2171 puli
286 2124 354 2159 mei
377 2134 554 2171 pastorem
579 2139 621 2161 ac
642 2127 887 2173 imperatorem
911 2126 1106 2161 constitui?
1153 2138 1270 2160 nonne
1301 2131 1407 2180 caput
1437 2132 1534 2161 tuum
1557 2138 1665 2171 squa-

181 2172 258 2207 lore
283 2177 320 2206 et
342 2173 513 2227 pediculis
537 2174 694 2208 deforme
717 2185 825 2208 aurea
851 2184 981 2207 corona
1001 2172 1164 2207 redimivi
1187 2184 1228 2207 ac
1248 2173 1367 2207 taenia
1385 2184 1470 2207 auro
1490 2184 1666 2227 purpura-

183 2230 254 2264 que
287 2218 419 2263 insigni
455 2220 655 2254 exornavi?
704 2231 813 2265 quare
842 2219 950 2264 igitur
983 2219 1049 2252 filii
1082 2219 1150 2253 mei
1175 2219 1423 2254 interfectores
1446 2221 1578 2264 primas
1602 2226 1665 2254 tuo

181 2265 315 2299 iudicio
341 2270 461 2301 tenent
483 2267 630 2312 partes?
677 2277 786 2310 quare
810 2265 973 2323 populum
995 2276 1108 2319 meum
1133 2270 1170 2300 et
1190 2264 1421 2299 hereditatem
1443 2277 1553 2300 meam
1578 2266 1666 2300 mul-

184 2312 231 2346 tis
267 2309 454 2347 atteris2”
512 2313 556 2347 ad
581 2313 668 2347 haec
691 2313 904 2367 imperator
915 2308 1027 2357 “quid
1050 2309 1163 2356 agis,”
1195 2311 1323 2365 inquit,
1354 2308 1567 2369 “episcope,
1604 2313 1666 2357 qui

185 2358 408 2393 solennitatis
441 2359 568 2393 omissa
589 2359 736 2393 materia
761 2366 870 2394 totam
893 2358 930 2392 in
955 2371 1009 2392 me
1031 2358 1158 2402 dirigis
1179 2355 1430 2392 orationem‘3''
1501 2370 1570 2392 non
1601 2360 1664 2393 ad-

184 2416 326 2439 versum
358 2401 416 2439 te”
451 2405 568 2451 inquit
592 2405 815 2460 Ambrosius,
849 2401 935 2440 “sed
966 2416 1030 2451 pro
1054 2409 1091 2439 te
1114 2405 1182 2438 hoc
1204 2404 1264 2438 fit·
1299 2404 1383 2448 quid
1408 2404 1497 2438 enim
1522 2406 1667 2463 gravius

185 2450 223 2485 in
257 2450 478 2486 Christianos
510 2451 626 2508 potuit
655 2452 764 2486 statui
798 2463 902 2505 quam
925 2456 964 2485 ut
985 2450 1193 2485 Iudaeorum
1222 2461 1424 2494 synagogas
1446 2451 1635 2486 reficiant?
1645 2449 1668 2463 ”

185 2502 258 2531 tum
292 2494 555 2532 Theodosius
559 2495 744 2532 iustumne
768 2510 852 2543 ergo
876 2497 942 2532 tibi
964 2497 1105 2532 videtur
1128 2498 1264 2531 turbam
1287 2497 1461 2531 hominum
1485 2497 1666 2544 incompo-

187 2543 290 2577 sitam
328 2544 364 2578 in
404 2545 505 2589 regia
542 2545 629 2578 urbe
667 2556 732 2590 pro
774 2556 836 2579 sua
871 2543 1018 2578 libidine
1050 2539 1212 2589 agere2''
1257 2544 1440 2597 respondit
1463 2545 1667 2579 Ambrosius

184 2585 324 2634 “quid‘?
359 2590 533 2625 iustumne
558 2596 662 2636 putas
687 2602 786 2635 esse,
824 2590 981 2637 piissime
1003 2590 1220 2643 imperator,
1256 2595 1294 2623 ut
1316 2589 1353 2623 in
1377 2591 1463 2624 urbe
1484 2602 1575 2635 quae
1603 2602 1667 2625 arx

189 2642 245 2668 est
274 2635 432 2689 imperii,
466 2637 591 2671 Iudaei
622 2637 658 2671 in
687 2638 788 2671 deum
819 2636 1070 2672 contumeliosa
1094 2635 1247 2671 carmina
1269 2636 1485 2671 decantent?
1534 2649 1578 2671 ne
1602 2637 1667 2671 hac

187 2680 249 2715 via
274 2681 335 2727 inu
325 2683 498 2728 mediare,
535 2683 666 2729 optime
693 2684 872 2730 princeps.
920 2683 1128 2718 Iudaeorum
1152 2682 1242 2717 enim
1266 2687 1351 2716 vota
1373 2682 1410 2716 in
1432 2682 1534 2717 deum
1558 2683 1668 2717 male-

189 2726 286 2761 dicta
320 2734 400 2763 sunt
431 2735 469 2764 et
494 2730 725 2764 contumeliae
748 2735 854 2774 atque
874 2729 1040 2764 infandae
1063 2727 1339 2763 exsecrationes.
1341 2725 1362 2738 ”
1410 2728 1464 2762 his
1490 2730 1667 2764 Ambrosii

190 2779 305 2807 motus
333 2776 454 2810 verbis
485 2777 677 2822 imperator
709 2776 923 2810 Christianis
954 2775 1094 2811 multam
1126 2773 1280 2817 remisit,
1314 2774 1497 2820 legemque
1518 2775 1600 2810 tulit
1624 2788 1669 2810 ne

190 2819 315 2901 Ιιιᾱὲιεί
350 2820 518 2867 Byzantii
554 2834 773 2870 synagogam
811 2823 985 2859 haberent
1020 2833 1112 2858 neve
1147 2821 1186 2856 in
1222 2819 1365 2868 publico
1402 2833 1529 2868 preces
1569 2823 1667 2857 face-

188 2876 253 2902 ren
