1742 3184
213 165 315 216 554
693 169 933 215 GEORGII
967 167 1213 213 GEDRENI

215 286 354 343 λογίαν
383 289 455 330 τοῦ
485 282 725 341 πνεύματος.
795 285 957 337 ἐξέθετο
981 284 1025 327 δὲ
1044 286 1112 327 καὶ
1135 282 1310 337 κανόνας
1329 285 1371 330 ἐν
1388 281 1450 337 οἷς
1471 290 1528 344 τῷ
1548 283 1689 345 θρόνῳ

165 362 197 398 C
221 354 686 406 Κωνσταντινουπόλεως
718 354 769 397 τὰ
797 358 993 411 πρεσβεῖα
1005 352 1165 411 Ῥώμης
1181 355 1379 409 ἀπένειμε.
1447 354 1538 399 τότε
1566 358 1633 398 καὶ
1660 355 1686 412 ἡ

215 426 374 483 κεφαλὴ
393 429 466 469 τοῦ
482 423 719 482 προδρόμου
742 426 783 467 ἐν
802 423 1230 468 Κωνσταντινουπόλει
1244 424 1359 482 ἤχθη
1370 457 1384 479 ,
1407 426 1481 485 ’καὶ
1500 425 1546 469 τὸ
1568 429 1688 480 σῶμα

214 500 289 539 τοῦ
313 493 426 552 ἇγίου
447 493 622 537 Παύλου
648 497 722 537 τοῦ
743 492 1011 550 ὄμολογητοῦ.
1553 543 1555 545 ,

354 569 428 622 Τῷ
460 562 493 616 ζ’
525 564 600 606 ἔτει
635 562 780 606 τούτου
817 562 1039 614 Θεοδόσιος
1071 561 1092 606 ὃ
1123 561 1367 620 Αὔγουστος
1383 560 1579 620 Ὃνώριον
1600 563 1722 606 υἷὸνό

214 633 342 677 αὐτοῦ
364 634 433 676 τὸν
454 635 496 675 ἐκ
514 634 752 689 Πλακίλλης
773 632 928 677 ὕπατον
949 634 1119 684 ἀνέδειξε
1137 635 1205 676 καὶ
1224 637 1410 688 πολεμεῖν
1426 637 1486 693 τῷ
1504 631 1688 693 τυράννῳ

214 705 400 760 ΖΠαξίμῳ
422 702 649 760 ηὖτρὲπισε.

354 776 427 830 Τῷ
456 770 494 827 η’
526 771 602 815 ἴτει
634 773 676 815 ἐν
706 772 988 830 Παλαιστίνῃ,
1031 771 1073 815 ἐν
1100 768 1218 829 κώμῃ
1243 770 1454 826 Ἐμμαοῦς
1482 770 1690 828 λεγομένῃ,

213 842 373 884 παιδίον
404 840 597 898 ἐγεννήθη
628 843 778 884 τέλειον
807 842 886 884 ἀπὸ
923 842 1114 899 ὀμφαλοῦ
1142 843 1210 884 καὶ
1241 840 1324 883 ἄνω
1355 841 1623 898 διῃρημένον,
1667 839 1691 883 ὃ

216 910 293 967 εἶχε
321 909 393 954 δύο
423 910 582 967 στήθη,
620 910 694 954 δύο
723 910 927 969 κεφαλάς,
962 913 1029 954 καὶ
1056 911 1224 954 ἕκαστον
1248 910 1323 961 τὰς
1355 909 1569 965 αῗσθήσεις
1599 908 1689 964 εἶχε.
1703 915 1742 950 10

214 981 261 1024 τὸ
280 978 324 1023 (ἓν
344 979 466 1036 ἤσθιε
486 983 554 1023 καὶ
574 981 702 1033 ἔπινε,
737 981 783 1023 τὸ
805 982 850 1024 δὲ
868 981 1001 1039 ἕτερον
1023 981 1117 1035 οὐχί
1124 994 1136 1004 ·
1166 980 1213 1024 τὸ
1235 977 1279 1022 (ἐν
1302 977 1519 1031 ἐκάθευδε,
1555 981 1622 1021 καὶ
1644 979 1690 1021 τὸ

217 1051 354 1107 ἕτερον
377 1050 597 1108 ἐγρηγόρει.
665 1050 750 1093 ἔστι
780 1051 821 1092 δ’
848 1050 912 1094 ὅτε
938 1052 1006 1093 καὶ
1029 1050 1263 1102 συνέπαιζον
1284 1049 1387 1106 πρὸς
1407 1047 1588 1103 ἄλληλα,
1624 1050 1693 1090 καὶ

162 1126 195 1161 Ι)
220 1119 379 1162 ἔκλαιον
399 1119 611 1179 ἀμφότερα
619 1152 632 1172 ,
665 1121 733 1163 καὶ
754 1119 921 1163 ἔτυπτον
941 1120 1111 1175 ἄλληλα.
1183 1118 1327 1174 ἔζησαν
1347 1118 1391 1159 δὲ
1410 1116 1478 1173 ἔτη
1499 1114 1574 1160 δύο
1584 1149 1598 1169 ,
1624 1118 1692 1159 καὶ

217 1190 264 1233 τὸ
293 1190 367 1245 μὲν
391 1187 434 1232 (ἐν
463 1191 666 1243 ἀπέθανε,
697 1190 743 1232 τὸ
776 1190 821 1232 δὲ
856 1190 991 1246 ἕτερον
1012 1188 1116 1243 μετὰ
1137 1187 1339 1244 τέσσαρας
1361 1183 1516 1244 ἡμέρας
1537 1184 1693 1229 ἐτελεύ-

216 1276 350 1314 τησεν.
1705 1262 1742 1298 15

359 1331 432 1386 Τῷ
458 1324 492 1377 ς’
518 1325 594 1370 ἔτει
615 1330 688 1381 τῆς
709 1326 920 1381 βασιλείας
942 1330 1014 1369 τοῦ
1037 1323 1215 1382 μεγάλου
1245 1324 1467 1367 Θεοδοσίου
1489 1324 1645 1380 γε’γονεν
1667 1323 1694 1380 ἢ

218 1398 261 1440 ἐν
281 1394 709 1440 Κωνσταντινουπόλει
732 1394 826 1452 ἇγία
847 1397 916 1439 καὶ
940 1395 1194 1450 οἰκουμενικὴ
1222 1395 1390 1452 δευτέρα
1421 1392 1593 1445 σύνοδος
1613 1399 1695 1437 τῶν

216 1458 276 1524 ρν”’
302 1465 425 1523 ἁγίων
447 1467 657 1523 πατέριον,
693 1466 756 1508 ἐπὶ
776 1464 984 1520 Δαμάσου
1003 1464 1120 1507 πάπα
1134 1462 1317 1520 Ῥώμης,
1353 1458 1402 1519 ἧς
1421 1461 1591 1520 ’ἦγοῦντο
1616 1467 1695 1506 Τι-

215 1535 373 1591 μόθεος
397 1537 720 1592 Ἀλεξανδρείας,
762 1536 966 1586 Μελέτιος
989 1535 1231 1589 Ἀντιοχείας
1243 1567 1257 1587 ,
1293 1532 1500 1590 Κύριλλος
1518 1531 1695 1590 Ἱεροσο-

215 1604 357 1660 λύμων
383 1607 450 1648 καὶ
478 1608 519 1646 Γ
517 1604 707 1663 ρηγόριος
740 1603 761 1647 ὅ
793 1603 1015 1661 θεολόγος,
1050 1604 1155 1646 κατὰ
1188 1604 1453 1647 ΙΙἸακεδονίου
1486 1601 1742 1659 γεγονότοςέ(

219 1674 438 1718 ἐπισκόπου
456 1673 938 1725 Κωνσταντινουπόλεως,
968 1674 1014 1725 ὃς
1032 1673 1089 1716 ἔτι
1107 1673 1255 1731 περιὼν
1275 1671 1469 1724 ὡσαύτως
1485 1678 1543 1731 τῷ
1555 1672 1694 1731 Ἀρείῳ

217 1743 487 1802 ἐβλασφήμει.
558 1742 709 1798 ὁμοίως
742 1745 786 1786 δὲ
818 1745 884 1786 καὶ
921 1743 966 1786 τὸ
999 1747 1158 1798 πνεῦμα
1183 1743 1229 1784 τὸ
1256 1741 1370 1799 ἅγιον
1390 1741 1449 1796 μὴ
1471 1739 1569 1784 εἶναι
1595 1741 1696 1785 θεὸν

71 1819 102 1853 Ρ
127 1818 195 1854 317
220 1814 418 1870 ἀληθινὸν
440 1813 546 1855 ἀλλὰ
568 1814 717 1868 κτίσμα
735 1814 802 1855 καὶ
823 1813 923 1855 αὐτὸ
944 1810 1241 1867 ὓπελάμβανεν.
1310 1811 1447 1869 ὀλίγον
1474 1812 1521 1854 δὲ
1550 1816 1695 1871 καιροῦ

311 1957 335 1992 3
358 1953 398 1992 ἐκ
419 1952 849 1996 Κωνσταντινουπόλεως
870 1955 920 1990 P:
948 1955 996 1991 cf.
1019 1967 1058 2003 p·
1081 1955 1150 1991 321
1174 1967 1206 1991 c.

219 2088 258 2120 et
279 2094 431 2118 canones
454 2083 586 2127 edidit,
613 2082 650 2117 in
674 2082 800 2128 quibus
822 2081 901 2117 sedi
923 2081 1134 2129 Cpolitanae
1156 2086 1238 2129 post
1257 2081 1381 2117 solium
1404 2082 1598 2118 Romanum
1620 2083 1695 2130 pri-

219 2142 295 2166 mus
327 2131 423 2164 locus
455 2130 673 2175 adsignatur.
719 2134 793 2164 tum
831 2129 936 2164 etiam
973 2134 1079 2175 caput
1110 2130 1254 2165 Ioannis
1283 2128 1464 2175 baptistae
1498 2135 1535 2165 et
1569 2141 1697 2177 corpus

219 2177 322 2212 Pauli
347 2177 558 2211 confessoris
583 2176 711 2222 Cpolin
733 2177 883 2211 advecta
905 2181 1000 2214 sunt.

314 2223 415 2258 Anno
434 2224 455 2259 7
472 2222 696 2258 Theodosius
713 2223 890 2268 Augustus
905 2222 1113 2267 Honorium,
1132 2233 1230 2257 suum
1246 2235 1290 2257 ex
1306 2221 1450 2257 Placilla
1468 2221 1588 2266 filium,
1610 2235 1696 2258 con-

221 2270 331 2306 sulem
356 2271 510 2313 creavit,
540 2282 648 2316 seque
672 2270 715 2304 ad
739 2269 864 2304 benum
888 2274 1039 2315 tyranno
1060 2269 1214 2304 Maximo
1238 2270 1436 2304 faciendum
1462 2270 1617 2314 paravit..

316 2318 417 2352 Anno
441 2318 463 2352 8
486 2317 693 2351 Emmaunte
716 2315 939 2351 Palaestinae
960 2328 1052 2362 pago
1085 2315 1202 2350 infans
1233 2322 1335 2351 natus
1371 2321 1426 2350 est
1455 2317 1501 2350 ab
1534 2315 1697 2351 umbilico

221 2375 359 2399 sursum
382 2363 554 2398 dissectus
577 2364 615 2398 in
638 2364 707 2398 duo
731 2369 877 2408 pectora
901 2363 1041 2408 duoque
1065 2363 1205 2408 capita,
1239 2367 1274 2397 e't
1303 2367 1451 2407 utraque
1480 2373 1562 2408 pars
1592 2375 1698 2398 sensu

223 2414 301 2445 erat
334 2410 508 2456 praedita.
557 2411 684 2445 edente
717 2410 828 2444 altera
857 2415 919 2444 aut
949 2411 1093 2444 bibente
1117 2409 1229 2444 altera
1253 2408 1477 2451 abstinebat,
1516 2420 1585 2444 una
1615 2410 1698 2444 dor-

222 2457 354 2492 miente
387 2456 499 2492 altera
528 2457 718 2502 vigilabat3
752 2456 939 2502 aliquando
966 2456 1060 2491 inter
1083 2468 1122 2490 se
1146 2456 1386 2500 coiludebant,
1420 2455 1555 2490 flebant
1584 2456 1698 2500 simul,

223 2503 334 2538 altera
368 2503 509 2538 alteram
542 2503 799 2549 percutiebant.
860 2502 1026 2538 vixerunt
1059 2514 1169 2538 annos
1203 2503 1307 2548 duos,
1346 2507 1385 2537 et
1418 2501 1530 2536 altera
1562 2509 1701 2537 mortua

222 2549 410 2595 quatriduo
435 2556 516 2596 post
538 2550 651 2585 altera
673 2549 841 2584 decessit.
1247 2560 1249 2562 ’

316 2597 461 2631 Sextum
500 2609 625 2632 annum
665 2597 861 2642 imperante
900 2596 1106 2631 Theodosio
1140 2606 1288 2641 magno,
1335 2595 1523 2630 secundum
1562 2606 1700 2630 sacrum

225 2644 484 2678 oecumenicum
515 2643 696 2679 concilium
730 2643 835 2689 cpoli
869 2649 982 2678 actum
1012 2649 1067 2678 est
1092 2655 1114 2678 a
1140 2644 1204 2678 150
1228 2641 1407 2688 patribus,
1443 2641 1595 2676 Damaso
1627 2648 1699 2675 tum

226 2689 358 2723 Romae
398 2702 502 2735 papa.
566 2691 796 2737 praefuerunt
835 2689 1044 2724 Timotheus
1078 2689 1339 2732 Alexandreae,
1374 2688 1542 2723 Meletius
1571 2688 1698 2722 Antio-

225 2734 351 2779 cheae,
392 2737 547 2780 Cyrillus
581 2737 852 2782 Hierosolymae
885 2736 1045 2783 episcopi
1076 2742 1113 2771 et
1147 2735 1343 2780 Gregorius
1378 2735 1577 2779 theologus.
1639 2745 1699 2768 res

225 2787 326 2826 gesta
361 2789 483 2818 contra
516 2784 778 2828 Macedonium,
811 2783 873 2829 qui
896 2784 1014 2818 fuerat
1035 2783 1220 2829 episcopus
1244 2781 1472 2827 Cpolitanus,
1502 2781 1614 2815 adhuc
1637 2792 1696 2814 su-

226 2827 421 2872 perstitem.
467 2830 499 2863 is
524 2836 562 2865 et
579 2831 659 2865 Arii
684 2842 837 2865 errorem
857 2831 1089 2876 sequebatur,
1125 2834 1162 2863 et
1182 2828 1344 2874 spiritum
1365 2834 1524 2863 sanctum
1548 2828 1699 2871 negabat

227 2885 308 2908 esse
331 2886 450 2911 verum
474 2877 595 2923 deum,
629 2878 694 2914 sed
713 2883 907 2913 creaturam
929 2889 1009 2913 esse
1031 2876 1223 2912 iudicabat.
1269 2880 1352 2922 post
1375 2874 1537 2921 exiguum
1561 2879 1699 2918 tempus
