<?xml version="1.0" encoding="UTF-8"?>
<!DOCTYPE html PUBLIC "-//W3C//DTD XHTML 1.0 Transitional//EN"
    "http://www.w3.org/TR/xhtml1/DTD/xhtml1-transitional.dtd">
<html xmlns="http://www.w3.org/1999/xhtml" xml:lang="en" lang="en">
 <head>
  <title>
</title>
<meta http-equiv="Content-Type" content="text/html;charset=utf-8" />
  <meta name='ocr-system' content='tesseract 3.04.00' />
  <meta name='ocr-capabilities' content='ocr_page ocr_carea ocr_par ocr_line ocrx_word'/>
</head>
<body>
  <div class='ocr_page' id='page_1' title='image "./corpusscriptorum13niebuoft_0169.png"; bbox 0 0 1742 3184; ppageno 0'>
   <div class='ocr_carea' id='block_1_1' title="bbox 381 168 1539 247">
    <p class='ocr_par' dir='ltr' id='par_1_1' title="bbox 381 168 1539 247">
     <span class='ocr_line' id='line_1_1' title="bbox 381 168 1539 247; baseline 0.003 -4"><span class='ocrx_word' id='word_1_1' title='bbox 381 168 782 243; x_wconf 71' lang='lat' dir='ltr'><strong>HISTORIARUM</strong></span> <span class='ocrx_word' id='word_1_2' title='bbox 815 197 1212 244; x_wconf 80' lang='lat' dir='ltr'><strong>COMPENDIUM.</strong></span> <span class='ocrx_word' id='word_1_3' title='bbox 1443 197 1539 247; x_wconf 82' lang='lat'><strong>145</strong></span> 
     </span>
    </p>
   </div>
   <div class='ocr_carea' id='block_1_2' title="bbox 5 309 1590 1828">
    <p class='ocr_par' dir='ltr' id='par_1_2' title="bbox 5 309 1590 1828">
     <span class='ocr_line' id='line_1_2' title="bbox 61 309 1538 371; baseline 0 -12"><span class='ocrx_word' id='word_1_4' title='bbox 61 314 133 360; x_wconf 78' lang='grc' dir='ltr'><strong>διὰ</strong></span> <span class='ocrx_word' id='word_1_5' title='bbox 160 318 292 371; x_wconf 84' lang='grc' dir='ltr'><strong><em>μῆκος</em></strong></span> <span class='ocrx_word' id='word_1_6' title='bbox 320 311 512 370; x_wconf 73' lang='grc' dir='ltr'><strong><em>σώματος</em></strong></span> <span class='ocrx_word' id='word_1_7' title='bbox 517 346 533 366; x_wconf 86' lang='grc'>,</span> <span class='ocrx_word' id='word_1_8' title='bbox 563 311 591 370; x_wconf 76' lang='grc' dir='ltr'>ἢ</span> <span class='ocrx_word' id='word_1_9' title='bbox 619 311 681 356; x_wconf 84' lang='grc' dir='ltr'><strong><em>ὅτι</em></strong></span> <span class='ocrx_word' id='word_1_10' title='bbox 713 309 943 369; x_wconf 66' lang='grc' dir='ltr'><strong><em>Αἰγύπτιος</em></strong></span> <span class='ocrx_word' id='word_1_11' title='bbox 963 311 1021 357; x_wconf 75' lang='grc' dir='ltr'><strong><em>ὢν</em></strong></span> <span class='ocrx_word' id='word_1_12' title='bbox 1042 313 1119 364; x_wconf 84' lang='grc' dir='ltr'><strong>τὰς</strong></span> <span class='ocrx_word' id='word_1_13' title='bbox 1138 310 1212 357; x_wconf 76' lang='grc' dir='ltr'><strong>δύο</strong></span> <span class='ocrx_word' id='word_1_14' title='bbox 1235 309 1424 369; x_wconf 77' lang='grc' dir='ltr'><strong><em>γλώσσας</em></strong></span> <span class='ocrx_word' id='word_1_15' title='bbox 1442 313 1538 371; x_wconf 58' lang='lat' dir='ltr'><strong>‘tim&#39;-</strong></span> 
     </span>
     <span class='ocr_line' id='line_1_3' title="bbox 60 377 1538 440; baseline 0 -12"><span class='ocrx_word' id='word_1_16' title='bbox 60 401 202 428; x_wconf 87' lang='grc' dir='ltr'><strong><em>στατο.</em></strong></span> <span class='ocrx_word' id='word_1_17' title='bbox 271 377 390 435; x_wconf 67' lang='grc' dir='ltr'><strong><em>οὗτος</em></strong></span> <span class='ocrx_word' id='word_1_18' title='bbox 405 383 510 439; x_wconf 82' lang='grc' dir='ltr'><strong><em>μετὰ</em></strong></span> <span class='ocrx_word' id='word_1_19' title='bbox 525 383 596 426; x_wconf 87' lang='grc' dir='ltr'><strong>τὸν</strong></span> <span class='ocrx_word' id='word_1_20' title='bbox 609 383 898 437; x_wconf 83' lang='grc' dir='ltr'><strong><em>κατακλυσμὸν</em></strong></span> <span class='ocrx_word' id='word_1_21' title='bbox 914 387 989 438; x_wconf 80' lang='grc' dir='ltr'><strong>τῆς</strong></span> <span class='ocrx_word' id='word_1_22' title='bbox 1001 381 1203 439; x_wconf 64' lang='grc' dir='ltr'><strong><em>’Λττικῆς</em></strong></span> <span class='ocrx_word' id='word_1_23' title='bbox 1217 381 1423 439; x_wconf 76' lang='grc' dir='ltr'><strong><em>Ἀθηνῶν</em></strong></span> <span class='ocrx_word' id='word_1_24' title='bbox 1437 385 1538 440; x_wconf 73' lang='grc' dir='ltr'><strong><em>ἔβα-</em></strong></span> 
     </span>
     <span class='ocr_line' id='line_1_4' title="bbox 60 451 1539 509; baseline -0.001 -12"><span class='ocrx_word' id='word_1_25' title='bbox 60 456 217 498; x_wconf 85' lang='grc' dir='ltr'><strong><em>σίλευσε</em></strong></span> <span class='ocrx_word' id='word_1_26' title='bbox 232 451 408 509; x_wconf 84' lang='grc' dir='ltr'><strong><em>χρόνους</em></strong></span> <span class='ocrx_word' id='word_1_27' title='bbox 426 451 476 505; x_wconf 89' lang='grc' dir='ltr'><strong>ν’,</strong></span> <span class='ocrx_word' id='word_1_28' title='bbox 504 454 572 496; x_wconf 79' lang='grc' dir='ltr'><strong>καὶ</strong></span> <span class='ocrx_word' id='word_1_29' title='bbox 594 451 674 494; x_wconf 78' lang='grc' dir='ltr'><strong>ἀπὸ</strong></span> <span class='ocrx_word' id='word_1_30' title='bbox 694 455 766 507; x_wconf 77' lang='grc' dir='ltr'><strong>τῆς</strong></span> <span class='ocrx_word' id='word_1_31' title='bbox 780 452 977 508; x_wconf 75' lang='grc' dir='ltr'><strong><em>Ἀθηνᾶς</em></strong></span> <span class='ocrx_word' id='word_1_32' title='bbox 994 451 1071 508; x_wconf 82' lang='grc' dir='ltr'><strong>τὴν</strong></span> <span class='ocrx_word' id='word_1_33' title='bbox 1087 451 1205 496; x_wconf 90' lang='grc' dir='ltr'><strong><em>πόλιν</em></strong></span> <span class='ocrx_word' id='word_1_34' title='bbox 1217 452 1418 508; x_wconf 75' lang='grc' dir='ltr'><strong><em>Ἀθήνας</em></strong></span> <span class='ocrx_word' id='word_1_35' title='bbox 1435 453 1539 497; x_wconf 85' lang='grc' dir='ltr'><strong><em>ὠνό-</em></strong></span> 
     </span>
     <span class='ocr_line' id='line_1_5' title="bbox 59 518 1540 580; baseline 0.001 -15"><span class='ocrx_word' id='word_1_36' title='bbox 59 540 204 578; x_wconf 80' lang='grc' dir='ltr'><strong><em>μασεν.</em></strong></span> <span class='ocrx_word' id='word_1_37' title='bbox 272 523 337 565; x_wconf 74' lang='grc' dir='ltr'><strong>ἐπὶ</strong></span> <span class='ocrx_word' id='word_1_38' title='bbox 367 521 496 566; x_wconf 73' lang='grc' dir='ltr'><strong><em>αὐτοῦ</em></strong></span> <span class='ocrx_word' id='word_1_39' title='bbox 524 522 567 564; x_wconf 77' lang='grc' dir='ltr'><strong><em>ἕν</em></strong></span> <span class='ocrx_word' id='word_1_40' title='bbox 593 525 645 578; x_wconf 84' lang='grc' dir='ltr'><strong><em>τῇ</em></strong></span> <span class='ocrx_word' id='word_1_41' title='bbox 674 518 891 577; x_wconf 76' lang='grc' dir='ltr'><em>ἀκροπόλει</em></span> <span class='ocrx_word' id='word_1_42' title='bbox 923 522 1041 564; x_wconf 71' lang='grc' dir='ltr'><strong><em>ἐλαία.</em></strong></span> <span class='ocrx_word' id='word_1_43' title='bbox 1070 520 1243 580; x_wconf 81' lang='grc' dir='ltr'><em>πρώτως</em></span> <span class='ocrx_word' id='word_1_44' title='bbox 1269 519 1390 579; x_wconf 72' lang='grc' dir='ltr'><strong><em>ἐφύη.</em></strong></span> <span class='ocrx_word' id='word_1_45' title='bbox 1458 524 1540 567; x_wconf 76' lang='grc' dir='ltr'><strong>ἀπὸ</strong></span> 
     </span>
     <span class='ocr_line' id='line_1_6' title="bbox 27 586 1540 649; baseline 0.001 -13"><span class='ocrx_word' id='word_1_46' title='bbox 27 591 206 636; x_wconf 73' lang='grc' dir='ltr'><strong><em>ὄτούτου</em></strong></span> <span class='ocrx_word' id='word_1_47' title='bbox 237 591 450 648; x_wconf 76' lang='grc' dir='ltr'><strong><em>Κεκροπία</em></strong></span> <span class='ocrx_word' id='word_1_48' title='bbox 477 589 504 646; x_wconf 80' lang='grc' dir='ltr'><strong><em>ἦ</em></strong></span> <span class='ocrx_word' id='word_1_49' title='bbox 528 588 650 648; x_wconf 79' lang='grc' dir='ltr'><strong><em>χώρα</em></strong></span> <span class='ocrx_word' id='word_1_50' title='bbox 679 593 841 647; x_wconf 83' lang='grc' dir='ltr'><strong><em>πρῶτον</em></strong></span> <span class='ocrx_word' id='word_1_51' title='bbox 870 589 1041 647; x_wconf 71' lang='grc' dir='ltr'><strong><em>ἐκλήθη.</em></strong></span> <span class='ocrx_word' id='word_1_52' title='bbox 1112 586 1231 643; x_wconf 72' lang='grc' dir='ltr'><strong><em>οὗτος</em></strong></span> <span class='ocrx_word' id='word_1_53' title='bbox 1255 596 1418 649; x_wconf 84' lang='grc' dir='ltr'><strong><em>πρῶτος</em></strong></span> <span class='ocrx_word' id='word_1_54' title='bbox 1436 597 1540 647; x_wconf 82' lang='grc' dir='ltr'><strong><em>βοῦν</em></strong></span> 
     </span>
     <span class='ocr_line' id='line_1_7' title="bbox 60 656 1539 720; baseline 0.001 -16"><span class='ocrx_word' id='word_1_55' title='bbox 60 659 274 715; x_wconf 72' lang='grc' dir='ltr'><strong><em>ἐθαύμασε</em></strong></span> <span class='ocrx_word' id='word_1_56' title='bbox 293 661 360 703; x_wconf 83' lang='grc' dir='ltr'><strong>καὶ</strong></span> <span class='ocrx_word' id='word_1_57' title='bbox 378 663 497 715; x_wconf 84' lang='grc' dir='ltr'><strong><em>Ζῆνα</em></strong></span> <span class='ocrx_word' id='word_1_58' title='bbox 514 656 849 717; x_wconf 74' lang='grc' dir='ltr'><strong><em>προσηγόρευσεν.</em></strong></span> <span class='ocrx_word' id='word_1_59' title='bbox 917 661 981 702; x_wconf 79' lang='grc' dir='ltr'><strong>ἐπὶ</strong></span> <span class='ocrx_word' id='word_1_60' title='bbox 999 659 1146 704; x_wconf 82' lang='grc' dir='ltr'><strong><em>τούτου</em></strong></span> <span class='ocrx_word' id='word_1_61' title='bbox 1162 661 1208 703; x_wconf 85' lang='grc' dir='ltr'><strong><em>τὸ</em></strong></span> <span class='ocrx_word' id='word_1_62' title='bbox 1228 661 1270 703; x_wconf 77' lang='grc' dir='ltr'><strong><em>ἓν</em></strong></span> <span class='ocrx_word' id='word_1_63' title='bbox 1286 660 1415 720; x_wconf 82' lang='grc' dir='ltr'><strong><em>Δήλῳ</em></strong></span> <span class='ocrx_word' id='word_1_64' title='bbox 1432 662 1539 720; x_wconf 78' lang='grc' dir='ltr'><strong><em>ἱερὸν</em></strong></span> 
     </span>
     <span class='ocr_line' id='line_1_8' title="bbox 55 726 1538 788; baseline 0 -13"><span class='ocrx_word' id='word_1_65' title='bbox 55 729 327 781; x_wconf 71' lang='grc' dir='ltr'><strong><em>’Λπόλλωνος</em></strong></span> <span class='ocrx_word' id='word_1_66' title='bbox 354 729 514 785; x_wconf 77' lang='grc' dir='ltr'><strong><em>Δηλίου</em></strong></span> <span class='ocrx_word' id='word_1_67' title='bbox 553 726 633 771; x_wconf 71' lang='grc' dir='ltr'><strong>ὑπὸ</strong></span> <span class='ocrx_word' id='word_1_68' title='bbox 670 728 927 785; x_wconf 70' lang='grc' dir='ltr'><strong><em>Ἐριχθονίου</em></strong></span> <span class='ocrx_word' id='word_1_69' title='bbox 968 729 1062 772; x_wconf 79' lang='grc' dir='ltr'><strong><em>υἱοῦ</em></strong></span> <span class='ocrx_word' id='word_1_70' title='bbox 1094 731 1308 787; x_wconf 79' lang='grc' dir='ltr'><strong><em>Κέκροπος</em></strong></span> <span class='ocrx_word' id='word_1_71' title='bbox 1344 730 1538 788; x_wconf 80' lang='grc' dir='ltr'><strong><em>ἱδρύνθη.</em></strong></span> 
     </span>
     <span class='ocr_line' id='line_1_9' title="bbox 60 794 1590 861; baseline 0.001 -19"><span class='ocrx_word' id='word_1_72' title='bbox 60 794 181 851; x_wconf 74' lang='grc' dir='ltr'><strong><em>οὗτος</em></strong></span> <span class='ocrx_word' id='word_1_73' title='bbox 205 803 428 854; x_wconf 79' lang='grc' dir='ltr'><strong><em>νομοθετεῖ</em></strong></span> <span class='ocrx_word' id='word_1_74' title='bbox 448 797 524 849; x_wconf 80' lang='grc' dir='ltr'><strong>τὰς</strong></span> <span class='ocrx_word' id='word_1_75' title='bbox 550 804 744 855; x_wconf 79' lang='grc' dir='ltr'><strong><em>γυναῖκας</em></strong></span> <span class='ocrx_word' id='word_1_76' title='bbox 773 796 829 840; x_wconf 72' lang='grc' dir='ltr'><strong><em>ἴτι</em></strong></span> <span class='ocrx_word' id='word_1_77' title='bbox 857 799 1091 856; x_wconf 73' lang='grc' dir='ltr'><strong><em>παρθένους</em></strong></span> <span class='ocrx_word' id='word_1_78' title='bbox 1113 799 1239 850; x_wconf 73' lang='grc' dir='ltr'><strong><em>οὔσας</em></strong></span> <span class='ocrx_word' id='word_1_79' title='bbox 1259 798 1316 842; x_wconf 69' lang='grc' dir='ltr'><strong><em>ἑνὶ</em></strong></span> <span class='ocrx_word' id='word_1_80' title='bbox 1339 799 1456 857; x_wconf 79' lang='grc' dir='ltr'><strong><em>ἀνδρὶ</em></strong></span> <span class='ocrx_word' id='word_1_81' title='bbox 1476 806 1534 861; x_wconf 79' lang='grc' dir='ltr'><strong><em>τῷ</em></strong></span> <span class='ocrx_word' id='word_1_82' title='bbox 1558 814 1590 851; x_wconf 87' lang='lat' dir='ltr'>c</span> 
     </span>
     <span class='ocr_line' id='line_1_10' title="bbox 59 866 1539 927; baseline 0.001 -15"><span class='ocrx_word' id='word_1_83' title='bbox 59 870 297 927; x_wconf 75' lang='grc' dir='ltr'><strong><em>βουλομένῳ</em></strong></span> <span class='ocrx_word' id='word_1_84' title='bbox 312 872 535 925; x_wconf 75' lang='grc' dir='ltr'><strong><em>γαμεῖσθαι</em></strong></span> <span class='ocrx_word' id='word_1_85' title='bbox 543 900 556 920; x_wconf 87' lang='grc'>,</span> <span class='ocrx_word' id='word_1_86' title='bbox 583 869 650 910; x_wconf 84' lang='grc' dir='ltr'><strong>καὶ</strong></span> <span class='ocrx_word' id='word_1_87' title='bbox 666 868 808 922; x_wconf 81' lang='grc' dir='ltr'><strong><em>μηὸενὶ</em></strong></span> <span class='ocrx_word' id='word_1_88' title='bbox 827 866 938 926; x_wconf 78' lang='grc' dir='ltr'><strong><em>ἄλλῳ</em></strong></span> <span class='ocrx_word' id='word_1_89' title='bbox 959 868 1033 919; x_wconf 69' lang='grc' dir='ltr'><strong><em>ἕως</em></strong></span> <span class='ocrx_word' id='word_1_90' title='bbox 1054 867 1239 911; x_wconf 83' lang='grc' dir='ltr'><strong><em>θανάτου</em></strong></span> <span class='ocrx_word' id='word_1_91' title='bbox 1256 871 1539 927; x_wconf 77' lang='grc' dir='ltr'><strong><em>προσανέχειν·</em></strong></span> 
     </span>
     <span class='ocr_line' id='line_1_11' title="bbox 7 935 1541 996; baseline 0 -14"><span class='ocrx_word' id='word_1_92' title='bbox 7 951 53 987; x_wconf 84' lang='lat'><strong>10</strong></span> <span class='ocrx_word' id='word_1_93' title='bbox 64 940 139 990; x_wconf 71' lang='grc' dir='ltr'><strong><em>ἕως</em></strong></span> <span class='ocrx_word' id='word_1_94' title='bbox 155 938 235 995; x_wconf 79' lang='grc' dir='ltr'><strong>γὰρ</strong></span> <span class='ocrx_word' id='word_1_95' title='bbox 257 938 386 981; x_wconf 76' lang='grc' dir='ltr'><strong><em>αὐτοῦ</em></strong></span> <span class='ocrx_word' id='word_1_96' title='bbox 405 935 646 996; x_wconf 74' lang='grc' dir='ltr'><strong><em>ἀδιαφόροις</em></strong></span> <span class='ocrx_word' id='word_1_97' title='bbox 664 935 775 989; x_wconf 71' lang='grc' dir='ltr'><strong><em>ἵζων,</em></strong></span> <span class='ocrx_word' id='word_1_98' title='bbox 796 936 901 994; x_wconf 85' lang='grc' dir='ltr'><strong><em>πρὸς</em></strong></span> <span class='ocrx_word' id='word_1_99' title='bbox 917 937 1060 995; x_wconf 84' lang='grc' dir='ltr'><strong><em>καιρὸν</em></strong></span> <span class='ocrx_word' id='word_1_100' title='bbox 1076 937 1310 995; x_wconf 77' lang='grc' dir='ltr'><strong><em>μιγνύμενοι</em></strong></span> <span class='ocrx_word' id='word_1_101' title='bbox 1328 941 1395 981; x_wconf 81' lang='grc' dir='ltr'><strong>καὶ</strong></span> <span class='ocrx_word' id='word_1_102' title='bbox 1416 935 1541 992; x_wconf 72' lang='grc' dir='ltr'><strong><em>αὖθις</em></strong></span> 
     </span>
     <span class='ocr_line' id='line_1_12' title="bbox 59 1003 1538 1064; baseline 0 -12"><span class='ocrx_word' id='word_1_103' title='bbox 59 1007 128 1052; x_wconf 80' lang='grc' dir='ltr'><strong><em>ὅτε</em></strong></span> <span class='ocrx_word' id='word_1_104' title='bbox 151 1006 370 1062; x_wconf 78' lang='grc' dir='ltr'><strong><em>βούλονται</em></strong></span> <span class='ocrx_word' id='word_1_105' title='bbox 393 1004 744 1063; x_wconf 83' lang='grc' dir='ltr'><strong><em>διαχωριζόμενοι,</em></strong></span> <span class='ocrx_word' id='word_1_106' title='bbox 775 1003 832 1057; x_wconf 81' lang='grc' dir='ltr'><strong><em>ὥς</em></strong></span> <span class='ocrx_word' id='word_1_107' title='bbox 854 1005 1007 1061; x_wconf 75' lang='grc' dir='ltr'><strong><em>ι’ίδηλον</em></strong></span> <span class='ocrx_word' id='word_1_108' title='bbox 1029 1004 1129 1050; x_wconf 80' lang='grc' dir='ltr'><strong><em>εἶναι</em></strong></span> <span class='ocrx_word' id='word_1_109' title='bbox 1151 1010 1212 1058; x_wconf 82' lang='grc' dir='ltr'><strong>τίς</strong></span> <span class='ocrx_word' id='word_1_110' title='bbox 1236 1007 1287 1050; x_wconf 74' lang='grc' dir='ltr'><strong><em>ἂν</em></strong></span> <span class='ocrx_word' id='word_1_111' title='bbox 1310 1007 1370 1064; x_wconf 74' lang='grc' dir='ltr'><strong>εἴη</strong></span> <span class='ocrx_word' id='word_1_112' title='bbox 1391 1007 1538 1053; x_wconf 83' lang='grc' dir='ltr'><strong><em>τούτου</em></strong></span> 
     </span>
     <span class='ocr_line' id='line_1_13' title="bbox 59 1075 1540 1137; baseline 0.001 -17"><span class='ocrx_word' id='word_1_113' title='bbox 59 1076 210 1134; x_wconf 78' lang='grc' dir='ltr'><strong><em>πατήρ,</em></strong></span> <span class='ocrx_word' id='word_1_114' title='bbox 237 1080 392 1132; x_wconf 82' lang='grc' dir='ltr'><strong><em>κτηνῶν</em></strong></span> <span class='ocrx_word' id='word_1_115' title='bbox 411 1075 562 1134; x_wconf 91' lang='grc' dir='ltr'><strong><em>τρόπον</em></strong></span> <span class='ocrx_word' id='word_1_116' title='bbox 579 1076 854 1130; x_wconf 78' lang='grc' dir='ltr'><strong><em>νοθευομίνου</em></strong></span> <span class='ocrx_word' id='word_1_117' title='bbox 873 1079 948 1118; x_wconf 84' lang='grc' dir='ltr'><strong><em>τοῦ</em></strong></span> <span class='ocrx_word' id='word_1_118' title='bbox 965 1076 1104 1132; x_wconf 75' lang='grc' dir='ltr'><strong><em>γε’νους</em></strong></span> <span class='ocrx_word' id='word_1_119' title='bbox 1121 1082 1171 1134; x_wconf 87' lang='grc' dir='ltr'><strong><em>τῇ</em></strong></span> <span class='ocrx_word' id='word_1_120' title='bbox 1192 1078 1382 1137; x_wconf 77' lang='grc' dir='ltr'><strong><em>ἐπιμιξίᾳ.</em></strong></span> <span class='ocrx_word' id='word_1_121' title='bbox 1429 1077 1540 1135; x_wconf 64' lang='grc' dir='ltr'><strong><em>ἔλεγε</em></strong></span> 
     </span>
     <span class='ocr_line' id='line_1_14' title="bbox 58 1144 1540 1205; baseline 0.001 -15"><span class='ocrx_word' id='word_1_122' title='bbox 58 1146 139 1205; x_wconf 78' lang='grc' dir='ltr'><strong>γὰρ</strong></span> <span class='ocrx_word' id='word_1_123' title='bbox 162 1146 262 1190; x_wconf 72' lang='grc' dir='ltr'><strong><em>αὐτὸ</em></strong></span> <span class='ocrx_word' id='word_1_124' title='bbox 283 1146 413 1189; x_wconf 72' lang='grc' dir='ltr'><strong><em>αἴτιον</em></strong></span> <span class='ocrx_word' id='word_1_125' title='bbox 434 1144 533 1188; x_wconf 78' lang='grc' dir='ltr'><strong><em>εἶναι</em></strong></span> <span class='ocrx_word' id='word_1_126' title='bbox 552 1148 627 1188; x_wconf 80' lang='grc' dir='ltr'><strong><em>τοῦ</em></strong></span> <span class='ocrx_word' id='word_1_127' title='bbox 644 1148 948 1199; x_wconf 79' lang='grc' dir='ltr'><strong><em>κατακλυσμοῦ.</em></strong></span> <span class='ocrx_word' id='word_1_128' title='bbox 991 1147 1059 1188; x_wconf 84' lang='grc' dir='ltr'><strong>καὶ</strong></span> <span class='ocrx_word' id='word_1_129' title='bbox 1082 1146 1174 1200; x_wconf 74' lang='grc' dir='ltr'><strong><em>μετ’</em></strong></span> <span class='ocrx_word' id='word_1_130' title='bbox 1198 1146 1321 1189; x_wconf 83' lang='grc' dir='ltr'><strong><em>αὐτὸν</em></strong></span> <span class='ocrx_word' id='word_1_131' title='bbox 1342 1148 1540 1204; x_wconf 86' lang='grc' dir='ltr'><strong><em>Κραναὸς</em></strong></span> 
     </span>
     <span class='ocr_line' id='line_1_15' title="bbox 59 1213 1539 1272; baseline 0 -13"><span class='ocrx_word' id='word_1_132' title='bbox 59 1218 318 1272; x_wconf 70' lang='grc' dir='ltr'><strong><em>ἐβασίλευσεν</em></strong></span> <span class='ocrx_word' id='word_1_133' title='bbox 336 1214 404 1270; x_wconf 71' lang='grc' dir='ltr'><strong><em>ἴτη</em></strong></span> <span class='ocrx_word' id='word_1_134' title='bbox 425 1215 536 1258; x_wconf 69' lang='grc' dir='ltr'><strong><em>ἐννέα</em></strong></span> <span class='ocrx_word' id='word_1_135' title='bbox 545 1247 559 1267; x_wconf 88' lang='grc'>,</span> <span class='ocrx_word' id='word_1_136' title='bbox 593 1213 656 1257; x_wconf 79' lang='grc' dir='ltr'><strong><em>ὅτι</em></strong></span> <span class='ocrx_word' id='word_1_137' title='bbox 675 1215 742 1256; x_wconf 80' lang='grc' dir='ltr'><strong>καὶ</strong></span> <span class='ocrx_word' id='word_1_138' title='bbox 761 1214 924 1271; x_wconf 73' lang='grc' dir='ltr'><strong><em>Σαπφὼ</em></strong></span> <span class='ocrx_word' id='word_1_139' title='bbox 944 1213 972 1270; x_wconf 77' lang='grc' dir='ltr'><em>ἢ</em></span> <span class='ocrx_word' id='word_1_140' title='bbox 988 1217 1056 1257; x_wconf 85' lang='grc' dir='ltr'><strong>καὶ</strong></span> <span class='ocrx_word' id='word_1_141' title='bbox 1073 1215 1215 1272; x_wconf 84' lang='grc' dir='ltr'><strong><em>πρώτη</em></strong></span> <span class='ocrx_word' id='word_1_142' title='bbox 1233 1218 1422 1259; x_wconf 82' lang='grc' dir='ltr'><strong><em>Μουσῶν</em></strong></span> <span class='ocrx_word' id='word_1_143' title='bbox 1440 1216 1539 1272; x_wconf 83' lang='grc' dir='ltr'><strong><em>ἀνη-</em></strong></span> 
     </span>
     <span class='ocr_line' id='line_1_16' title="bbox 5 1282 1541 1343; baseline 0.001 -15"><span class='ocrx_word' id='word_1_144' title='bbox 5 1296 51 1334; x_wconf 86' lang='lat'><strong>15</strong></span> <span class='ocrx_word' id='word_1_145' title='bbox 61 1286 243 1343; x_wconf 78' lang='grc' dir='ltr'><strong><em>γόρευτο.</em></strong></span> <span class='ocrx_word' id='word_1_146' title='bbox 311 1282 397 1328; x_wconf 77' lang='grc' dir='ltr'><strong><em>εἶτα</em></strong></span> <span class='ocrx_word' id='word_1_147' title='bbox 425 1282 606 1341; x_wconf 75' lang='grc' dir='ltr'><strong><em>Φορνεῦς</em></strong></span> <span class='ocrx_word' id='word_1_148' title='bbox 628 1285 696 1326; x_wconf 87' lang='grc' dir='ltr'><strong>καὶ</strong></span> <span class='ocrx_word' id='word_1_149' title='bbox 719 1282 835 1325; x_wconf 78' lang='grc' dir='ltr'><strong><em>ἄλλοι</em></strong></span> <span class='ocrx_word' id='word_1_150' title='bbox 860 1283 954 1337; x_wconf 74' lang='grc' dir='ltr'><strong><em>μετ’</em></strong></span> <span class='ocrx_word' id='word_1_151' title='bbox 980 1283 1104 1327; x_wconf 73' lang='grc' dir='ltr'><strong><em>αὐτὸν</em></strong></span> <span class='ocrx_word' id='word_1_152' title='bbox 1130 1285 1205 1335; x_wconf 70' lang='grc' dir='ltr'><strong><em>ἕως</em></strong></span> <span class='ocrx_word' id='word_1_153' title='bbox 1225 1285 1392 1342; x_wconf 78' lang='grc' dir='ltr'><strong><em>Κόδρου</em></strong></span> <span class='ocrx_word' id='word_1_154' title='bbox 1415 1290 1541 1341; x_wconf 80' lang='grc' dir='ltr'><strong><em>βασι-</em></strong></span> 
     </span>
     <span class='ocr_line' id='line_1_17' title="bbox 60 1346 1542 1410; baseline -0.001 -11"><span class='ocrx_word' id='word_1_155' title='bbox 60 1354 280 1405; x_wconf 80' lang='grc' dir='ltr'><strong><em>λεύσαντος</em></strong></span> <span class='ocrx_word' id='word_1_156' title='bbox 310 1353 446 1396; x_wconf 77' lang='grc' dir='ltr'><strong><em>αὐτῶν</em></strong></span> <span class='ocrx_word' id='word_1_157' title='bbox 479 1352 547 1408; x_wconf 73' lang='grc' dir='ltr'><strong><em>ἴτη</em></strong></span> <span class='ocrx_word' id='word_1_158' title='bbox 577 1350 655 1395; x_wconf 85' lang='grc' dir='ltr'><strong><em>κα’.</em></strong></span> <span class='ocrx_word' id='word_1_159' title='bbox 725 1350 881 1409; x_wconf 71' lang='grc' dir='ltr'><strong><em>ἐκράτει</em></strong></span> <span class='ocrx_word' id='word_1_160' title='bbox 914 1346 986 1395; x_wconf 73' lang='grc' dir='ltr'><strong><em>οὖν</em></strong></span> <span class='ocrx_word' id='word_1_161' title='bbox 1015 1350 1043 1408; x_wconf 78' lang='grc' dir='ltr'><em>ἦ</em></span> <span class='ocrx_word' id='word_1_162' title='bbox 1073 1353 1321 1410; x_wconf 46' lang='grc' dir='ltr'><strong><em>,Αθηναίων</em></strong></span> <span class='ocrx_word' id='word_1_163' title='bbox 1351 1356 1542 1409; x_wconf 79' lang='grc' dir='ltr'><strong><em>βασιλεία</em></strong></span> 
     </span>
     <span class='ocr_line' id='line_1_18' title="bbox 61 1418 1539 1481; baseline 0 -14"><span class='ocrx_word' id='word_1_164' title='bbox 61 1423 130 1480; x_wconf 68' lang='grc' dir='ltr'><strong><em>ἴτη</em></strong></span> <span class='ocrx_word' id='word_1_165' title='bbox 154 1421 266 1481; x_wconf 71' lang='lat' dir='ltr'><em>vqss&#39;.</em></span> <span class='ocrx_word' id='word_1_166' title='bbox 333 1422 555 1465; x_wconf 80' lang='grc' dir='ltr'><strong><em>κάντεῦθεν</em></strong></span> <span class='ocrx_word' id='word_1_167' title='bbox 585 1421 786 1479; x_wconf 77' lang='grc' dir='ltr'><strong><em>ἄρχοντας</em></strong></span> <span class='ocrx_word' id='word_1_168' title='bbox 807 1419 967 1464; x_wconf 74' lang='grc' dir='ltr'><strong><em>δώδεκα</em></strong></span> <span class='ocrx_word' id='word_1_169' title='bbox 988 1421 1290 1479; x_wconf 80' lang='grc' dir='ltr'><strong><em>προεβάλλοντο</em></strong></span> <span class='ocrx_word' id='word_1_170' title='bbox 1303 1456 1316 1475; x_wconf 84' lang='grc'>,</span> <span class='ocrx_word' id='word_1_171' title='bbox 1354 1423 1415 1466; x_wconf 75' lang='grc' dir='ltr'><strong>δι’</strong></span> <span class='ocrx_word' id='word_1_172' title='bbox 1437 1418 1494 1467; x_wconf 74' lang='grc' dir='ltr'><strong><em>ὧν</em></strong></span> <span class='ocrx_word' id='word_1_173' title='bbox 1511 1422 1539 1480; x_wconf 77' lang='grc' dir='ltr'><strong><em>ἦ</em></strong></span> 
     </span>
     <span class='ocr_line' id='line_1_19' title="bbox 61 1487 1590 1550; baseline -0.001 -13"><span class='ocrx_word' id='word_1_174' title='bbox 61 1493 157 1537; x_wconf 72' lang='grc' dir='ltr'><strong><em>κατ’</em></strong></span> <span class='ocrx_word' id='word_1_175' title='bbox 180 1491 330 1543; x_wconf 74' lang='grc' dir='ltr'><strong><em>αὐτοὺς</em></strong></span> <span class='ocrx_word' id='word_1_176' title='bbox 351 1487 634 1550; x_wconf 79' lang='grc' dir='ltr'><strong><em>διῳκονομεῖτο</em></strong></span> <span class='ocrx_word' id='word_1_177' title='bbox 655 1492 849 1534; x_wconf 83' lang='grc' dir='ltr'><strong><em>πολιτεία.</em></strong></span> <span class='ocrx_word' id='word_1_178' title='bbox 896 1491 938 1533; x_wconf 79' lang='grc' dir='ltr'><strong><em>ἒν</em></strong></span> <span class='ocrx_word' id='word_1_179' title='bbox 956 1489 1115 1543; x_wconf 82' lang='grc' dir='ltr'><strong><em>τούτοις</em></strong></span> <span class='ocrx_word' id='word_1_180' title='bbox 1134 1499 1220 1543; x_wconf 85' lang='grc' dir='ltr'><strong><em>τοῖς</em></strong></span> <span class='ocrx_word' id='word_1_181' title='bbox 1232 1491 1431 1549; x_wconf 76' lang='grc' dir='ltr'><strong><em>ἄρχουσιν</em></strong></span> <span class='ocrx_word' id='word_1_182' title='bbox 1447 1495 1536 1536; x_wconf 78' lang='grc' dir='ltr'><strong><em>ἔνο-</em></strong></span> <span class='ocrx_word' id='word_1_183' title='bbox 1558 1500 1590 1536; x_wconf 89' lang='lat' dir='ltr'>D</span> 
     </span>
     <span class='ocr_line' id='line_1_20' title="bbox 60 1557 1541 1619; baseline 0 -13"><span class='ocrx_word' id='word_1_184' title='bbox 60 1563 228 1619; x_wconf 80' lang='grc' dir='ltr'><strong><em>μοθέτει</em></strong></span> <span class='ocrx_word' id='word_1_185' title='bbox 243 1561 491 1617; x_wconf 70' lang='grc' dir='ltr'><strong><em>Ἀθηναίων</em></strong></span> <span class='ocrx_word' id='word_1_186' title='bbox 510 1564 671 1619; x_wconf 83' lang='grc' dir='ltr'><strong><em>πρῶτος</em></strong></span> <span class='ocrx_word' id='word_1_187' title='bbox 686 1558 868 1617; x_wconf 85' lang='grc' dir='ltr'><strong><em>Δράκων</em></strong></span> <span class='ocrx_word' id='word_1_188' title='bbox 884 1557 1066 1614; x_wconf 79' lang='grc' dir='ltr'><strong><em>ὀνόματι.</em></strong></span> <span class='ocrx_word' id='word_1_189' title='bbox 1135 1561 1227 1615; x_wconf 76' lang='grc' dir='ltr'><strong><em>μετ’</em></strong></span> <span class='ocrx_word' id='word_1_190' title='bbox 1249 1561 1374 1604; x_wconf 68' lang='grc' dir='ltr'><strong><em>αὐτὸν</em></strong></span> <span class='ocrx_word' id='word_1_191' title='bbox 1396 1563 1441 1605; x_wconf 82' lang='grc' dir='ltr'><strong>δὲ</strong></span> <span class='ocrx_word' id='word_1_192' title='bbox 1457 1562 1541 1606; x_wconf 84' lang='grc' dir='ltr'><strong>Σό-</strong></span> 
     </span>
     <span class='ocr_line' id='line_1_21' title="bbox 5 1627 1541 1689; baseline -0.001 -13"><span class='ocrx_word' id='word_1_193' title='bbox 5 1637 145 1680; x_wconf 70' lang='grc' dir='ltr'><strong><em>Ξολων</em></strong></span> <span class='ocrx_word' id='word_1_194' title='bbox 159 1636 234 1676; x_wconf 77' lang='grc' dir='ltr'><strong><em>τοῦ</em></strong></span> <span class='ocrx_word' id='word_1_195' title='bbox 251 1629 491 1689; x_wconf 81' lang='grc' dir='ltr'><strong><em>Δράκοντος</em></strong></span> <span class='ocrx_word' id='word_1_196' title='bbox 507 1630 605 1680; x_wconf 77' lang='grc' dir='ltr'><strong><em>τοὺς</em></strong></span> <span class='ocrx_word' id='word_1_197' title='bbox 622 1627 773 1684; x_wconf 86' lang='grc' dir='ltr'><strong><em>νόμους</em></strong></span> <span class='ocrx_word' id='word_1_198' title='bbox 793 1629 945 1683; x_wconf 73' lang='grc' dir='ltr'><strong><em>ἤθε’τει.</em></strong></span> <span class='ocrx_word' id='word_1_199' title='bbox 1015 1627 1099 1672; x_wconf 79' lang='grc' dir='ltr'><strong><em>εἶτα</em></strong></span> <span class='ocrx_word' id='word_1_200' title='bbox 1121 1629 1264 1686; x_wconf 82' lang='grc' dir='ltr'><strong><em>Θάλης</em></strong></span> <span class='ocrx_word' id='word_1_201' title='bbox 1287 1628 1308 1672; x_wconf 84' lang='grc' dir='ltr'><strong><em>ὃ</em></strong></span> <span class='ocrx_word' id='word_1_202' title='bbox 1329 1630 1541 1687; x_wconf 81' lang='grc' dir='ltr'><strong><em>Μιλήσιος</em></strong></span> 
     </span>
     <span class='ocr_line' id='line_1_22' title="bbox 48 1696 1543 1758; baseline -0.001 -12"><span class='ocrx_word' id='word_1_203' title='bbox 48 1702 343 1758; x_wconf 55' lang='grc' dir='ltr'><strong><em>,ἓθεσμοθέτεα</em></strong></span> <span class='ocrx_word' id='word_1_204' title='bbox 363 1702 433 1743; x_wconf 87' lang='grc' dir='ltr'><strong>καὶ</strong></span> <span class='ocrx_word' id='word_1_205' title='bbox 450 1698 573 1742; x_wconf 79' lang='grc' dir='ltr'><strong><em>πάλιν</em></strong></span> <span class='ocrx_word' id='word_1_206' title='bbox 582 1697 795 1753; x_wconf 76' lang='grc' dir='ltr'><strong><em>Λῗσχύλος</em></strong></span> <span class='ocrx_word' id='word_1_207' title='bbox 811 1696 1068 1755; x_wconf 82' lang='grc' dir='ltr'><strong><em>τυραννήσας</em></strong></span> <span class='ocrx_word' id='word_1_208' title='bbox 1086 1698 1174 1750; x_wconf 67' lang='grc' dir='ltr'><strong><em>ἔτος</em></strong></span> <span class='ocrx_word' id='word_1_209' title='bbox 1190 1697 1234 1742; x_wconf 63' lang='grc' dir='ltr'><strong><em>(ἐν</em></strong></span> <span class='ocrx_word' id='word_1_210' title='bbox 1252 1702 1320 1742; x_wconf 82' lang='grc' dir='ltr'><strong>καὶ</strong></span> <span class='ocrx_word' id='word_1_211' title='bbox 1341 1704 1474 1756; x_wconf 85' lang='grc' dir='ltr'><strong><em>μῆνας</em></strong></span> <span class='ocrx_word' id='word_1_212' title='bbox 1493 1699 1543 1754; x_wconf 77' lang='grc' dir='ltr'><strong>ζ’.</strong></span> 
     </span>
     <span class='ocr_line' id='line_1_23' title="bbox 61 1763 1539 1828; baseline -0.001 -12"><span class='ocrx_word' id='word_1_213' title='bbox 61 1773 163 1828; x_wconf 79' lang='grc' dir='ltr'><strong><em>μεθ’</em></strong></span> <span class='ocrx_word' id='word_1_214' title='bbox 186 1770 232 1815; x_wconf 80' lang='grc' dir='ltr'><strong><em>ὃν</em></strong></span> <span class='ocrx_word' id='word_1_215' title='bbox 242 1768 521 1826; x_wconf 80' lang='grc' dir='ltr'><strong><em>Ἀλκιβιάδης</em></strong></span> <span class='ocrx_word' id='word_1_216' title='bbox 538 1768 606 1825; x_wconf 67' lang='grc' dir='ltr'><strong><em>ἔτη</em></strong></span> <span class='ocrx_word' id='word_1_217' title='bbox 629 1767 727 1822; x_wconf 82' lang='grc' dir='ltr'><strong><em>δύο,</em></strong></span> <span class='ocrx_word' id='word_1_218' title='bbox 762 1765 849 1812; x_wconf 77' lang='grc' dir='ltr'><strong><em>εἶτα</em></strong></span> <span class='ocrx_word' id='word_1_219' title='bbox 870 1767 986 1812; x_wconf 78' lang='grc' dir='ltr'><strong><em>ἄλλοι</em></strong></span> <span class='ocrx_word' id='word_1_220' title='bbox 1010 1767 1078 1825; x_wconf 82' lang='grc' dir='ltr'><strong>ιη’,</strong></span> <span class='ocrx_word' id='word_1_221' title='bbox 1104 1771 1171 1813; x_wconf 81' lang='grc' dir='ltr'><strong>καὶ</strong></span> <span class='ocrx_word' id='word_1_222' title='bbox 1197 1763 1364 1826; x_wconf 74' lang='grc' dir='ltr'><strong><em>αὖθιςῆ</em></strong></span> <span class='ocrx_word' id='word_1_223' title='bbox 1386 1769 1539 1815; x_wconf 79' lang='grc' dir='ltr'><strong><em>τούτων</em></strong></span> 
     </span>
    </p>
   </div>
   <div class='ocr_carea' id='block_1_3' title="bbox 156 1898 319 1940">
    <p class='ocr_par' dir='ltr' id='par_1_3' title="bbox 156 1898 319 1940">
     <span class='ocr_line' id='line_1_24' title="bbox 156 1898 319 1940; baseline -0.018 0"><span class='ocrx_word' id='word_1_224' title='bbox 156 1903 202 1940; x_wconf 83' lang='grc'><strong>14</strong></span> <span class='ocrx_word' id='word_1_225' title='bbox 223 1898 286 1940; x_wconf 78' lang='grc' dir='ltr'><strong><em>ὅτε</em></strong></span> <span class='ocrx_word' id='word_1_226' title='bbox 297 1901 319 1938; x_wconf 76' lang='grc'><em>2</em></span> 
     </span>
    </p>
   </div>
   <div class='ocr_carea' id='block_1_4' title="bbox 29 2014 1551 2947">
    <p class='ocr_par' dir='ltr' id='par_1_4' title="bbox 29 2014 1551 2947">
     <span class='ocr_line' id='line_1_25' title="bbox 60 2014 1541 2065; baseline -0.002 -10"><span class='ocrx_word' id='word_1_227' title='bbox 60 2022 214 2055; x_wconf 71' lang='lat' dir='ltr'><strong>stantem</strong></span> <span class='ocrx_word' id='word_1_228' title='bbox 241 2018 427 2065; x_wconf 81' lang='lat' dir='ltr'><strong>dixerunt,</strong></span> <span class='ocrx_word' id='word_1_229' title='bbox 461 2017 540 2054; x_wconf 83' lang='lat' dir='ltr'><strong>sive</strong></span> <span class='ocrx_word' id='word_1_230' title='bbox 564 2018 610 2054; x_wconf 91' lang='lat' dir='ltr'><strong>ob</strong></span> <span class='ocrx_word' id='word_1_231' title='bbox 635 2017 795 2064; x_wconf 85' lang='lat' dir='ltr'><strong>corporis</strong></span> <span class='ocrx_word' id='word_1_232' title='bbox 816 2016 1087 2064; x_wconf 75' lang='lat' dir='ltr'><strong>proceritatem,</strong></span> <span class='ocrx_word' id='word_1_233' title='bbox 1124 2015 1201 2052; x_wconf 84' lang='lat' dir='ltr'><strong>sive</strong></span> <span class='ocrx_word' id='word_1_234' title='bbox 1227 2014 1322 2062; x_wconf 89' lang='lat' dir='ltr'><strong>quod</strong></span> <span class='ocrx_word' id='word_1_235' title='bbox 1343 2014 1541 2062; x_wconf 84' lang='lat' dir='ltr'><strong>Aegyptius</strong></span> 
     </span>
     <span class='ocr_line' id='line_1_26' title="bbox 61 2062 1543 2113; baseline -0.003 -13"><span class='ocrx_word' id='word_1_236' title='bbox 61 2066 181 2113; x_wconf 83' lang='lat' dir='ltr'><strong>patria</strong></span> <span class='ocrx_word' id='word_1_237' title='bbox 212 2070 398 2112; x_wconf 86' lang='lat' dir='ltr'><strong>utramque</strong></span> <span class='ocrx_word' id='word_1_238' title='bbox 431 2064 586 2110; x_wconf 84' lang='lat' dir='ltr'>linguam</span> <span class='ocrx_word' id='word_1_239' title='bbox 619 2065 776 2100; x_wconf 82' lang='lat' dir='ltr'><strong>calleret.</strong></span> <span class='ocrx_word' id='word_1_240' title='bbox 833 2065 865 2100; x_wconf 87' lang='lat' dir='ltr'><strong>is</strong></span> <span class='ocrx_word' id='word_1_241' title='bbox 898 2070 981 2112; x_wconf 83' lang='lat' dir='ltr'><strong>post</strong></span> <span class='ocrx_word' id='word_1_242' title='bbox 1012 2063 1179 2098; x_wconf 83' lang='lat' dir='ltr'><strong>diluvium</strong></span> <span class='ocrx_word' id='word_1_243' title='bbox 1211 2062 1366 2098; x_wconf 87' lang='lat' dir='ltr'><strong>Atticum</strong></span> <span class='ocrx_word' id='word_1_244' title='bbox 1394 2062 1543 2097; x_wconf 75' lang='lat' dir='ltr'>Athenis</span> 
     </span>
     <span class='ocr_line' id='line_1_27' title="bbox 61 2108 1543 2157; baseline -0.003 -10"><span class='ocrx_word' id='word_1_245' title='bbox 61 2111 229 2157; x_wconf 81' lang='lat' dir='ltr'><strong>regnavit</strong></span> <span class='ocrx_word' id='word_1_246' title='bbox 250 2124 360 2147; x_wconf 90' lang='lat' dir='ltr'><strong>annos</strong></span> <span class='ocrx_word' id='word_1_247' title='bbox 385 2111 449 2156; x_wconf 78' lang='lat'><strong>50,</strong></span> <span class='ocrx_word' id='word_1_248' title='bbox 478 2113 670 2157; x_wconf 84' lang='lat' dir='ltr'>urbemque</span> <span class='ocrx_word' id='word_1_249' title='bbox 690 2112 846 2147; x_wconf 83' lang='lat' dir='ltr'><strong>Athenas</strong></span> <span class='ocrx_word' id='word_1_250' title='bbox 870 2123 892 2146; x_wconf 82' lang='lat' dir='ltr'><strong>a</strong></span> <span class='ocrx_word' id='word_1_251' title='bbox 914 2112 1098 2147; x_wconf 88' lang='lat' dir='ltr'><strong>Minervae</strong></span> <span class='ocrx_word' id='word_1_252' title='bbox 1123 2111 1264 2144; x_wconf 87' lang='lat' dir='ltr'><strong>Graeco</strong></span> <span class='ocrx_word' id='word_1_253' title='bbox 1291 2108 1431 2143; x_wconf 88' lang='lat' dir='ltr'><strong>nomine</strong></span> <span class='ocrx_word' id='word_1_254' title='bbox 1452 2121 1543 2143; x_wconf 88' lang='lat' dir='ltr'><strong>nun—</strong></span> 
     </span>
     <span class='ocr_line' id='line_1_28' title="bbox 29 2154 1543 2205; baseline -0.003 -12"><span class='ocrx_word' id='word_1_255' title='bbox 29 2180 36 2186; x_wconf 81' lang='lat'><strong>·</strong></span> <span class='ocrx_word' id='word_1_256' title='bbox 63 2159 222 2205; x_wconf 84' lang='lat' dir='ltr'><strong>cupavit.</strong></span> <span class='ocrx_word' id='word_1_257' title='bbox 272 2170 314 2193; x_wconf 89' lang='lat' dir='ltr'><strong>eo</strong></span> <span class='ocrx_word' id='word_1_258' title='bbox 347 2163 521 2203; x_wconf 81' lang='lat' dir='ltr'><strong>regnante</strong></span> <span class='ocrx_word' id='word_1_259' title='bbox 555 2158 704 2204; x_wconf 86' lang='lat' dir='ltr'><strong>primum</strong></span> <span class='ocrx_word' id='word_1_260' title='bbox 732 2158 771 2192; x_wconf 91' lang='lat' dir='ltr'><strong>in</strong></span> <span class='ocrx_word' id='word_1_261' title='bbox 803 2170 886 2192; x_wconf 87' lang='lat' dir='ltr'><strong>arce</strong></span> <span class='ocrx_word' id='word_1_262' title='bbox 910 2158 989 2193; x_wconf 86' lang='lat' dir='ltr'><strong>olea</strong></span> <span class='ocrx_word' id='word_1_263' title='bbox 1013 2162 1069 2192; x_wconf 85' lang='lat' dir='ltr'><strong>est</strong></span> <span class='ocrx_word' id='word_1_264' title='bbox 1098 2161 1215 2191; x_wconf 80' lang='lat' dir='ltr'><strong>enata.</strong></span> <span class='ocrx_word' id='word_1_265' title='bbox 1263 2156 1307 2190; x_wconf 87' lang='lat' dir='ltr'><strong>ab</strong></span> <span class='ocrx_word' id='word_1_266' title='bbox 1334 2154 1413 2200; x_wconf 88' lang='lat' dir='ltr'><strong>ipso</strong></span> <span class='ocrx_word' id='word_1_267' title='bbox 1441 2154 1543 2200; x_wconf 83' lang='lat' dir='ltr'><strong>regio</strong></span> 
     </span>
     <span class='ocr_line' id='line_1_29' title="bbox 62 2202 1545 2250; baseline -0.004 -10"><span class='ocrx_word' id='word_1_268' title='bbox 62 2205 241 2250; x_wconf 86' lang='lat' dir='ltr'><strong>Cecropia</strong></span> <span class='ocrx_word' id='word_1_269' title='bbox 258 2210 315 2239; x_wconf 86' lang='lat' dir='ltr'><strong>est</strong></span> <span class='ocrx_word' id='word_1_270' title='bbox 331 2203 521 2250; x_wconf 85' lang='lat' dir='ltr'><strong>appellata.</strong></span> <span class='ocrx_word' id='word_1_271' title='bbox 569 2204 601 2239; x_wconf 88' lang='lat' dir='ltr'><strong>is</strong></span> <span class='ocrx_word' id='word_1_272' title='bbox 624 2204 757 2250; x_wconf 86' lang='lat' dir='ltr'><strong>primus</strong></span> <span class='ocrx_word' id='word_1_273' title='bbox 779 2205 906 2239; x_wconf 89' lang='lat' dir='ltr'><strong>bovem</strong></span> <span class='ocrx_word' id='word_1_274' title='bbox 930 2204 1120 2239; x_wconf 83' lang='lat' dir='ltr'>admiratus</span> <span class='ocrx_word' id='word_1_275' title='bbox 1144 2207 1198 2236; x_wconf 90' lang='lat' dir='ltr'><strong>est</strong></span> <span class='ocrx_word' id='word_1_276' title='bbox 1217 2205 1255 2236; x_wconf 84' lang='lat' dir='ltr'><strong>et</strong></span> <span class='ocrx_word' id='word_1_277' title='bbox 1269 2202 1391 2236; x_wconf 83' lang='lat' dir='ltr'><strong>Iovem</strong></span> <span class='ocrx_word' id='word_1_278' title='bbox 1410 2212 1545 2246; x_wconf 84' lang='lat' dir='ltr'><strong>cogno-</strong></span> 
     </span>
     <span class='ocr_line' id='line_1_30' title="bbox 62 2246 1544 2297; baseline -0.003 -11"><span class='ocrx_word' id='word_1_279' title='bbox 62 2252 225 2286; x_wconf 87' lang='lat' dir='ltr'><strong>minavit.</strong></span> <span class='ocrx_word' id='word_1_280' title='bbox 275 2251 353 2286; x_wconf 87' lang='lat' dir='ltr'><strong>eius</strong></span> <span class='ocrx_word' id='word_1_281' title='bbox 375 2253 584 2297; x_wconf 84' lang='lat' dir='ltr'><strong>tempestate</strong></span> <span class='ocrx_word' id='word_1_282' title='bbox 606 2251 726 2286; x_wconf 81' lang='lat' dir='ltr'><strong>fanum</strong></span> <span class='ocrx_word' id='word_1_283' title='bbox 748 2251 922 2297; x_wconf 81' lang='lat' dir='ltr'><strong>Apollinis</strong></span> <span class='ocrx_word' id='word_1_284' title='bbox 946 2250 1042 2285; x_wconf 91' lang='lat' dir='ltr'><strong>Delii</strong></span> <span class='ocrx_word' id='word_1_285' title='bbox 1071 2249 1108 2283; x_wconf 89' lang='lat' dir='ltr'><strong>in</strong></span> <span class='ocrx_word' id='word_1_286' title='bbox 1131 2247 1246 2283; x_wconf 87' lang='lat' dir='ltr'><strong>insula</strong></span> <span class='ocrx_word' id='word_1_287' title='bbox 1275 2246 1365 2282; x_wconf 91' lang='lat' dir='ltr'><strong>Delo</strong></span> <span class='ocrx_word' id='word_1_288' title='bbox 1389 2247 1544 2293; x_wconf 83' lang='lat' dir='ltr'><strong>positum</strong></span> 
     </span>
     <span class='ocr_line' id='line_1_31' title="bbox 63 2293 1545 2343; baseline -0.004 -10"><span class='ocrx_word' id='word_1_289' title='bbox 63 2304 120 2333; x_wconf 86' lang='lat' dir='ltr'><strong>est</strong></span> <span class='ocrx_word' id='word_1_290' title='bbox 152 2298 196 2332; x_wconf 85' lang='lat' dir='ltr'><strong>ab</strong></span> <span class='ocrx_word' id='word_1_291' title='bbox 229 2297 466 2332; x_wconf 84' lang='lat' dir='ltr'><strong>Erichthonio</strong></span> <span class='ocrx_word' id='word_1_292' title='bbox 498 2297 668 2343; x_wconf 86' lang='lat' dir='ltr'><strong>Cecropis</strong></span> <span class='ocrx_word' id='word_1_293' title='bbox 697 2298 743 2332; x_wconf 76' lang='lat' dir='ltr'><strong>F.</strong></span> <span class='ocrx_word' id='word_1_294' title='bbox 791 2297 823 2332; x_wconf 90' lang='lat' dir='ltr'><strong>is</strong></span> <span class='ocrx_word' id='word_1_295' title='bbox 846 2298 960 2343; x_wconf 85' lang='lat' dir='ltr'><strong>legem</strong></span> <span class='ocrx_word' id='word_1_296' title='bbox 991 2296 1073 2331; x_wconf 86' lang='lat' dir='ltr'><strong>tulit</strong></span> <span class='ocrx_word' id='word_1_297' title='bbox 1094 2295 1148 2330; x_wconf 87' lang='lat' dir='ltr'><strong>uti</strong></span> <span class='ocrx_word' id='word_1_298' title='bbox 1170 2293 1328 2339; x_wconf 85' lang='lat' dir='ltr'><strong>virgines</strong></span> <span class='ocrx_word' id='word_1_299' title='bbox 1352 2293 1415 2327; x_wconf 90' lang='lat' dir='ltr'><strong>uni</strong></span> <span class='ocrx_word' id='word_1_300' title='bbox 1438 2293 1545 2328; x_wconf 85' lang='lat' dir='ltr'><strong>alicui</strong></span> 
     </span>
     <span class='ocr_line' id='line_1_32' title="bbox 62 2338 1543 2389; baseline -0.004 -9"><span class='ocrx_word' id='word_1_301' title='bbox 62 2344 143 2380; x_wconf 83' lang='lat' dir='ltr'><strong>viro</strong></span> <span class='ocrx_word' id='word_1_302' title='bbox 161 2342 294 2378; x_wconf 87' lang='lat' dir='ltr'><strong>volenti</strong></span> <span class='ocrx_word' id='word_1_303' title='bbox 312 2344 507 2389; x_wconf 82' lang='lat' dir='ltr'><strong>nuberent,</strong></span> <span class='ocrx_word' id='word_1_304' title='bbox 530 2355 646 2389; x_wconf 87' lang='lat' dir='ltr'><strong>neque</strong></span> <span class='ocrx_word' id='word_1_305' title='bbox 668 2356 710 2378; x_wconf 87' lang='lat' dir='ltr'><strong>eo</strong></span> <span class='ocrx_word' id='word_1_306' title='bbox 730 2343 815 2378; x_wconf 85' lang='lat' dir='ltr'><strong>vivo</strong></span> <span class='ocrx_word' id='word_1_307' title='bbox 836 2356 910 2378; x_wconf 92' lang='lat' dir='ltr'><strong>rem</strong></span> <span class='ocrx_word' id='word_1_308' title='bbox 931 2355 1008 2379; x_wconf 89' lang='lat' dir='ltr'><strong>cum</strong></span> <span class='ocrx_word' id='word_1_309' title='bbox 1025 2342 1096 2377; x_wconf 90' lang='lat' dir='ltr'><strong>ullo</strong></span> <span class='ocrx_word' id='word_1_310' title='bbox 1115 2341 1184 2376; x_wconf 82' lang='lat' dir='ltr'><strong>alio</strong></span> <span class='ocrx_word' id='word_1_311' title='bbox 1203 2341 1387 2375; x_wconf 84' lang='lat' dir='ltr'><strong>habereut.</strong></span> <span class='ocrx_word' id='word_1_312' title='bbox 1421 2338 1543 2374; x_wconf 81' lang='lat' dir='ltr'><strong>hacte-</strong></span> 
     </span>
     <span class='ocr_line' id='line_1_33' title="bbox 62 2385 1545 2436; baseline -0.003 -10"><span class='ocrx_word' id='word_1_313' title='bbox 62 2401 130 2426; x_wconf 88' lang='lat' dir='ltr'><strong>nus</strong></span> <span class='ocrx_word' id='word_1_314' title='bbox 162 2390 255 2425; x_wconf 89' lang='lat' dir='ltr'><strong>enim</strong></span> <span class='ocrx_word' id='word_1_315' title='bbox 283 2390 483 2436; x_wconf 89' lang='lat' dir='ltr'><strong>promiscuo</strong></span> <span class='ocrx_word' id='word_1_316' title='bbox 513 2389 701 2425; x_wconf 87' lang='lat' dir='ltr'><strong>concubitu</strong></span> <span class='ocrx_word' id='word_1_317' title='bbox 724 2390 779 2425; x_wconf 88' lang='lat' dir='ltr'><strong>usi</strong></span> <span class='ocrx_word' id='word_1_318' title='bbox 801 2391 961 2434; x_wconf 83' lang='lat' dir='ltr'><strong>fuerant,</strong></span> <span class='ocrx_word' id='word_1_319' title='bbox 995 2388 1142 2424; x_wconf 86' lang='lat' dir='ltr'><strong>arbitrio</strong></span> <span class='ocrx_word' id='word_1_320' title='bbox 1166 2398 1229 2422; x_wconf 89' lang='lat' dir='ltr'><strong>suo</strong></span> <span class='ocrx_word' id='word_1_321' title='bbox 1252 2386 1347 2421; x_wconf 89' lang='lat' dir='ltr'><strong>inter</strong></span> <span class='ocrx_word' id='word_1_322' title='bbox 1369 2396 1409 2420; x_wconf 84' lang='lat' dir='ltr'><strong>se</strong></span> <span class='ocrx_word' id='word_1_323' title='bbox 1432 2385 1545 2421; x_wconf 80' lang='lat' dir='ltr'><strong>iuncti</strong></span> 
     </span>
     <span class='ocr_line' id='line_1_34' title="bbox 62 2431 1544 2487; baseline -0.004 -16"><span class='ocrx_word' id='word_1_324' title='bbox 62 2448 257 2482; x_wconf 80' lang='lat' dir='ltr'><strong>rursusque</strong></span> <span class='ocrx_word' id='word_1_325' title='bbox 282 2436 458 2487; x_wconf 81' lang='lat' dir='ltr'><strong>separati3</strong></span> <span class='ocrx_word' id='word_1_326' title='bbox 493 2447 563 2481; x_wconf 92' lang='lat' dir='ltr'><strong>quo</strong></span> <span class='ocrx_word' id='word_1_327' title='bbox 593 2437 724 2471; x_wconf 81' lang='lat' dir='ltr'><strong>factum</strong></span> <span class='ocrx_word' id='word_1_328' title='bbox 749 2442 804 2471; x_wconf 90' lang='lat' dir='ltr'><strong>est</strong></span> <span class='ocrx_word' id='word_1_329' title='bbox 828 2443 867 2471; x_wconf 87' lang='lat' dir='ltr'><strong>ut</strong></span> <span class='ocrx_word' id='word_1_330' title='bbox 889 2448 990 2471; x_wconf 89' lang='lat' dir='ltr'><strong>nemo</strong></span> <span class='ocrx_word' id='word_1_331' title='bbox 1013 2441 1148 2481; x_wconf 85' lang='lat' dir='ltr'><strong>patrem</strong></span> <span class='ocrx_word' id='word_1_332' title='bbox 1172 2444 1271 2468; x_wconf 88' lang='lat' dir='ltr'><strong>suum</strong></span> <span class='ocrx_word' id='word_1_333' title='bbox 1294 2431 1387 2467; x_wconf 90' lang='lat' dir='ltr'><strong>scire</strong></span> <span class='ocrx_word' id='word_1_334' title='bbox 1409 2437 1544 2478; x_wconf 85' lang='lat' dir='ltr'><strong>posset,</strong></span> 
     </span>
     <span class='ocr_line' id='line_1_35' title="bbox 63 2477 1546 2530; baseline -0.004 -12"><span class='ocrx_word' id='word_1_335' title='bbox 63 2483 206 2530; x_wconf 85' lang='lat' dir='ltr'><strong>pecoris</strong></span> <span class='ocrx_word' id='word_1_336' title='bbox 235 2483 350 2517; x_wconf 79' lang='lat' dir='ltr'><strong>instar</strong></span> <span class='ocrx_word' id='word_1_337' title='bbox 379 2481 519 2528; x_wconf 88' lang='lat' dir='ltr'><strong>spurios</strong></span> <span class='ocrx_word' id='word_1_338' title='bbox 552 2483 819 2527; x_wconf 84' lang='lat' dir='ltr'><strong>procreantibus</strong></span> <span class='ocrx_word' id='word_1_339' title='bbox 851 2483 1061 2518; x_wconf 88' lang='lat' dir='ltr'><strong>hominibus.</strong></span> <span class='ocrx_word' id='word_1_340' title='bbox 1121 2491 1194 2515; x_wconf 91' lang='lat' dir='ltr'><strong>eam</strong></span> <span class='ocrx_word' id='word_1_341' title='bbox 1225 2491 1299 2514; x_wconf 87' lang='lat' dir='ltr'><strong>rem</strong></span> <span class='ocrx_word' id='word_1_342' title='bbox 1322 2477 1382 2513; x_wconf 90' lang='lat' dir='ltr'><strong>ille</strong></span> <span class='ocrx_word' id='word_1_343' title='bbox 1404 2489 1546 2513; x_wconf 79' lang='lat' dir='ltr'><strong>causam</strong></span> 
     </span>
     <span class='ocr_line' id='line_1_36' title="bbox 65 2525 1545 2575; baseline -0.003 -11"><span class='ocrx_word' id='word_1_344' title='bbox 65 2529 200 2564; x_wconf 88' lang='lat' dir='ltr'><strong>diluvio</strong></span> <span class='ocrx_word' id='word_1_345' title='bbox 233 2529 440 2575; x_wconf 85' lang='lat' dir='ltr'><strong>praebuisse</strong></span> <span class='ocrx_word' id='word_1_346' title='bbox 472 2528 626 2564; x_wconf 87' lang='lat' dir='ltr'><strong>dicebat.</strong></span> <span class='ocrx_word' id='word_1_347' title='bbox 673 2535 756 2574; x_wconf 85' lang='lat' dir='ltr'><strong>post</strong></span> <span class='ocrx_word' id='word_1_348' title='bbox 779 2530 871 2565; x_wconf 90' lang='lat' dir='ltr'><strong>hunc</strong></span> <span class='ocrx_word' id='word_1_349' title='bbox 895 2530 1054 2564; x_wconf 88' lang='lat' dir='ltr'><strong>Cranaus</strong></span> <span class='ocrx_word' id='word_1_350' title='bbox 1078 2526 1243 2571; x_wconf 82' lang='lat' dir='ltr'><strong>regnavit</strong></span> <span class='ocrx_word' id='word_1_351' title='bbox 1264 2536 1373 2560; x_wconf 82' lang='lat' dir='ltr'><strong>anuos</strong></span> <span class='ocrx_word' id='word_1_352' title='bbox 1396 2525 1441 2567; x_wconf 82' lang='lat'><strong>93</strong></span> <span class='ocrx_word' id='word_1_353' title='bbox 1474 2535 1545 2571; x_wconf 84' lang='lat' dir='ltr'><strong>quo</strong></span> 
     </span>
     <span class='ocr_line' id='line_1_37' title="bbox 65 2570 1546 2622; baseline -0.004 -11"><span class='ocrx_word' id='word_1_354' title='bbox 65 2582 228 2622; x_wconf 86' lang='lat' dir='ltr'><strong>tempore</strong></span> <span class='ocrx_word' id='word_1_355' title='bbox 242 2575 387 2622; x_wconf 79' lang='lat' dir='ltr'><strong>Sappho</strong></span> <span class='ocrx_word' id='word_1_356' title='bbox 406 2575 515 2619; x_wconf 81' lang='lat' dir='ltr'><strong>vixit,</strong></span> <span class='ocrx_word' id='word_1_357' title='bbox 541 2586 632 2620; x_wconf 87' lang='lat' dir='ltr'><strong>quae</strong></span> <span class='ocrx_word' id='word_1_358' title='bbox 647 2576 760 2620; x_wconf 88' lang='lat' dir='ltr'><strong>prima</strong></span> <span class='ocrx_word' id='word_1_359' title='bbox 775 2575 953 2611; x_wconf 84' lang='lat' dir='ltr'><strong>Musarum</strong></span> <span class='ocrx_word' id='word_1_360' title='bbox 974 2575 1069 2609; x_wconf 89' lang='lat' dir='ltr'><strong>dicta</strong></span> <span class='ocrx_word' id='word_1_361' title='bbox 1083 2574 1166 2608; x_wconf 87' lang='lat' dir='ltr'><strong>fuit.</strong></span> <span class='ocrx_word' id='word_1_362' title='bbox 1214 2570 1386 2607; x_wconf 83' lang='lat' dir='ltr'><strong>successit</strong></span> <span class='ocrx_word' id='word_1_363' title='bbox 1404 2571 1546 2606; x_wconf 81' lang='lat' dir='ltr'><strong>Cranao</strong></span> 
     </span>
     <span class='ocr_line' id='line_1_38' title="bbox 66 2618 1546 2668; baseline -0.003 -11"><span class='ocrx_word' id='word_1_364' title='bbox 66 2623 269 2667; x_wconf 89' lang='lat' dir='ltr'><strong>Phorneus,</strong></span> <span class='ocrx_word' id='word_1_365' title='bbox 293 2622 425 2668; x_wconf 87' lang='lat' dir='ltr'><strong>aliique</strong></span> <span class='ocrx_word' id='word_1_366' title='bbox 448 2622 617 2667; x_wconf 80' lang='lat' dir='ltr'><strong>deinceps</strong></span> <span class='ocrx_word' id='word_1_367' title='bbox 636 2633 748 2667; x_wconf 89' lang='lat' dir='ltr'><strong>usque</strong></span> <span class='ocrx_word' id='word_1_368' title='bbox 767 2623 812 2657; x_wconf 88' lang='lat' dir='ltr'><strong>ad</strong></span> <span class='ocrx_word' id='word_1_369' title='bbox 831 2623 1005 2665; x_wconf 89' lang='lat' dir='ltr'><strong>Codrum,</strong></span> <span class='ocrx_word' id='word_1_370' title='bbox 1028 2619 1089 2666; x_wconf 85' lang='lat' dir='ltr'><strong>qui</strong></span> <span class='ocrx_word' id='word_1_371' title='bbox 1111 2629 1257 2664; x_wconf 84' lang='lat' dir='ltr'><strong>regnum</strong></span> <span class='ocrx_word' id='word_1_372' title='bbox 1279 2630 1346 2665; x_wconf 90' lang='lat' dir='ltr'><strong>per</strong></span> <span class='ocrx_word' id='word_1_373' title='bbox 1367 2629 1478 2653; x_wconf 82' lang='lat' dir='ltr'><strong>anuos</strong></span> <span class='ocrx_word' id='word_1_374' title='bbox 1499 2618 1546 2654; x_wconf 79' lang='lat'><strong>21</strong></span> 
     </span>
     <span class='ocr_line' id='line_1_39' title="bbox 66 2663 1549 2715; baseline -0.003 -12"><span class='ocrx_word' id='word_1_375' title='bbox 66 2669 192 2715; x_wconf 82' lang='lat' dir='ltr'><strong>gessit.</strong></span> <span class='ocrx_word' id='word_1_376' title='bbox 241 2669 384 2703; x_wconf 79' lang='lat' dir='ltr'><strong>duravit</strong></span> <span class='ocrx_word' id='word_1_377' title='bbox 401 2679 545 2713; x_wconf 84' lang='lat' dir='ltr'><strong>regnum</strong></span> <span class='ocrx_word' id='word_1_378' title='bbox 562 2668 778 2703; x_wconf 84' lang='lat' dir='ltr'><strong>Atheniense</strong></span> <span class='ocrx_word' id='word_1_379' title='bbox 795 2680 905 2703; x_wconf 87' lang='lat' dir='ltr'><strong>annos</strong></span> <span class='ocrx_word' id='word_1_380' title='bbox 922 2668 1004 2702; x_wconf 74' lang='lat'><strong>492.</strong></span> <span class='ocrx_word' id='word_1_381' title='bbox 1051 2666 1135 2701; x_wconf 89' lang='lat' dir='ltr'><strong>inde</strong></span> <span class='ocrx_word' id='word_1_382' title='bbox 1158 2676 1232 2699; x_wconf 87' lang='lat' dir='ltr'><strong>rem</strong></span> <span class='ocrx_word' id='word_1_383' title='bbox 1253 2663 1426 2711; x_wconf 86' lang='lat' dir='ltr'><strong>publicam</strong></span> <span class='ocrx_word' id='word_1_384' title='bbox 1449 2674 1549 2699; x_wconf 78' lang='lat' dir='ltr'><strong>suam</strong></span> 
     </span>
     <span class='ocr_line' id='line_1_40' title="bbox 66 2710 1548 2761; baseline -0.003 -11"><span class='ocrx_word' id='word_1_385' title='bbox 66 2714 240 2750; x_wconf 84' lang='lat' dir='ltr'><strong>duodenis</strong></span> <span class='ocrx_word' id='word_1_386' title='bbox 264 2715 484 2761; x_wconf 89' lang='lat' dir='ltr'><strong>principibus</strong></span> <span class='ocrx_word' id='word_1_387' title='bbox 516 2714 823 2750; x_wconf 80' lang='lat' dir='ltr'><strong>administrandam</strong></span> <span class='ocrx_word' id='word_1_388' title='bbox 848 2714 1083 2749; x_wconf 86' lang='lat' dir='ltr'><strong>tradiderunt.</strong></span> <span class='ocrx_word' id='word_1_389' title='bbox 1132 2723 1176 2746; x_wconf 84' lang='lat' dir='ltr'><strong>ex</strong></span> <span class='ocrx_word' id='word_1_390' title='bbox 1198 2711 1254 2745; x_wconf 89' lang='lat' dir='ltr'><strong>his</strong></span> <span class='ocrx_word' id='word_1_391' title='bbox 1279 2710 1409 2757; x_wconf 84' lang='lat' dir='ltr'><strong>primus</strong></span> <span class='ocrx_word' id='word_1_392' title='bbox 1430 2710 1548 2745; x_wconf 81' lang='lat' dir='ltr'><strong>Draco</strong></span> 
     </span>
     <span class='ocr_line' id='line_1_41' title="bbox 67 2757 1551 2808; baseline -0.003 -12"><span class='ocrx_word' id='word_1_393' title='bbox 67 2761 167 2807; x_wconf 82' lang='lat' dir='ltr'><strong>leges</strong></span> <span class='ocrx_word' id='word_1_394' title='bbox 189 2761 466 2796; x_wconf 85' lang='lat' dir='ltr'><strong>Atheniensibus</strong></span> <span class='ocrx_word' id='word_1_395' title='bbox 494 2761 635 2808; x_wconf 90' lang='lat' dir='ltr'><strong>posuit,</strong></span> <span class='ocrx_word' id='word_1_396' title='bbox 671 2772 757 2806; x_wconf 83' lang='lat' dir='ltr'><strong>quas</strong></span> <span class='ocrx_word' id='word_1_397' title='bbox 782 2758 1066 2796; x_wconf 67' lang='lat' dir='ltr'><strong>eius&#39;successor</strong></span> <span class='ocrx_word' id='word_1_398' title='bbox 1089 2758 1196 2792; x_wconf 89' lang='lat' dir='ltr'><strong>Solon</strong></span> <span class='ocrx_word' id='word_1_399' title='bbox 1222 2757 1421 2802; x_wconf 76' lang='lat' dir='ltr'><strong>abrogavit.</strong></span> <span class='ocrx_word' id='word_1_400' title='bbox 1468 2760 1551 2803; x_wconf 84' lang='lat' dir='ltr'><strong>post</strong></span> 
     </span>
     <span class='ocr_line' id='line_1_42' title="bbox 67 2803 1551 2851; baseline -0.005 -8"><span class='ocrx_word' id='word_1_401' title='bbox 67 2808 162 2843; x_wconf 81' lang='lat' dir='ltr'><strong>hunc</strong></span> <span class='ocrx_word' id='word_1_402' title='bbox 192 2807 279 2842; x_wconf 84' lang='lat' dir='ltr'><strong>alias</strong></span> <span class='ocrx_word' id='word_1_403' title='bbox 311 2807 446 2842; x_wconf 85' lang='lat' dir='ltr'><strong>Thales</strong></span> <span class='ocrx_word' id='word_1_404' title='bbox 476 2807 637 2842; x_wconf 88' lang='lat' dir='ltr'><strong>Milesius</strong></span> <span class='ocrx_word' id='word_1_405' title='bbox 667 2807 770 2850; x_wconf 82' lang='lat' dir='ltr'><strong>tulit3</strong></span> <span class='ocrx_word' id='word_1_406' title='bbox 805 2818 1014 2851; x_wconf 86' lang='lat' dir='ltr'><strong>rursumque</strong></span> <span class='ocrx_word' id='word_1_407' title='bbox 1044 2803 1262 2850; x_wconf 81' lang='lat' dir='ltr'><strong>Aeschylus,</strong></span> <span class='ocrx_word' id='word_1_408' title='bbox 1299 2814 1377 2838; x_wconf 87' lang='lat' dir='ltr'><strong>cum</strong></span> <span class='ocrx_word' id='word_1_409' title='bbox 1406 2803 1446 2842; x_wconf 84' lang='lat' dir='ltr'><strong>in</strong></span> <span class='ocrx_word' id='word_1_410' title='bbox 1475 2813 1551 2837; x_wconf 85' lang='lat' dir='ltr'><strong>rem</strong></span> 
     </span>
     <span class='ocr_line' id='line_1_43' title="bbox 67 2849 1550 2902; baseline -0.004 -13"><span class='ocrx_word' id='word_1_411' title='bbox 67 2854 245 2902; x_wconf 84' lang='lat' dir='ltr'><strong>publicam</strong></span> <span class='ocrx_word' id='word_1_412' title='bbox 267 2854 491 2899; x_wconf 76' lang='lat' dir='ltr'><strong>tyrannidem</strong></span> <span class='ocrx_word' id='word_1_413' title='bbox 514 2854 692 2889; x_wconf 86' lang='lat' dir='ltr'><strong>obtineret</strong></span> <span class='ocrx_word' id='word_1_414' title='bbox 714 2866 781 2901; x_wconf 85' lang='lat' dir='ltr'><strong>per</strong></span> <span class='ocrx_word' id='word_1_415' title='bbox 802 2864 929 2888; x_wconf 88' lang='lat' dir='ltr'><strong>annum</strong></span> <span class='ocrx_word' id='word_1_416' title='bbox 955 2864 996 2887; x_wconf 84' lang='lat' dir='ltr'><strong>ac</strong></span> <span class='ocrx_word' id='word_1_417' title='bbox 1018 2853 1041 2888; x_wconf 93' lang='grc'><strong>7</strong></span> <span class='ocrx_word' id='word_1_418' title='bbox 1063 2862 1216 2886; x_wconf 87' lang='lat' dir='ltr'><strong>menses.</strong></span> <span class='ocrx_word' id='word_1_419' title='bbox 1262 2855 1346 2896; x_wconf 86' lang='lat' dir='ltr'><strong>post</strong></span> <span class='ocrx_word' id='word_1_420' title='bbox 1371 2850 1464 2884; x_wconf 84' lang='lat' dir='ltr'><strong>hunc</strong></span> <span class='ocrx_word' id='word_1_421' title='bbox 1488 2849 1550 2883; x_wconf 86' lang='lat' dir='ltr'><strong>Al-</strong></span> 
     </span>
     <span class='ocr_line' id='line_1_44' title="bbox 68 2894 1551 2947; baseline -0.003 -12"><span class='ocrx_word' id='word_1_422' title='bbox 68 2900 226 2936; x_wconf 81' lang='lat' dir='ltr'><strong>cibiades</strong></span> <span class='ocrx_word' id='word_1_423' title='bbox 254 2901 453 2945; x_wconf 85' lang='lat' dir='ltr'><strong>biennium,</strong></span> <span class='ocrx_word' id='word_1_424' title='bbox 488 2900 618 2935; x_wconf 84' lang='lat' dir='ltr'><strong>deinde</strong></span> <span class='ocrx_word' id='word_1_425' title='bbox 647 2899 709 2936; x_wconf 74' lang='lat' dir='ltr'><strong>alii</strong></span> <span class='ocrx_word' id='word_1_426' title='bbox 742 2902 805 2947; x_wconf 84' lang='lat'><strong>18,</strong></span> <span class='ocrx_word' id='word_1_427' title='bbox 839 2909 1033 2944; x_wconf 77' lang='lat' dir='ltr'><strong>rursusque</strong></span> <span class='ocrx_word' id='word_1_428' title='bbox 1063 2897 1186 2934; x_wconf 86' lang='lat' dir='ltr'><strong>horum</strong></span> <span class='ocrx_word' id='word_1_429' title='bbox 1216 2907 1362 2942; x_wconf 81' lang='lat' dir='ltr'><strong>regnum</strong></span> <span class='ocrx_word' id='word_1_430' title='bbox 1384 2894 1551 2932; x_wconf 79' lang='lat' dir='ltr'><strong>abolitum</strong></span> 
     </span>
    </p>
   </div>
   <div class='ocr_carea' id='block_1_5' title="bbox 127 2947 1328 3003">
    <p class='ocr_par' dir='ltr' id='par_1_5' title="bbox 127 2947 1328 3003">
     <span class='ocr_line' id='line_1_45' title="bbox 127 2947 1328 3003; baseline -0.002 -14"><span class='ocrx_word' id='word_1_431' title='bbox 127 2954 261 3003; x_wconf 72' lang='lat' dir='ltr'><strong>Geor-g.</strong></span> <span class='ocrx_word' id='word_1_432' title='bbox 292 2953 466 2992; x_wconf 63' lang='lat' dir='ltr'><strong>cedrenum</strong></span> <span class='ocrx_word' id='word_1_433' title='bbox 492 2958 577 2990; x_wconf 78' lang='lat' dir='ltr'><strong>tom.</strong></span> <span class='ocrx_word' id='word_1_434' title='bbox 606 2953 637 2989; x_wconf 91' lang='grc' dir='ltr'><strong>Ι.</strong></span> <span class='ocrx_word' id='word_1_435' title='bbox 1208 2947 1272 2995; x_wconf 63' lang='lat'><strong>„10</strong></span> <span class='ocrx_word' id='word_1_436' title='bbox 1318 2959 1328 2970; x_wconf 92' lang='grc'>·</span> 
     </span>
    </p>
   </div>
  </div>
 </body>
</html>
