1742 3184
212 185 315 235 496
577 199 580 202 ·
669 187 933 234 ῐθΕΟΙίΘΙΙ
963 186 1208 234 CEDRENI

212 298 263 360 ἦν
279 301 462 360 λέγοντος
484 303 752 360 οἲκοδομῆσαι
772 307 822 360 τῇ
844 299 1029 362 θεοτόκῳ
1050 298 1166 345 πόλιν
1184 302 1226 345 ἓν
1242 295 1277 362 ᾧ
1295 298 1406 362 τόπῳ
1429 299 1553 353 αὐτὸς
1577 300 1680 345 ὓπο-

213 374 332 424 δείξω
353 389 431 416 σοι.
485 375 552 415 καὶ
574 374 624 428 δὴ
644 373 696 415 τὰ
717 372 822 414 κατὰ
838 370 981 428 χώραν
1003 374 1070 414 καὶ
1089 369 1239 422 τόπους
1259 374 1431 428 ἐρευνῶν
1446 376 1496 430 τῇ
1518 371 1680 414 Θεσσα-

211 444 348 501 λονίκῃ
368 443 561 496 ἐπιβαίνει
571 475 584 494 ,
619 443 687 485 καὶ
706 445 763 498 τῷ
786 439 896 501 τόπῳ
917 441 1108 498 ἀρεσθεὶς
1126 443 1218 484 δυσὶ
1235 440 1401 497 χρόνοις
1420 442 1501 483 ἐκεῖ
1523 442 1680 498 διατρί-

206 516 288 568 βει.
369 509 493 562 ναούς
521 529 565 554 τε
593 511 856 565 θαυμασίους
886 509 958 553 καῖ
983 510 1137 567 λουτρὰ
1166 511 1234 552 καὶ
1262 508 1425 553 ὑδάτων
1457 509 1680 565 εἰσαγωγὰς

207 579 634 635 κατασκευασάμενος,
693 578 749 630 ὡς
781 578 860 622 εἶδε
894 580 1037 634 λοιμὸν
1070 578 1369 636 ἐπιγενόμενον,
1422 578 1574 634 ταύτην
1606 579 1714 632 μὲν5

207 642 498 705 καταλιμπάνει
508 681 521 702 ,
558 650 620 691 ἐπὶ
644 648 688 690 δὲ
710 648 785 703 τὴν
805 652 1002 692 Βιθυνῶν
1021 647 1272 703 ,Χαλκηδόνα
1295 647 1450 705 ἔρχεται
1461 679 1474 700 ,
1501 646 1580 690 ὕπὸ
1602 652 1682 690 τῶν

206 722 383 777 Περσῶν
407 718 730 776 ε’ξηδαφισμὲνην
749 716 879 775 εὗριὸν
901 719 1180 773 ἀνοικοδομεῖν
1202 717 1369 775 ἤρξατο.
1438 718 1506 760 καὶ
1529 717 1683 766 εὐθέως

207 788 316 831 ἀετοὶ
338 787 433 838 τοὺς
451 792 532 831 τῶν
550 791 739 842 τεχνιτῶν
758 789 902 838 λίθους
924 786 1170 844 ἁρπάζοντες
1191 791 1250 846 τῷ
1272 787 1482 844 Βυζαντίῳ
1506 785 1683 843 προσέρ-

209 875 363 916 ριπτον.
431 855 576 900 τούτου
602 857 645 899 δὲ
668 855 862 907 πολλάκις
886 857 1098 913 γενομένου
1118 855 1198 898 ὑπὸ
1222 854 1384 898 πάντων
1408 854 1683 912 διαπορουμέ-

208 945 295 978 νου,
333 924 388 976 εἷς
410 931 490 969 τῶν
512 925 846 982 ὑπηρετουμένων
868 930 927 984 τῷ
944 930 1107 980 βασιλεῖ
1123 925 1349 983 Εὖφρατιῖς
1365 923 1577 980 λεγόμενος
1600 925 1682 966 διε]-
1694 930 1738 966 10

209 994 395 1053 σάφησεν
425 993 482 1046 ὥς
511 996 597 1038 ἐκεῖ
624 997 744 1052 φίλον
775 997 859 1038 ἐστὶ
885 1000 944 1054 τῷ
971 999 1060 1053 θεῷ
1081 999 1132 1052 τῇ
1157 996 1281 1052 μητρὶ
1312 993 1438 1037 αὐτοῦ
1465 997 1684 1047 κτισθῆναι
1713 999 1716 1002 ’

156 1073 188 1108 C
210 1063 340 1107 πόλιν.
412 1064 567 1115 εὐθέως
598 1059 670 1106 οὖν
705 1062 976 1121 διαπεράσας,
1025 1065 1092 1106 καὶ
1125 1063 1196 1107 τὸν
1223 1062 1374 1121 τρόπον
1403 1062 1580 1105 κατιδὼν
1615 1063 1684 1103 καὶ

208 1131 508 1189 ἀποδεξάμενος
516 1167 528 1186 ,
564 1134 633 1176 τὸν
651 1134 878 1192 Εὗφρατιῖν
910 1132 1126 1188 ἐπιστάτην
1155 1137 1230 1175 τοῦ
1253 1131 1370 1190 ἔργον
1391 1128 1684 1185 καταλιμπάνει

205 1203 310 1259 μετὰ
327 1205 498 1262 βαρείας
518 1201 730 1257 δυνάμεως
751 1204 818 1245 καὶ
837 1202 1015 1245 πλούτου
1035 1206 1203 1244 πολλοῦ.
1264 1203 1332 1244 καὶ
1351 1201 1473 1251 αὐτὸς
1491 1199 1684 1254 βασιλεὺς

206 1273 309 1315 κατὰ
337 1275 515 1330 Περσῶν
541 1273 756 1327 ἀποδημεΐ.
826 1270 930 1314 ἔνθα
960 1272 1011 1326 δὴ
1044 1273 1112 1313 καὶ
1142 1272 1364 1327 κρατηθεὶς
1390 1273 1493 1312 θεοῦ
1513 1270 1683 1329 προνοίᾳ
1697 1275 1740 1311 15

204 1341 279 1398 τᾲς
309 1339 464 1384 τούτων
494 1340 788 1399 ἀποδιδράσκει
813 1347 955 1399 χεῖρας
986 1343 1054 1383 καὶ
1082 1339 1186 1396 πρὸς
1216 1340 1261 1382 τὸ
1285 1337 1510 1391 Βυζάντιον
1532 1339 1684 1380 ἐπανα-

203 1410 383 1469 στρέφει.
453 1409 474 1452 ὃ
500 1411 638 1465 μέντοι
664 1412 891 1467 Εὗφρατᾶς
930 1410 1026 1460 τοὺς
1063 1407 1265 1459 κανάλους
1298 1406 1529 1464 ὑπονόμους
1555 1425 1685 1450 κατα-

203 1479 407 1530 σκευάσας
432 1481 500 1522 καὶ
525 1478 662 1530 πάσας
682 1480 815 1536 πηγὰς
837 1478 999 1522 ὑδάτων
1029 1476 1326 1532 ἀναστομώσας
1343 1481 1425 1521 τῶν
1442 1482 1585 1531 τειχῶν
1606 1476 1685 1534 ἤκ-

202 1553 324 1600 ξατο·
363 1550 430 1592 καὶ
456 1547 578 1591 πάλιν
609 1549 646 1591 οἱ
667 1550 830 1606 Πέρσαι
861 1548 967 1592 κατὰ
990 1546 1232 1602 Ῥωμανιάς.
1303 1544 1324 1590 ὃ
1353 1547 1397 1589 δὲ
1416 1546 1611 1602 βασιλεὺς
1627 1550 1685 1605 τῷ

202 1619 410 1678 Εὗφρατᾷ
435 1620 526 1674 περὶ
559 1623 662 1660 ναοῦ
695 1620 859 1668 κτίσεως
893 1616 1126 1675 προστάξας
1171 1615 1295 1666 αὐτὸς
1333 1617 1401 1658 καὶ
1445 1617 1535 1673 περὶ
1580 1616 1741 1657 ενοι-20

202 1686 358 1743 κήσεως
380 1687 630 1745 προσέθηκε.
702 1689 770 1729 καὶ
799 1687 895 1737 τοὺς
926 1688 1169 1736 δακτυλίους
1203 1683 1376 1728 ἑκάστου
1405 1688 1485 1727 τῶν
1511 1682 1684 1741 πρώτων

204 1754 411 1813 ἀρχόντων
444 1753 774 1810 ἅναλαβόμενος,
810 1755 946 1806 οἴκους
979 1754 1220 1809 δειμάμενος
1249 1760 1484 1810 περιφανεῖς
1512 1754 1587 1803 τὰς
1610 1770 1680 1809 γυ-

153 1829 187 1864 Ι)
211 1832 353 1876 ναῖκας
386 1824 519 1867 αὐτῶν
545 1825 648 1881 μετὰ
681 1829 762 1868 τιῦν
794 1825 950 1867 παίδων
982 1826 1049 1867 καὶ
1072 1822 1234 1866 πάντων
1255 1826 1335 1866 τῶν
1356 1820 1428 1866 ὕπ’
1455 1821 1605 1873 αὐτοὺς
1629 1825 1685 1873 εἷς

299 1967 324 2002 6
347 1960 397 2012 ἢν
418 1961 531 2001 wind?
674 1965 720 2002 20
744 1962 888 2009 αὐτοὺς
909 1965 940 2000 Ρ

204 2103 290 2137 rue,
320 2091 380 2126 dei
404 2089 569 2136 genitrici
592 2091 713 2126 urbem
739 2090 929 2135 conderet,
961 2090 1041 2125 dum
1065 2090 1228 2136 regiones
1255 2089 1344 2125 istas
1369 2094 1405 2125 et
1428 2090 1506 2126 loca
1529 2094 1686 2125 contem-

202 2139 333 2186 platur,
359 2137 648 2173 Thessalonicam
671 2139 783 2172 venit.
831 2150 899 2183 quo
923 2137 1001 2172 loco
1026 2137 1232 2181 delectatus,
1258 2137 1435 2172 biennium
1458 2138 1511 2172 ibi
1535 2150 1686 2172 commo-

203 2191 314 2229 ratus,
340 2185 462 2220 urbem
487 2183 681 2230 magnificis
702 2183 840 2231 templis
863 2183 998 2219 balneis
1024 2189 1059 2217 et
1083 2183 1359 2229 aquaeductibus
1381 2183 1579 2221 exornavit.
1622 2184 1687 2218 sed

202 2237 306 2277 peste
327 2231 515 2276 ingruente
538 2243 613 2266 eam
634 2230 856 2276 relinquens,
892 2230 975 2265 inde
1000 2230 1257 2265 Chalcedonem
1281 2229 1474 2275 Bithyniae
1502 2232 1623 2265 urbem
1647 2242 1688 2264 se

205 2277 375 2320 contulit3
413 2288 559 2323 eamque
582 2277 656 2312 solo
681 2283 892 2324 prostratam
917 2289 938 2311 a
960 2277 1082 2311 Persis
1107 2277 1291 2311 inveniens
1315 2276 1514 2311 instaurare
1538 2287 1685 2321 aggres-

203 2336 264 2359 sus
300 2329 369 2359 est.
400 2324 535 2363 ‚statim
560 2328 676 2359 autem
701 2323 840 2369 aquilae
865 2323 1001 2369 lapides
1025 2322 1136 2358 fabris
1163 2328 1305 2368 ereptos
1330 2324 1374 2357 ad
1400 2325 1521 2358 urbem
1544 2324 1687 2367 Byzan-

203 2370 290 2405 tium
307 2369 546 2416 proiecerunt.
571 2370 608 2405 id
633 2382 709 2405 cum
732 2382 983 2416 saepenumero
1009 2371 1112 2404 fieret
1135 2370 1355 2414 omniumque
1380 2370 1513 2403 animos
1537 2380 1686 2414 suspen-

205 2428 264 2451 sos
286 2421 438 2461 teneret,
462 2417 603 2463 quidam
626 2417 802 2462 regiorum
827 2416 1075 2461 ministrorum,
1099 2416 1303 2461 Euphratus
1320 2415 1470 2459 nomine,
1496 2415 1687 2461 explicavit

203 2474 299 2507 rem,
331 2475 455 2509 nempe
487 2464 589 2498 deum
613 2463 664 2498 ibi
688 2463 781 2498 velle
806 2464 927 2498 urbem
952 2474 1037 2497 suae
1060 2463 1161 2497 matri
1186 2461 1302 2496 condi.
1350 2461 1544 2506 imperator
1567 2461 1686 2496 statim

203 2509 347 2543 traiecit
381 2521 442 2552 θος
479 2522 626 2556 cumque
658 2510 771 2545 locum
802 2508 1016 2554 inspexisset
1041 2514 1076 2544 et
1103 2509 1308 2554 probasset,
1339 2507 1559 2554 Euphratem
1585 2508 1686 2553 operi

202 2556 377 2601 praeficit,
413 2557 547 2601 magnis
574 2555 687 2602 copiis
711 2556 908 2602 opibusque
931 2555 1153 2590 instructum.
1202 2555 1281 2600 ipse
1303 2553 1341 2588 in
1365 2553 1495 2588 Persas
1521 2554 1684 2599 proficis-

203 2601 310 2639 citur.
358 2601 409 2636 ibi
435 2614 511 2637 cum
536 2602 575 2637 in
600 2603 751 2641 hostium
775 2613 894 2636 manus
919 2601 1136 2645 devenisset,
1161 2600 1284 2635 divina
1307 2599 1533 2645 providentia
1554 2612 1684 2646 procu-

204 2652 305 2681 rante
331 2659 392 2682 eas
416 2650 564 2694 effugit,
604 2661 645 2683 ac
670 2651 715 2684 ad
737 2649 947 2694 Byzantium
971 2659 1137 2682 reversus
1161 2646 1229 2682 est'.
1252 2685 1254 2689 X
1276 2646 1481 2692 Euphratae
1505 2646 1684 2681 canalibus

206 2695 445 2729 subterraneis
462 2695 597 2740 paratis
616 2707 735 2730 omnes
751 2696 868 2729 fontes
894 2694 1069 2729 obstruxit
1093 2692 1279 2738 murosque
1301 2693 1420 2739 coepit
1441 2691 1570 2727 moliri.
1602 2704 1684 2727 rur-

208 2750 269 2773 sus
293 2739 413 2774 Persis
437 2741 474 2775 in
497 2742 702 2777 Romaniam
726 2741 992 2788 impressionem
1017 2740 1241 2784 facientibus,
1266 2738 1458 2784 imperator
1480 2739 1688 2784 Euphratae

208 2785 254 2819 de
286 2786 407 2831 templi
434 2793 610 2823 structura
635 2785 842 2832 demandato
874 2786 1017 2832 negotio
1040 2786 1119 2832 ipse
1145 2783 1249 2821 etiam
1274 2786 1319 2819 de
1343 2785 1598 2831 frequentanda
1620 2780 1685 2819 1ιό-

210 2829 361 2864 minibus
390 2834 478 2866 urbe
507 2846 623 2870 curam
650 2836 773 2880 gessit.
823 2845 901 2869 nam
924 2833 1083 2868 domibus
1107 2831 1301 2877 magnificis
1327 2831 1514 2867 exstructis
1539 2831 1687 2865 annulos

209 2876 368 2922 primarii
391 2877 562 2927 cuiusque
586 2881 655 2917 viti
676 2880 825 2929 recepit,
853 2891 1042 2928 eorumque
1061 2890 1187 2922 uxores
1209 2877 1340 2932 liberos
1363 2889 1405 2915 ac
1427 2882 1520 2916 totas
1536 2876 1686 2914 familias
