1742 3184
227 179 324 239 168
558 222 562 226 -
593 217 595 220 -
640 191 665 202 ‘¹
702 192 942 239 Gancu
975 193 1221 239 CEDRENI

170 313 202 349 D
226 303 272 351 ὃν
292 307 430 362 μέντοι
451 309 519 351 καὶ
541 307 674 367 Σιρὰχ
698 307 719 352 ὃ
742 306 981 368 σοφώτατος
999 306 1108 366 ἵλεγε
1126 306 1356 364 “Σολομῶ’ν
1366 341 1379 361 ,
1407 308 1636 368 ἓσοφίσθης
1655 310 1698 353 ἓν

223 375 381 434 νεότητί
404 395 500 430 σου,
536 380 602 420 καὶ
631 377 884 434 ἐνεπλήσθης
905 376 961 430 ὥς
979 379 1164 433 ποταμὸς
1182 379 1391 430 συνέσεως.
1457 384 1532 436 γῆν
1553 378 1699 422 ἐπεκά-

224 451 355 502 λυψεν
385 445 411 502 ἦ
442 449 569 505 σοφία
598 465 696 501 σου,
731 450 800 491 καὶ
831 447 1050 503 ἐνέπλησας
1077 448 1119 491 ἓν
1148 452 1405 504 παραβολαῖς
1438 447 1697 505 αἰνιγμάτων.

226 519 281 568 εἷς
302 514 450 572 νήσους
470 514 611 574 πόρρω
634 519 701 560 καὶ
723 517 887 574 μακρὰς
903 515 1047 575 χώρας
1065 516 1231 575 ἀφίκετό
1256 534 1331 561 σου
1355 518 1402 561 τὸ
1424 516 1698 573 μνημόσυνον,

223 587 290 630 καὶ
312 584 532 642 ἠγαπήθης
550 588 592 629 ἐν
611 591 662 644 τῇ
684 585 820 644 εἰρήνῃ
845 603 946 639 σου,
980 586 1031 643 ἢν
1054 587 1302 631 κατέπαυσεν
1324 586 1346 630 ὃ
1366 587 1466 638 θεὸς
1484 587 1696 631 κυκλόθεν.
1709 593 1731 629 5

221 658 289 698 καὶ
324 656 450 713 ᾠδαῖς
478 657 545 698 καὶ
577 658 814 713 παροιμίαις
840 658 908 699 καὶ
936 661 1194 713 παραβολαῖς
1215 656 1562 713 ἐθαυμαστώθης.
1631 660 1700 701 καὶ

224 723 448 781 συνήγαγες
479 723 535 776 ὡς
565 728 800 782 κασσίτερον
828 725 874 769 τὸ
901 728 1096 783 χρυσίον,
1127 728 1195 770 καὶ
1219 725 1275 778 ὡς
1295 725 1494 781 μόλιβδον
1513 725 1700 782 ἐπλήθυ-

224 812 297 845 νας
329 793 520 852 ἄργυρον.
590 795 695 837 ἀλλὰ
729 795 971 851 παρέκλινας
1005 796 1080 846 τὰς
1111 794 1286 852 λαγόνας
1312 813 1389 840 σου
1421 797 1597 853 γυναιξί,
1633 799 1701 840 καὶ

224 861 540 919 ἐνεξουσιάσθης
568 863 610 906 ἓν
639 868 698 924 τῷ
719 862 882 919 σώματί
900 882 997 918 σου,
1032 866 1099 908 καὶ
1122 866 1277 917 ἔδωκας
1298 870 1444 921 μῶμον
1467 866 1508 908 ἓν
1530 870 1581 924 τῇ
1602 865 1700 924 δόξῃ

223 949 320 985 σου,
356 934 423 975 καὶ
456 932 717 989 ἐβεβήλωσας
745 934 789 977 τὸ
824 934 986 992 σπέρμα
1018 952 1116 988 σου,
1153 936 1364 993 ἐπαγαγεῖν
1393 935 1517 992 ὀργὴν
1552 936 1616 978 ἐπὶ
1646 936 1698 979 τὰ
1712 942 1742 978 1(

222 1003 341 1045 τέκνα
372 1002 493 1045 nov-'³
567 1003 614 1045 οὐ
646 1004 729 1059 μὴν
760 1004 804 1046 δὲ
832 1003 938 1047 ἀλλὰ
967 1006 1035 1047 καὶ
1063 1004 1186 1056 αὐτὸς
1208 1005 1268 1048 δι’
1292 1004 1439 1049 ἑαυτοῦ
1461 1005 1701 1063 σαφέστατα

101 1080 131 1114 Ρ
156 1082 202 1117 96
226 1074 315 1129 περὶ
333 1075 406 1127 τῆς
425 1072 532 1123 ἷὸἰάς
557 1074 706 1130 σοφίας
723 1074 789 1116 καὶ
809 1078 883 1116 τοῦ
902 1072 1078 1117 πλούτου
1096 1076 1221 1133 φησίν
1248 1072 1370 1130 αἐμοὶ
1391 1075 1436 1118 δὲ
1455 1072 1540 1132 δῴη
1565 1073 1586 1118 ὃ
1603 1074 1702 1127 θεὸς

223 1140 328 1184 κατὰ
358 1139 521 1198 γνώμην
550 1145 670 1185 εἰπεῖν
699 1144 766 1185 καὶ
793 1143 1082 1199 ἐνθυμηθῆναι
1109 1144 1230 1195 ἀξίως
1253 1149 1334 1187 τῶν
1357 1145 1602 1201 λεγομένων,
1638 1143 1702 1187 ὅτι

223 1210 346 1261 αὐτὸς
373 1209 394 1254 ὃ
423 1209 562 1269 κύριος
595 1213 662 1254 καὶ
692 1217 764 1267 τῆς
787 1214 936 1270 σοφίας
958 1211 1106 1270 ὄδηγός
1124 1215 1208 1257 ἔστι
1230 1216 1296 1256 καὶ
1319 1217 1399 1256 τῶν
1423 1218 1564 1272 σοφῶν
1586 1215 1701 1271 διορ-

222 1279 376 1336 θωτής.
445 1281 486 1322 ἓν
506 1282 584 1338 γὰρ
601 1283 707 1339 χειρὶ
731 1281 858 1324 αὐτοῦ
878 1284 946 1325 καὶ
963 1281 1079 1338 ἡμεῖς
1099 1284 1166 1325 καὶ
1188 1283 1225 1326 οἱ
1247 1281 1359 1340 λόγοι
1377 1281 1507 1339 ἡμῶν.
1578 1284 1700 1335 αὐτὸς
1713 1293 1742 1328 1Ξ

221 1348 301 1407 γάρ
330 1367 402 1405 μοι
430 1351 579 1393 δέδωκε
601 1356 682 1394 τῶν
705 1350 833 1394 ὄντων
855 1351 929 1408 τὴν
949 1357 1096 1409 γνῶσιν
1118 1353 1337 1408 ἀψευὸῶς,
1374 1353 1521 1400 εἰδέναι
1546 1351 1701 1397 σύστα-

219 1435 288 1462 σιν
311 1423 386 1463 τοῦ
413 1417 568 1474 κόσμου
593 1421 660 1463 καὶ
685 1421 880 1477 ἐνεργείας
903 1423 1133 1476 στοιχείων,
1165 1422 1295 1479 ἀρχὴν
1317 1424 1385 1466 καὶ
1406 1422 1519 1474 τέλος
1540 1425 1606 1465 καὶ
1626 1441 1700 1479 με-

222 1485 377 1544 σότητα
402 1488 588 1547 χρόνων,
626 1491 820 1533 ἐνιαυτῶν
851 1489 1024 1542 κύκλους
1054 1493 1121 1533 καὶ
1150 1491 1330 1550 ἀστέρων
1363 1493 1521 1544 θέσεις,
1559 1491 1703 1551 φύσεις

222 1556 336 1616 ζῴων
373 1560 442 1601 καὶ
482 1558 647 1613 θυμοὺς
686 1560 872 1617 θηρίων,
908 1559 1147 1615 πνευμάτων
1181 1562 1277 1615 βίας
1311 1563 1379 1604 καὶ
1413 1563 1702 1618 διαλογισμοὺς

223 1624 456 1684 ἀνθρώπων
465 1659 478 1679 ,
527 1629 733 1686 διαφορὰς
765 1633 904 1687 φυτῶν
930 1631 996 1672 καὶ
1029 1627 1223 1684 δυνάμεις
1251 1630 1392 1689 ῥιζῶν,
1428 1630 1506 1674 ὅσα
1538 1632 1584 1675 τέ
1611 1634 1742 1675 gouz<

223 1696 387 1753 κρυπτὰ
413 1698 481 1739 καὶ
513 1698 675 1754 ἐμφανῆ
704 1697 839 1754 ἔγνων,
902 1696 930 1741 »ὃ
958 1698 1036 1757 γὰρ
1065 1697 1227 1743 πάντων
1256 1702 1434 1756 τεχνίτης
1466 1701 1626 1753 ἒὸίὸαξέ
1649 1720 1701 1757 με

172 1769 202 1805 Β
225 1766 387 1822 σοφίαν.
456 1768 523 1808 καὶ
559 1767 637 1822 ἐγώ
670 1767 959 1823 ἐκκλησιαστὴς
997 1768 1187 1825 ἐγενόμην
1222 1770 1415 1824 βασιλεὺς
1443 1769 1622 1829 Ἰσραὴλ
1660 1774 1702 1815 ἐν

221 1831 524 1892 Ἰερουσαλήμ,
559 1837 627 1879 καὶ
658 1835 791 1880 ἔδωκα
822 1838 895 1893 τὴν
918 1839 1090 1898 καρδίαν
1108 1856 1190 1895 μου
1211 1844 1283 1883 τοῦ
1304 1841 1517 1896 ἐκζητῆσαι
1537 1842 1605 1884 καὶ
1625 1859 1701 1884 κα-

223 2011 379 2049 tissimus
413 2013 464 2049 ita
498 2027 576 2051 eum
597 2015 786 2062 alloquitur
810 2015 967 2061 (Eccles.
986 2015 1049 2062 47)
1075 2013 1120 2052 “o
1143 2017 1330 2064 Solomon,
1363 2017 1400 2053 in
1427 2019 1611 2065 iuventute
1641 2022 1703 2056 tua

223 2060 365 2106 sapiens
394 2061 508 2097 sactus
541 2075 604 2107 es,
638 2068 744 2110 atque
769 2064 878 2098 amnis
902 2063 1015 2098 instar
1044 2064 1195 2099 scientia
1218 2064 1396 2110 impletus.
1421 2083 1423 2085 v
1443 2067 1619 2113 sapientia
1642 2073 1705 2103 tua

222 2111 355 2141 terram
385 2109 492 2153 texit,
529 2122 676 2155 eamque
709 2110 886 2156 parabolis
919 2117 956 2145 et
987 2111 1174 2146 subtilibus
1205 2112 1472 2158 quaestionibus
1504 2113 1703 2160 replevisti.

220 2152 326 2199 longe
347 2154 385 2188 in
408 2154 540 2191 insulas
565 2161 602 2191 et
619 2162 771 2192 remotas
795 2163 909 2193 terras
931 2163 994 2192 tua
1016 2157 1181 2192 memoria
1203 2159 1389 2204 pervenit3
1413 2170 1585 2205 carusque
1603 2161 1705 2195 fuisti

221 2198 259 2233 in
284 2200 404 2245 quiete
427 2207 509 2246 tua,
534 2202 704 2238 divinitus
729 2203 863 2249 paratis
887 2203 1015 2238 circum
1040 2209 1076 2239 te
1097 2204 1315 2249 regionibus.
1365 2206 1520 2241 carmina
1543 2212 1623 2251 tua,
1645 2207 1702 2241 di-

221 2246 335 2281 cteria
370 2253 407 2283 et
436 2249 628 2294 parabolae
662 2250 925 2286 admirationem
958 2250 1011 2285 tui
1042 2250 1254 2286 excitarunt.
1302 2263 1422 2288 aurum
1455 2253 1556 2298 cupri
1588 2254 1702 2288 instar

221 2292 416 2339 collegisti,
449 2307 491 2330 ac
514 2301 695 2341 argentum
721 2309 765 2331 ea
787 2297 890 2343 copia
913 2309 955 2331 ac
983 2296 1013 2331 si
1037 2297 1212 2342 plumbum
1237 2304 1343 2336 esset.
1392 2299 1573 2334 enimvero
1594 2300 1703 2335 lumbi

222 2339 276 2373 tui
301 2340 502 2377 mulieribus
526 2342 639 2377 dediti
662 2343 823 2388 fuerunt,
858 2348 991 2388 tuoque
1015 2355 1052 2377 es
1079 2345 1209 2379 abusus
1230 2357 1392 2391 corpore.
1440 2357 1549 2392 quare
1567 2347 1702 2392 gloriae

222 2390 306 2420 tuae
338 2388 503 2423 maculam
542 2389 722 2435 inussisti,
767 2396 932 2435 tuamque
963 2391 1166 2435 progeniem
1199 2392 1465 2436 contaminasti,
1504 2392 1702 2439 iratumque

220 2432 313 2477 proli
332 2438 415 2469 tuae
438 2435 540 2470 deum
561 2433 784 2471 reddidisti?
830 2448 872 2471 ac
890 2435 969 2481 ipse
1017 2437 1131 2471 uidem
1154 2437 1227 2472 suis
1252 2439 1373 2474 verbis
1397 2439 1619 2485 apertissime
1642 2452 1702 2474 sa-

219 2478 388 2526 pientiam
413 2480 629 2528 divitiasque
652 2494 732 2517 suas
756 2482 952 2526 praedicat.
997 2480 1006 2494 ³
1021 2480 1127 2517 mihi²⁹
1151 2484 1203 2519 ait
1224 2480 1334 2520 “deus
1352 2485 1523 2531 largiatur
1542 2492 1582 2521 ut
1603 2493 1702 2522 recte

220 2525 370 2569 cogitem
394 2533 500 2573 atque
524 2528 669 2574 eloquar
691 2541 782 2583 quae
805 2529 983 2564 dicuntur.
1032 2529 1111 2575 ipse
1140 2531 1232 2566 enim
1259 2531 1419 2567 dominus
1446 2537 1483 2567 et
1502 2533 1702 2579 sapientiae

221 2569 293 2605 dux
317 2577 373 2607 est
391 2579 427 2608 et
446 2574 625 2620 sapientes
644 2575 785 2621 dingit:
810 2575 942 2622 quippe
960 2575 997 2609 in
1022 2587 1124 2612 manu
1148 2578 1224 2612 eius
1248 2584 1285 2612 et
1306 2590 1369 2612 nos
1390 2589 1508 2614 sumus
1531 2585 1566 2615 et
1588 2579 1701 2614 ratio-

221 2627 285 2651 nes
309 2624 464 2655 nostrae.
511 2621 589 2666 ipse
610 2621 700 2656 enim
719 2621 806 2656 mihi
827 2633 946 2656 veram
970 2633 1086 2657 rerum
1110 2623 1344 2669 cognitionem
1369 2625 1484 2670 dedit,
1515 2632 1555 2661 ut
1574 2627 1702 2661 scirem

220 2664 341 2698 mundi
370 2667 568 2710 exordium,
604 2667 854 2704 elementorum
879 2667 1057 2714 actiones,
1093 2670 1324 2716 principium,
1355 2672 1460 2706 finem
1492 2678 1529 2707 et
1554 2673 1703 2707 medium

220 2714 436 2756 temporum,
474 2725 642 2749 annorum
671 2715 920 2759 circuitiones,
955 2715 1108 2750 siderum
1132 2717 1292 2762 positus,
1325 2723 1468 2753 naturas
1491 2718 1704 2764 animalium,

221 2756 406 2791 saevitiem
438 2759 615 2805 ferarum,
649 2761 746 2797 vires
777 2767 984 2805 ventorum,
1020 2762 1194 2798 hominum
1222 2764 1477 2810 cogitationes,
1506 2765 1703 2811 plantarum

220 2800 462 2849 differentias,
487 2806 642 2842 radicum
666 2809 868 2844 facultates.
916 2808 1068 2853 cognovi
1092 2809 1208 2844 omnia
1228 2815 1264 2845 et
1289 2808 1425 2846 occulta
1442 2817 1479 2846 et
1497 2812 1704 2847 manifesta:

221 2858 299 2882 nam
324 2848 446 2893 opifex
471 2853 620 2887 omnium
645 2853 817 2890 instruxit
838 2866 894 2890 me
917 2855 1105 2900 sapientia.
1154 2868 1221 2902 ego
1242 2854 1472 2893 concionator
1493 2858 1706 2904 Hierosoly-

220 2894 304 2940 mis,
328 2906 474 2942 regnum
499 2897 538 2932 in
560 2900 747 2937 Israelicos
768 2901 888 2948 gessi3
918 2901 1113 2949 induxique
1130 2902 1169 2938 in
1187 2903 1339 2940 animum
1360 2915 1474 2941 meum
1498 2904 1708 2953 perquirere
