1742 3184
185 183 284 231 282
523 223 526 226 Α
664 183 906 229 GEORGII
943 183 1190 230 CEDRENI

181 298 361 356 κάθηται
394 298 566 355 δέχεται.
634 297 656 343 ὃ
688 298 813 351 αὐτὸς
833 298 1114 358 Ἀριστοτέλης
1135 300 1280 356 σχεδὸν
1299 299 1352 344 τοὶ
1372 304 1541 344 πλεΐστα
1559 317 1666 356 συμ-

36 377 66 412 Ρ
91 379 158 415 161
183 375 315 430 φωνεῖ
336 373 398 428 τῷ
421 367 640 423 Πλάτωνι,
671 370 777 424 πλὴν
801 374 876 413 τοῦ
897 371 987 427 περὶ
1009 374 1150 426 ψυχῆς
1172 368 1389 427 δόγματος.
1457 371 1667 426 ἐπιδιαμέ-

182 458 262 484 νειν
291 437 371 497 γάρ
401 455 503 498 φησι
512 470 527 492 ,
556 441 624 482 καὶ
641 439 747 495 μετὰ
763 443 893 482 ταῦτα
913 439 1040 496 αὐτὴν
1058 441 1406 497 συναφανίζεσθαι
1422 444 1482 499 τῷ
1498 440 1667 499 πέμπτῳ

179 508 363 564 σώματι·
410 507 654 552 ’ὑποτίθεται
695 508 774 566 γὰρ
820 502 940 561 οὗτος
972 511 1041 552 καὶ
1073 510 1255 564 πέμπτον
1289 515 1411 565 σῶμα
1442 509 1546 564 μετὰ
1585 514 1667 553 τῶν

180 578 317 622 ἄλλων
350 577 553 633 σωμάτων
583 583 666 622 τῶν
694 576 928 636 τεσσάρων,
975 577 1062 622 οἷον
1090 583 1273 634 πνεῦμα·
1313 579 1388 636 τὴν
1418 579 1498 637 γὰρ
1526 579 1701 634 ψυχὴνὸ

178 648 277 692 ὅλου
307 652 382 691 τοῦ
413 646 571 703 κόσμου
597 649 723 706 φησὶν
757 647 968 692 ἀθάνατον
998 647 1123 702 εἶναι,
1158 651 1226 692 καὶ
1259 649 1384 693 αὐτὸν
1413 649 1484 692 τὸν
1514 646 1669 704 κόσμον

179 718 313 762 ἀΐδιον
322 750 336 771 ,
364 717 441 772 τὴν
463 718 507 760 ὁὶ·
532 719 640 760 καθ’
664 718 856 770 ἕκαστον,
893 716 948 769 ὥς
971 720 1238 777 προείπομεν,
1273 719 1564 776 ἀφανίζεσθαι.

307 787 402 830 ’Ότι
420 788 484 830 ἐπὶ
498 786 767 846 Ἀρταξέρξου
785 787 997 843 τοῦ’Ώχου
1017 783 1068 845 ἦν
1088 786 1108 832 ὅ
1126 789 1419 845 Ἀριστοτέλης,
1437 785 1668 843 ἐτελεύτησε

183 858 228 901 δὲ
257 855 417 912 βιώσας
440 855 508 911 ἔτη
533 854 583 899 o'.
650 854 887 913 ’ἐκλήθησαν
916 859 961 901 δὲ
987 859 1026 900 οἳ
1054 859 1128 913 μὲν
1157 858 1238 901 ἀπὸ
1266 857 1459 914 Ζήνωνος
1486 857 1564 900 ἀπὸ
1596 861 1669 912 τῆς

181 929 366 981 ποικίλης
405 929 531 976 στοᾶς
553 928 750 979 Στωϊκοί,
796 927 835 970 οἱ
869 927 914 970 δὲ
944 927 1023 971 ἀπὸ
1055 932 1130 971 τοῦ
1150 928 1454 985 Ἀριστοτέλους
1485 926 1564 969 ἀπὸ
1594 931 1666 969 τοῦ
1683 933 1726 968 10

181 996 300 1054 ἔργου
321 997 664 1054 Περιπατητικοί·
699 1002 1012 1055 περιπατοῦντες
1031 998 1110 1056 γὰρ
1133 999 1176 1041 ἓν
1192 1002 1252 1057 τῷ
1269 999 1441 1057 Λυκείῳ
1459 998 1669 1039 ἐποιοῦντο

181 1067 257 1118 τὰς
280 1063 476 1121 ζητήσεις.

128 1146 159 1181 Β
315 1133 535 1189 Ἑνὸεκάτη
558 1135 712 1191 αἵρεσις
728 1138 809 1177 τῶν
826 1136 1032 1178 Στωϊκῶν.
1099 1136 1167 1178 καὶ
1189 1129 1300 1179 οὗτοι
1319 1132 1519 1178 ὑπέθεντο
1540 1133 1672 1192 ἀρχὴν

181 1206 256 1262 μὲν
283 1209 364 1248 τῶν
394 1203 558 1248 πάντων
582 1202 706 1256 θεόν,
743 1205 812 1246 καὶ
834 1205 879 1247 τὸ
905 1205 1010 1247 καθ’
1038 1205 1283 1261 εἱμαρμένην
1303 1204 1356 1248 τὰ
1379 1203 1514 1248 πάντα
1537 1206 1670 1257 διεβε-

180 1274 429 1331 βαιώσαντο.
499 1273 575 1329 τὴν
618 1271 791 1329 σελήνην
831 1274 1015 1331 λέγουσιν
1050 1272 1261 1317 ἀθάνατον
1290 1272 1404 1317 εἶναι.
1471 1277 1593 1328 σῶμα
1625 1273 1669 1315 δὲ
1683 1279 1727 1316 15

183 1345 343 1402 λέγουσι
373 1343 564 1402 γενέσθαι
594 1343 637 1385 ἐκ
666 1348 740 1398 τῆς
773 1343 1029 1400 περιψύξεως
1059 1348 1134 1386 τοῦ
1162 1344 1282 1402 ἀέρος
1302 1347 1377 1387 τοῦ
1398 1342 1670 1400 περιέχοντος·

181 1415 244 1458 ὁιὺ
268 1417 336 1457 καὶ
356 1413 498 1469 ψυχὴν
521 1412 649 1468 αὐτὴν
669 1416 876 1457 καλοῦσιν.
938 1412 1183 1470 ὁμολογοῦσι
1204 1415 1272 1456 καὶ
1293 1411 1672 1469 μετενσωμάτωσιν,

179 1482 416 1543 ὡρισμένων
439 1481 573 1526 οὗσῶν
595 1486 677 1525 τῶν
696 1487 860 1538 ψυχῶν.

318 1553 568 1604 Δωδέκατος
580 1551 833 1608 Ἐπίκουρος.
904 1545 1024 1602 οὗτος
1041 1550 1185 1605 σχεδὸν
1203 1550 1386 1593 ἐναντίαν
1403 1553 1528 1594 πᾶσιν
1547 1547 1672 1601 δόξαν

179 1622 315 1666 ἔθετο.
386 1622 517 1679 ἀρχὰς
545 1622 619 1677 μὲν
648 1625 730 1664 τῶν
761 1620 870 1663 ὅλων
896 1619 1070 1663 ὑπέθετο
1100 1618 1278 1675 ἀτόμους
1296 1622 1363 1662 καὶ
1385 1618 1522 1672 κενόν,
1555 1620 1730 1663 κενὸν20

180 1694 258 1748 μὲν
291 1690 378 1735 οἷον
411 1692 483 1734 τὸν
512 1690 638 1734 τόπον
668 1694 750 1733 τῶν
783 1691 984 1745 ἐσομένων
994 1722 1008 1742 ,
1045 1688 1227 1744 ἀτόμους
1257 1689 1333 1745 τὴν
1362 1689 1464 1746 ὓλην
1485 1690 1528 1741 ἐξ
1548 1683 1598 1745 ἧς
1619 1688 1673 1733 τὰ

181 1761 331 1805 πάντα.
401 1762 445 1804 ἐκ
477 1761 521 1803 δὲ
550 1763 633 1803 τῶν
662 1757 828 1814 ἀτόμων
856 1763 1145 1803 συνελθουσῶν
1172 1759 1366 1815 γενέσθαι
1388 1761 1456 1802 καὶ
1478 1759 1550 1803 τὸν
1572 1759 1674 1802 θεὸν

182 1834 251 1875 καὶ
273 1831 325 1875 τὰ
348 1836 527 1885 στοιχεῖα
550 1831 620 1873 καὶ
641 1827 776 1873 πάντα
797 1829 850 1872 τὰ
872 1831 915 1873 ἐν
940 1829 1099 1882 αὐτοῖς,
1128 1826 1183 1880 ὡς
1206 1830 1335 1885 μηδὲν
1355 1827 1459 1885 μήτε
1482 1829 1675 1887 γενέσθαι

183 2008 366 2065 plerisque
390 2006 552 2042 omnibus
571 2006 756 2042 Aristoteli
777 2018 854 2042 cum
870 2006 1021 2042 Platone
1037 2007 1224 2052 convenit,
1249 2011 1399 2054 excepto
1420 2009 1468 2044 de
1485 2008 1602 2044 anima
1618 2007 1677 2043 iu-

183 2055 293 2092 dicio.
328 2066 469 2089 manere
491 2054 582 2088 enim
603 2066 679 2088 eam
698 2059 780 2101 post
799 2066 926 2100 corpus
946 2054 1066 2098 sentit,
1089 2066 1131 2089 ac
1147 2061 1273 2100 postea
1291 2067 1367 2090 cum
1385 2055 1510 2101 quinto
1525 2066 1678 2102 corporo

185 2101 335 2138 aboleri.
383 2100 487 2156 ponit
510 2101 603 2155 enim
630 2101 707 2146 hic,
732 2106 880 2156 praeter
901 2106 1070 2146 quattuor
1095 2113 1267 2147 corpora,
1303 2102 1462 2147 quintum
1489 2103 1677 2148 quoddam,

185 2150 284 2185 velut
307 2148 485 2195 spiritum.
533 2147 682 2183 animam
707 2148 798 2182 enim
817 2147 926 2182 totius
951 2149 1069 2182 mundi
1093 2148 1144 2183 ait
1167 2160 1246 2183 esse
1270 2148 1518 2194 immortalem,
1543 2149 1677 2194 ipsum-

185 2208 256 2245 que
274 2195 438 2230 mundum
456 2198 650 2240 aeternum,
674 2194 889 2240 singulorum
907 2200 1023 2229 autem
1043 2195 1190 2240 animas,
1213 2200 1253 2230 ut
1271 2195 1434 2241 diximus,
1457 2195 1620 2231 interire.

278 2242 382 2277 Vixit
415 2241 627 2277 Aristoteles
662 2253 772 2276 annos
796 2243 843 2277 70
878 2246 914 2275 et
940 2241 1010 2276 fuit
1034 2246 1195 2287 tempore
1215 2242 1424 2277 Artaxerxis
1449 2242 1555 2276 Ochi.
1603 2243 1676 2277 Ze-

185 2301 313 2324 nonem
345 2288 460 2323 secuti
500 2288 700 2334 philosophi
733 2300 754 2322 a
786 2288 946 2342 porticu,
978 2299 1068 2333 quae
1100 2290 1145 2323 ob
1179 2288 1341 2335 picturae
1363 2288 1573 2324 varietatem
1598 2294 1677 2324 stoa

182 2335 329 2371 Poecile
351 2335 502 2370 Graecis
526 2335 674 2380 dicitur,
700 2335 814 2370 Stoici
835 2333 1072 2370 nominantur.
1119 2335 1326 2370 Aristotelei
1348 2340 1465 2370 autem
1489 2335 1678 2391 Peripate-

183 2382 251 2418 tici
276 2394 295 2416 a
319 2381 594 2427 deambulando,
617 2382 712 2428 quod
737 2383 877 2417 Graece
901 2381 1101 2428 peripatein
1121 2381 1271 2418 dicitur·
1294 2382 1560 2417 obambulantes
1583 2382 1678 2418 enim

185 2429 224 2464 in
247 2429 370 2473 Lyceo
394 2428 638 2474 disputabant.

270 2475 475 2530 'Undecima
503 2475 787 2521 philosophorum
810 2478 908 2510 secta
932 2474 1060 2510 Stoici.
1108 2475 1144 2510 hi
1173 2486 1314 2521 quoque
1338 2476 1441 2510 deum
1464 2474 1679 2521 principium

187 2521 339 2556 omnium
362 2533 478 2556 rerum
500 2528 720 2567 statuerunt,
759 2522 1086 2567 contenderuntque
1109 2523 1224 2557 omnia
1246 2523 1321 2556 fato
1342 2522 1435 2556 fieri.
1482 2522 1598 2557 lunam
1621 2522 1679 2556 di-

185 2573 271 2603 cunt
296 2579 375 2602 esse
398 2568 646 2613 immortalem,
672 2579 798 2614 corpus
825 2568 901 2603 eius
926 2573 1045 2602 natum
1069 2580 1148 2604 esse
1168 2581 1212 2603 ex
1233 2568 1325 2604 aeris
1345 2568 1552 2604 circumdati
1570 2568 1679 2603 refri-

186 2613 385 2659 geratione.
432 2615 525 2649 unde
548 2621 585 2650 et
605 2615 792 2670 Psychen,
825 2615 864 2650 id
888 2619 942 2649 est
963 2615 1135 2658 animam,
1168 2627 1245 2650 eam
1264 2614 1461 2670 appellant,
1487 2627 1564 2650 cum
1588 2627 1677 2661 psy-

186 2660 272 2694 chos
305 2661 446 2695 Graece
476 2662 591 2707 frigus
623 2662 814 2707 significet.
861 2672 1042 2696 numerum
1075 2662 1267 2697 animarum
1299 2661 1482 2698 definitum
1505 2666 1678 2707 statuunt,

189 2717 322 2752 easque
346 2708 391 2740 de
416 2708 624 2753 corporibus
648 2709 684 2743 in
710 2719 862 2754 corpora
885 2707 1053 2753 migrare.

282 2752 515 2806 Duodecimus
552 2760 607 2790 est
637 2755 829 2800 Epicurus.
895 2754 928 2788 is
963 2754 1041 2789 fere
1074 2754 1190 2789 omnia
1222 2753 1277 2788 his
1312 2752 1492 2788 contraria
1524 2751 1677 2787 censuit.

189 2797 370 2852 principia
393 2810 506 2833 rerum
531 2802 651 2846 posuit
678 2807 813 2836 atomos
836 2813 878 2836 ac
900 2801 1024 2847 inane,
1055 2801 1122 2836 hoc
1146 2806 1185 2836 ut
1201 2800 1315 2835 locum
1338 2802 1444 2835 rebus
1469 2800 1561 2835 natis
1582 2799 1677 2834 reci-

190 2844 351 2890 piendis,
385 2850 518 2880 atomos
550 2854 589 2882 ut
623 2848 775 2883 omnium
803 2847 998 2903 materiam.
1047 2859 1167 2882 earum
1198 2852 1391 2882 atomorum
1423 2857 1616 2891 congressu
1641 2849 1678 2880 et

192 2891 295 2927 deum
319 2896 358 2926 et
379 2890 552 2927 elementa
575 2899 612 2929 et
631 2906 723 2940 quae
746 2895 784 2930 in
806 2894 852 2929 iis
874 2900 959 2932 sunt
979 2895 1096 2931 omnia
1119 2894 1320 2937 exstitisse,
1352 2905 1469 2940 neque
1489 2892 1678 2940 quicquam
