1742 3184
1155 73 1173 103 s

174 176 278 225 620
528 216 530 221 ι
659 177 903 222 GEORGII·
936 175 1184 221 CEDRENI

173 295 242 337 καὶ
277 289 544 343 ’Λθανᾶσιος
579 291 672 336 ἀντ’
710 293 838 335 αὐτοῦ’
873 288 1163 350 ἐχειροτονήθη
1198 290 1219 335 ὃ
1249 291 1415 349 ἐπίκλην
1446 289 1653 349 Κηλήτης.

175 362 321 419 Ζήνων
340 363 384 405 δὲ
402 361 422 405 ὃ
444 362 638 416 βασιλεὺς
658 361 818 413 ἀνεθεὶς
836 365 916 405 τῶν
935 360 1142 419 τυράννων
1165 362 1328 416 ἐξέβαλε
1349 367 1422 418 τῆς
1440 363 1654 418 ἐκκλησίας

118 444 151 480 D
170 433 429 487 Ἀντιοχείας
450 433 722 474 Καλανὸίωνα
744 433 812 473 καὶ
836 429 1025 488 ἐξώρισεν
1053 434 1109 482 εἷς
1128 430 1287 484 Ὄασιν,
1321 433 1485 490 Πέτρον
1515 433 1558 475 δὲ
1581 432 1651 475 τὸν

6 1069 48 1105 ,Ρ
73 1066 142 1103 354

172 503 348 559 Κναφεά
375 502 617 555 κατέστησεν
645 502 687 543 ἓν
714 501 839 558 αὐτῇ,
887 499 933 552 ὃς
959 500 1096 543 ἐλθών
1125 503 1182 552 εἷς
1217 500 1482 556 Ἀντιόχειαν
1519 501 1649 544 πολλὰ

169 572 277 615 κακὰ
298 572 506 625 ἐποίησεν,
548 568 913 624 ἀναθεματισμούς
939 587 980 613 τε
1003 569 1125 613 πάλιν
1152 574 1226 626 τῆς
1251 568 1424 614 συνόδου
1446 573 1512 613 καὶ
1532 572 1686 624 {uffo-5

171 642 248 692 λὰς
267 639 494 683 ἐπισκόπων
515 638 795 695 ἀνεπιλήπτων
814 639 1113 696 ἀντεισαγωγάς
1131 658 1172 683 τε
1194 641 1261 682 καὶ
1276 642 1528 697 χειροτονίας
1551 641 1654 683 ἀθέ-

171 728 303 766 σμους
321 712 388 752 καὶ
415 708 466 751 τὰ
491 707 651 759 τούτοις
671 708 809 763 ὅμοια.
878 708 1077 767 πρότερον
1106 710 1150 752 δὲ
1181 710 1411 767 προσέθηκε
1431 715 1488 767 τῷ
1509 727 1654 766 τρισα-

170 783 243 838 γίῳ
265 778 452 836 “Χριστε“
470 782 642 831 βασιλεῦ
668 778 689 822 ὅ
711 782 969 837 σταυρωθεὶς
987 779 1046 821 δι’
1066 777 1220 835 ἡμᾶς.”
1257 777 1428 836 ὕστερον
1453 780 1498 822 δὲ
1520 780 1656 821 ἐλθών

169 852 341 906 περιεῖλε
364 847 410 891 τὸ
437 849 595 902 Χριστὲ
615 853 802 902 βασιλεῦ.
868 847 1049 899 Ξενα“ίάς
1079 850 1122 891 ὁέ
1153 846 1174 891 ὃ
1206 851 1353 899 δοῦλος
1383 854 1457 890 τοῦ
1487 851 1657 890 Σατανᾶ

167 918 244 974 τὴν
264 917 506 973 δεσποτικὴν
526 916 659 960 εἷκόνα
678 921 745 960 καὶ
765 923 847 961 τῶν
864 917 988 974 ἁγίων
1007 920 1193 961 ἐδίδασκε
1212 918 1272 973 μὴ
1299 919 1509 973 δέχεσθαι.
1538 920 1655 974 Πὲρ-
1669 927 1714 961 10

168 1005 244 1043 σης
271 987 350 1044 γὰρ
377 982 428 1043 ἦν
455 991 514 1046 τῷ
538 989 662 1043 γε’νει,
700 988 846 1038 δοῦλος
875 988 920 1030 δὲ
949 987 1022 1043 τὴν
1051 986 1188 1042 τύχην.
1265 988 1489 1044 ἀποφυγὼν
1511 989 1556 1029 δὲ
1583 992 1656 1030 τοῦ

172 1059 277 1100 ἰδίου
298 1055 495 1100 δεσπότου
520 1058 584 1099 ε’πὶ
606 1059 898 1108 Καλανὸίωνος
916 1056 991 1107 τὰς
1007 1059 1098 1114 περὶ
1121 1055 1383 1111 Ἀντιόχειαν
1403 1054 1546 1111 κώμας
1565 1057 1659 1098 ἆνε-

174 1126 328 1171 στάτου
347 1126 428 1169 ἀπὸ
447 1131 521 1181 τῆς
540 1128 723 1178 πίστεως.
772 1125 1023 1180 ἇβάπτιστος
1044 1127 1087 1168 δὲ
1106 1125 1162 1168 ὢν
1181 1125 1372 1183 κληρικὸν
1393 1123 1539 1168 ἑαυτὸν
1558 1124 1658 1168 εἶναι

174 1197 296 1253 ἔλεγε.
365 1200 511 1239 τοῦτον
535 1198 780 1239 Καλανὸίων
807 1195 1012 1250 ἀπήλασε,
1050 1196 1214 1253 Πέτρος
1241 1196 1284 1238 de*
1314 1193 1551 1253 ὁΚναφεὶς
1574 1196 1661 1237 ἐπί-

175 1284 328 1310 σκοπον
344 1263 618 1323 Ἵεραπόλεως
637 1264 929 1323 χειροτονήσας
949 1264 1213 1320 μετωνόμασε
1236 1263 1467 1316 Φιλόξενον.
1505 1264 1658 1318 μαθών
1671 1271 1716 1308 15

176 1337 220 1379 δὲ
251 1335 423 1393 ὕστερον
452 1334 705 1389 ἀβάπτιστον
736 1334 849 1387 εἶναι,
886 1337 1022 1393 ἀρκεῖν
1050 1335 1161 1392 αὐτῷ
1191 1334 1264 1389 τὴν
1290 1335 1543 1393 χειροτονίαν
1570 1334 1661 1377 ἀντὶ

171 1407 456 1460 βαπτίσματος
484 1405 646 1462 ἔφησεν.
715 1404 933 1459 Εὐθύμιος
961 1405 1005 1447 δὲ
1037 1402 1058 1447 ὅ
1089 1403 1418 1462 ὀρθοὸοξότατος
1441 1402 1658 1448 Ἀναστά-

174 1493 263 1518 σιον
284 1475 355 1518 τὸν
377 1474 660 1532 σιλεντιάριον,
698 1475 770 1518 τὸν
799 1479 935 1525 κακῶς
951 1473 1056 1528 μετὰ
1077 1479 1207 1517 ταῦτα
1226 1471 1554 1527 βασιλεύσαντα,
1588 1477 1664 1529 τῆς

174 1546 388 1601 ἐκκλησίας
411 1545 573 1588 ε’ὁίωκεν
596 1543 651 1595 ὡς
671 1545 871 1602 αἶρετικὸν
888 1546 956 1587 καὶ
980 1542 1197 1601 ὁμόφρονα
1214 1543 1439 1598 Εὐτυχοῦς.

315 1641 388 1694 Τῷ
411 1634 457 1688 ιζ’
478 1636 555 1678 ἔτει
579 1635 727 1692 Ζήνων
743 1636 863 1693 ἤρετο
884 1635 1108 1692 Μαριανὸν
1128 1634 1199 1677 τὸν
1217 1632 1460 1691 σοφώτατον
1478 1631 1661 1688 κόμητα·
1674 1642 1720 1677 ΞΟ

173 1701 224 1762 ἦν
250 1706 329 1763 γὰρ
357 1705 536 1762 μυστικά
569 1724 659 1749 τινα
688 1707 827 1758 εἶὸώς,
876 1706 903 1747 ἃ
934 1708 1002 1748 καὶ
1030 1705 1242 1761 προέλεγεν
1263 1704 1388 1761 αὐτῷ.
1460 1705 1560 1760 φησὶ
1584 1701 1664 1760 γάρ

123 1788 153 1823 Β
172 1775 265 1827 ιιτίς
284 1777 377 1831 μετ’
405 1776 474 1830 ἐμὲ
502 1774 792 1831 βασιλεύσει,·”
833 1773 854 1818 ὅ
880 1775 924 1817 ’δὲ
947 1772 1054 1818 εἶπεν
1078 1772 1140 1815 ὅτι
1162 1775 1230 1816 καὶ
1251 1773 1328 1829 τὴν
1351 1774 1565 1828 βασιλείαν
1588 1790 1665 1816 σου

178 1936 410 1977 cognomento
437 1931 578 1966 Celetes
603 1933 831 1978 subrogatur.
880 1930 979 1965 Zeno
1009 1934 1123 1966 autem
1149 1941 1171 1965 a
1196 1927 1360 1974 tyrannis
1385 1927 1493 1963 otium
1517 1927 1666 1974 adeptus

177 1979 400 2014 Antiochena
423 1979 573 2013 ecclesia
598 1981 764 2014 exturbat
787 1979 1051 2022 Calandionem,
1074 1978 1182 2022 inque
1207 1977 1320 2011 Oasin
1343 1976 1499 2020 relegat,
1525 1975 1665 2021 episco-

178 2032 297 2072 patum
322 2026 429 2060 Petro
455 2026 624 2071 Cnapheo
648 2027 780 2060 reddit.
828 2026 859 2059 is
886 2025 1117 2059 Antiocheam
1141 2035 1307 2057 reversus
1332 2022 1440 2056 multa
1464 2021 1553 2056 mala
1577 2021 1668 2056 faci-

179 2085 269 2107 nora
293 2073 402 2117 fecit‚
427 2073 709 2107 damnationibus
738 2072 878 2107 concilii
903 2072 1026 2115 novis,
1051 2069 1283 2105 eiectiouibus
1306 2068 1563 2115 inculpatorum
1590 2067 1668 2114 epi-

181 2131 387 2165 scoporum,
425 2119 736 2154 substitutionibus
763 2124 800 2153 et
822 2119 1019 2153 delectibus
1040 2118 1099 2152 ille
1114 2117 1257 2161 ritimis,
1294 2116 1444 2161 aliisque
1474 2115 1511 2149 id
1541 2127 1668 2160 genus.

180 2179 259 2201 nam
287 2166 356 2200 iam
389 2172 471 2200 ante
503 2166 684 2200 adiecerat
706 2165 926 2200 sanctissimo
952 2165 1079 2209 hymno
1114 2161 1270 2198 ‘Christe
1293 2175 1376 2208 rex,
1412 2162 1578 2196 crucifixe
1604 2172 1668 2207 pro

180 2209 321 2248 nobis.”
370 2219 452 2258 post
484 2213 634 2247 reditum
669 2219 785 2247 autem
821 2212 966 2247 abstulit
998 2212 1086 2245 haec
1107 2207 1278 2244 “Christe
1301 2205 1402 2244 rex.''
1449 2214 1486 2243 et
1510 2208 1668 2243 Xenaias

179 2260 321 2306 quidam
347 2260 504 2293 Satanae
532 2271 657 2294 servus
689 2260 841 2294 docebat
866 2271 936 2293 non
960 2270 1039 2293 esse
1063 2257 1285 2303 recipiendas
1309 2254 1444 2290 Christi
1468 2261 1505 2290 et
1525 2260 1669 2289 sancto-

178 2318 256 2341 rum
283 2307 468 2351 imagines.
519 2313 597 2341 erat
629 2307 772 2340 natione
804 2306 935 2350 Persa,
973 2303 1175 2339 conditione
1210 2314 1346 2338 servus.
1397 2302 1455 2336 hic
1490 2314 1566 2336 cum
1602 2303 1667 2336 sub

180 2353 399 2388 Calandione
424 2354 642 2399 profugisset
666 2365 687 2387 a
709 2365 772 2388 suo
798 2352 957 2396 domino,
995 2363 1106 2398 pagos
1132 2349 1191 2396 qui
1217 2355 1299 2384 sunt
1321 2349 1414 2383 circa
1439 2349 1669 2383 Antiocheam

180 2412 202 2434 a
225 2400 295 2434 fide
321 2402 516 2442 avocabat;
552 2411 699 2445 cumque
731 2400 882 2434 nondum
916 2405 1011 2433 esset
1036 2398 1259 2444 baptizatus,
1294 2402 1411 2430 tamen
1437 2395 1601 2430 clericum
1629 2407 1669 2430 se

181 2459 260 2481 esse
284 2447 440 2482 dicebat.
489 2447 581 2480 hunc
606 2446 776 2481 Calandio
802 2446 1077 2491 profligaverat:
1103 2445 1166 2479 sed
1186 2442 1373 2487 Cnapheus
1397 2441 1668 2488 Hierapolitano

182 2494 403 2539 episcopatui
429 2493 605 2539 praefecit
630 2505 671 2527 ac
694 2492 924 2527 Philoxenum
951 2490 1159 2527 nominavit.
1207 2501 1355 2534 cumque
1381 2496 1504 2534 postea
1530 2488 1669 2522 intelle·-

180 2542 294 2575 xisset
318 2552 394 2574 eum
421 2552 490 2574 non
515 2553 595 2575 esse
621 2539 850 2586 baptizatum,
876 2540 1044 2575 sufficere
1070 2538 1104 2572 ei
1129 2536 1406 2582 designationem
1429 2536 1506 2570 loco
1531 2534 1670 2581 baptis—

183 2587 285 2621 matis
311 2587 517 2622 affirmavit.
565 2592 718 2622 ceterum
743 2586 968 2631 Eufflymius,
994 2585 1056 2631 qui
1079 2585 1124 2619 de
1143 2583 1316 2628 religione
1337 2582 1566 2616 rectissimam
1590 2588 1670 2615 tue-

184 2635 288 2669 batur
310 2634 538 2677 sententiam,
574 2633 796 2668 Anastasium
820 2632 1082 2676 silentiarium,
1120 2631 1181 2675 qui
1210 2634 1335 2676 postea
1363 2628 1532 2673 temporis
1557 2628 1670 2673 impe-

185 2679 276 2713 rium
309 2680 398 2715 male
431 2680 564 2726 gessit,
609 2680 761 2715 ecclesia
795 2680 902 2715 eiecit
934 2685 974 2715 ut
1007 2678 1222 2714 haereticum
1260 2681 1297 2711 et
1327 2675 1487 2720 Eutychi
1523 2686 1673 2710 consen-

184 2726 342 2760 tientem.

278 2795 379 2829 Anno
406 2798 448 2831 17
472 2796 570 2830 Zeno
596 2795 817 2840 Marianum,
850 2793 1147 2842 sapientissimum
1176 2790 1356 2836 comitem,
1393 2794 1430 2826 et
1461 2790 1523 2837 qui
1547 2801 1676 2825 arcana

188 2841 357 2886 quaedam
377 2844 572 2887 praesciret
596 2855 638 2878 ac
663 2842 868 2890 imperatori
887 2841 1072 2887 indicaret,
1099 2838 1335 2882 interrogavit
1359 2838 1518 2883 quisnam
1543 2837 1614 2872 sibi
1637 2837 1675 2870 in

189 2887 338 2935 imperio
368 2894 463 2923 esset
486 2901 726 2925 successurus.
773 2888 962 2936 respondit
994 2887 1053 2924 ille
1083 2883 1299 2932 “imperium
1336 2890 1373 2920 et
1405 2896 1549 2920 uxorem
1580 2890 1677 2919 tuam
