1742 3184
363 166 766 213 mSTomssum
797 167 1190 214 COMPENDIUM.
1415 171 1513 218 575

45 281 224 335 ἐξελθὼν
252 282 310 334 εἷς
335 281 411 338 τὴν
433 280 698 341 Χερρόνησον
723 280 892 343 Θρᾴκης
911 283 980 326 καὶ
1004 284 1168 338 σχεδίας
1186 282 1379 340 ποιήσας,
1412 287 1516 344 πρὸς

43 353 119 403 τὰς
145 351 389 403 ἀνατολικὰς
415 351 552 404 πόλεις
578 359 720 410 χωρεῖ’.
786 353 964 407 πολέμου
992 354 1036 396 δὲ
1061 356 1217 396 πολλοῦ
1248 356 1517 410 συρραγέντος

45 420 150 464 κατά
183 439 227 465 τε
257 426 334 478 γῆν
363 423 433 466 καὶ
459 420 681 466 θάλασσαν
710 421 895 466 ἀπώλετο
923 421 999 465 οὖν
1027 429 1114 473 τοῖς
1141 421 1290 466 ἑαυτοῦ
1318 423 1516 482 στρατεύ-

43 508 161 546 μασι.

12 570 34 607 5
184 562 276 602 Τοῦ
299 559 345 602 δὲ
368 555 673 617 Χρυσοστόμου
694 558 747 603 τὰ
768 564 842 615 τῆς
862 556 1093 617 ὅρθοδόξου
1115 559 1328 615 ἐκκλησίας
1346 558 1515 605 ἰθύνον-

44 644 115 678 τος
143 632 379 686 προσῆλθεν
411 629 522 686 αὐτῷ
551 646 614 679 τις
642 633 716 683 τῆς
739 634 820 672 τῶν
841 632 1163 673 Μακεδονιανῶν
1181 630 1372 687 αἱρέσεως
1389 648 1518 686 μετα-

43 695 209 752 νοήσας.
277 698 527 755 παραινέσας
547 698 593 740 ds*
612 699 679 740 καὶ
697 703 748 756 τῇ
765 700 848 758 ἰδίᾳ
866 704 1021 756 γαμετῇ
1041 699 1282 756 ἐπιστρέψαι
1302 702 1370 742 καὶ
1390 718 1520 754 μετα-

44 771 188 821 νοῆσαι
216 768 284 809 καὶ
313 771 575 822 κοινωνῆσαι,
609 765 730 821 μόλις
750 766 805 819 ὥς
824 770 952 823 δῆθεν
969 768 1135 811 ἔπεισεν.
1203 765 1230 824 ἦ
1254 769 1298 811 δὲ
1321 770 1450 814 δοῦσα
1467 775 1519 827 τῇ

43 838 237 893 παιδίσκῃ
261 838 472 879 κοινωνίαν
496 840 578 879 τῶν
600 838 924 881 ΙΙΙακεδονιανῶν
946 838 1147 880 ἐκέλευσεν
1169 835 1271 892 ἔχειν
1293 839 1394 892 μεθ’
1421 837 1519 882 ἔαυ-

0 909 128 960 [οτῆς.
197 906 264 948 καὶ
294 905 345 961 δὴ
371 909 664 963 προσελθοῦσα
690 911 749 965 τῷ
773 905 1083 965 Χρυσοστόμῳ,
1119 909 1186 949 καὶ
1217 908 1411 963 δεξαμένη
1441 907 1515 964 τὴν
1537 918 1567 953 Β

42 972 161 1030 ἁγίαν
179 977 391 1018 κοινωνίαν
411 977 455 1018 ἔκ
478 979 558 1019 τῶν
578 982 726 1032 χειρῶν
745 977 895 1029 αὐτοῦ,
923 974 1193 1033 ὖποκριθεΐσα
1216 976 1368 1032 ταύτης
1390 995 1519 1031 μετα-

42 1039 267 1094 λαμβάνειν
298 1044 445 1087 §iamne
475 1049 525 1102 τῇ
555 1046 772 1103 παιδίσκῃ,
807 1048 875 1088 καὶ
898 1045 972 1101 τὴν
992 1050 1073 1088 τῶν
1093 1048 1417 1089 Μακεδονιανῶν
1440 1051 1518 1089 λα-

40 1113 177 1166 βοῦσα
205 1108 401 1166 προσάγει
424 1119 482 1166 τῷ
502 1112 673 1169 στόματι
683 1147 696 1167 ,
732 1105 993 1171 καὶιεῦρίσκει
1015 1115 1142 1170 αὐτὴν
1159 1116 1280 1158 λίθον
1297 1122 1518 1171 γεγονυῖαν.

44 1180 228 1238 φρίξασα
260 1173 333 1220 οὖν
364 1179 603 1234 προσπίπτει
629 1185 688 1236 τῷ
718 1182 818 1237 ἁγίῳ
846 1182 1098 1237 ὑπότρομος,
1143 1183 1439 1243 ἐξαγορεύουσα
1468 1185 1515 1228 τὸ

0 1266 33 1303 [5
44 1247 234 1304 τόλμημα
254 1249 323 1290 καὶ
346 1250 566 1304 εἰλικρινῶς
585 1249 884 1305 προσερχομένη
908 1254 957 1306 τῇ
979 1250 1181 1308 ἐκκλησίᾳ.

182 1316 389 1373 Κύριλλος
416 1318 460 1360 δὲ
488 1314 509 1359 ὅ
538 1314 762 1373 ἄγιώτατος
772 1318 1077 1375 Ἀλεξανδρείας
1097 1319 1406 1374 ἇρχιεπίσκοπος
1425 1319 1519 1364 ἆνε-

42 1385 143 1442 ψιός
162 1381 213 1441 ἦν
238 1386 445 1444 Θεοφίλου
468 1386 571 1430 κατὰ
595 1385 743 1444 σάρκα.
811 1388 887 1437 ἕως
916 1388 960 1430 δὲ
984 1386 1143 1443 χρόνων
1164 1393 1284 1431 τινῶν
1304 1391 1371 1431 καὶ
1394 1390 1520 1441 αὐτὸς

43 1453 250 1512 προλήψει
268 1454 472 1498 δουλεύων
489 1454 545 1506 ὥς
564 1454 787 1513 ἄνθρωπος
796 1488 809 1507 ,
845 1458 912 1499 καὶ
931 1461 989 1514 τῷ
1012 1457 1201 1515 Θεοφίλῳ
1221 1455 1277 1508 ὥς
1295 1460 1396 1516 θείῳ
1417 1460 1520 1501 ἐπα-

43 1528 280 1578 κολουθῶν,
316 1525 474 1581 πονηρὰ
492 1524 596 1568 κατὰ
619 1530 691 1568 τοῦ
708 1524 1014 1582 Χρυσοστόμου
1033 1525 1194 1584 ε’φρόνει
1216 1544 1259 1569 τε
1278 1529 1344 1569 καὶ
1363 1529 1519 1584 ἐφθέγ-

0 1608 159 1651 ῃογετο·
190 1594 326 1649 ἐπειδὴ
353 1595 397 1637 δὲ
419 1597 537 1648 ζῆλος
559 1589 630 1650 ἦν,
666 1596 701 1637 εἲ
721 1596 786 1637 καὶ
809 1596 868 1650 μὴ
892 1594 990 1638 κατ’
1013 1596 1224 1651 ἐπίγνωσιν
1235 1628 1249 1648 ,
1286 1596 1334 1639 οὗ
1355 1595 1516 1655 φθόνος
1537 1605 1568 1641 C

47 1664 92 1707 δὲ
115 1663 208 1706 οὐδ’
233 1662 417 1715 ἔνστασις
437 1665 652 1719 διαβολικὴ
674 1664 720 1707 τὸ
736 1663 968 1719 μαχόμενον
976 1696 990 1716 ,
1021 1665 1090 1707 διὰ
1117 1668 1236 1708 τοῦτο
1269 1665 1382 1717 ἄξιος
1405 1668 1520 1724 διορ-

43 1730 217 1784 θώσεως
237 1734 383 1790 ἐκρίθη
406 1732 662 1788 ἀποκαλύψει
687 1735 764 1776 τινὶ
786 1738 982 1791 μυστικῇ,
1018 1734 1060 1776 ἓν
1086 1728 1114 1791 ᾗ
1146 1732 1274 1777 ἐδόκει
1300 1733 1519 1791 εὑρεθῆναι

44 1801 86 1846 ἴν
109 1820 186 1846 τινι
209 1807 377 1863 φοβερῷ
396 1805 463 1846 καὶ
486 1806 724 1861 περικαλλεῖ
737 1801 870 1863 τόπῳ,
905 1804 947 1846 ἐν
969 1797 1003 1864 ᾧ
1025 1802 1167 1859 πλήθη
1194 1801 1317 1860 ἆγίων
1338 1805 1518 1862 ἀγγέλων

135 1922 179 1960 15
201 1922 449 1969 προσεχομένη
470 1923 501 1958 Ρ

42 2039 205 2063 ronesum
229 2028 430 2075 profectus,
457 2026 591 2062 ratibus
616 2027 787 2063 consectis
812 2028 856 2063 ad
878 2029 983 2063 urbes
1008 2026 1168 2062 Orientis
1191 2038 1329 2062 cursum
1350 2026 1518 2064 instituit.

43 2075 108 2110 sed
130 2080 228 2110 terra
249 2075 407 2120 marique
429 2073 620 2109 commissis
643 2074 792 2120 pugnis,
814 2074 922 2120 periit
945 2086 1020 2109 cum
1040 2086 1103 2109 suo
1123 2075 1293 2108 exercitu.

136 2121 224 2156 Cum
248 2120 465 2156 orthodoxae
486 2119 656 2155 ecclesiae
679 2127 861 2166 praeesset
880 2120 1174 2166 Chrysostomus‚
1197 2119 1348 2155 accessit
1369 2120 1414 2155 ad
1437 2131 1516 2155 eum

42 2166 183 2213 quidam
208 2167 271 2213 qui
293 2179 316 2202 a
336 2167 592 2202 macedoniana
613 2173 711 2201 secta
741 2167 778 2201 in
808 2166 900 2201 w‘am
924 2166 1100 2211 redierat,
1134 2171 1171 2200 et
1201 2177 1344 2201 uxorem
1376 2177 1518 2211 quoque

42 2214 87 2248 ad
109 2214 202 2249 idem
226 2225 376 2260 operose
400 2214 616 2257 exhortatus,
640 2212 849 2258 impetrasse
873 2214 917 2247 ab
943 2225 985 2248 ea
1010 2213 1197 2247 videbatur
1216 2218 1255 2246 ut
1275 2211 1355 2258 ipsa
1377 2223 1518 2258 quoque

41 2261 87 2295 ad
107 2271 227 2295 veram
250 2272 368 2296 secum
392 2259 572 2295 ecclesiam
598 2259 734 2294 rediret
754 2271 796 2294 ac
819 2265 1070 2294 sacramentum
1098 2258 1380 2293 communicaret.
1428 2258 1518 2293 haec

40 2307 248 2353 particulam
269 2307 559 2342 Macedonianum
580 2305 728 2340 ancillae
747 2307 825 2350 dat,
850 2306 1017 2351 iubetque
1040 2316 1158 2340 secum
1180 2305 1390 2347 adservare3
1414 2309 1452 2338 et
1471 2305 1517 2340 ad

41 2353 329 2398 chrysostomum
354 2364 543 2398 aggressa,
576 2363 651 2386 cum
678 2364 812 2387 sacram
837 2351 1042 2397 particulam
1066 2352 1111 2386 de
1133 2351 1291 2386 manibus
1315 2351 1390 2385 eius
1413 2362 1519 2386 acce-

40 2399 165 2446 pisset,
188 2399 324 2445 fingens
349 2412 391 2434 ea
413 2411 453 2433 se
476 2397 574 2433 vesci
596 2398 742 2433 ancillae
761 2410 833 2433 eam
849 2398 1014 2444 porrigit,
1035 2396 1394 2442 Macedonianamque
1410 2397 1456 2431 ab
1474 2408 1519 2432 ea

38 2453 228 2492 repetens,
260 2456 337 2480 cum
361 2446 450 2480 hanc
474 2444 527 2479 ori
551 2443 774 2489 admoveret,
797 2444 909 2479 sensit
929 2445 965 2479 in
988 2443 1140 2490 lapidem
1162 2449 1340 2478 mutatam.
1388 2443 1519 2478 exhor-

39 2504 182 2527 rescens
211 2504 302 2537 ergo
335 2491 563 2526 tremebunda
594 2502 635 2525 se
667 2491 711 2526 ad
746 2491 851 2537 pedes
883 2491 997 2526 sancti
1023 2489 1184 2536 episcopi
1206 2489 1347 2534 abiicit,
1379 2488 1519 2524 facinus

39 2550 139 2574 suum
161 2540 351 2582 confitens,
380 2550 423 2572 ac
446 2544 517 2573 tum
541 2548 627 2571 vere
649 2538 694 2572 ad
717 2537 900 2572 ecclesiam
922 2550 963 2572 se
983 2538 1181 2571 conferens.

131 2584 288 2630 Cyrinus
311 2589 448 2629 autem,
475 2583 714 2618 sanctissimus
737 2583 978 2619 Alexandreae
1001 2582 1308 2629 archiepiscopus,
1332 2579 1520 2616 consobri-

38 2642 104 2666 nus
127 2636 206 2665 erat
228 2629 443 2676 Theophili3
478 2635 515 2665 et
538 2629 747 2675 aliquamdiu
773 2630 1048 2676 praesumptioni
1071 2629 1232 2664 serviens
1255 2634 1295 2663 ut
1318 2627 1441 2672 homo,
1475 2639 1520 2663 ao

39 2677 276 2722 Theophilum
309 2676 514 2711 avunculum
550 2687 724 2721 sequens,
756 2677 800 2711 de
824 2677 1077 2721 Chrysostomo
1102 2676 1192 2710 male
1215 2679 1251 2710 et
1278 2674 1456 2710 sentiebat
1480 2678 1519 2710 et

37 2722 260 2768 loquebatur.
306 2723 391 2768 quia
413 2728 527 2757 autem
548 2723 691 2758 fervens
715 2723 781 2757 hoc
805 2728 882 2758 erat
904 2722 1054 2757 studium
1078 2721 1278 2769 pugnandi,
1312 2732 1382 2756 non
1405 2731 1428 2756 a
1449 2731 1517 2754 no-

38 2770 120 2805 titia
140 2770 243 2813 veri,
276 2781 391 2815 neque
412 2775 530 2804 tamen
551 2770 596 2803 ab
620 2769 755 2804 invidia
782 2775 842 2804 aut
869 2769 1043 2804 diabolica
1064 2767 1267 2815 pervicacia
1289 2773 1425 2811 ortum,
1459 2765 1517 2802 di-

38 2827 127 2860 gnus
150 2821 206 2851 est
228 2815 369 2851 habitus
391 2816 453 2861 qui
473 2816 511 2850 in
534 2815 626 2851 viam
649 2822 879 2851 revocaretur
901 2817 1049 2861 mystica
1080 2815 1228 2871 quadam
1251 2844 1253 2846 .
1285 2812 1517 2849 atefactioue.

37 2861 247 2909 imaginatus
270 2862 363 2899 enim
385 2868 440 2899 est
462 2861 620 2909 cyrillus
642 2874 684 2899 se
707 2874 787 2899 esse
807 2863 956 2910 quodam
979 2862 1134 2900 terribili
1154 2873 1198 2900 ac
1218 2874 1244 2908 p
1281 2859 1454 2897 cherrimo
1476 2859 1516 2894 in
