1742 3184
180 164 281 215 682
665 168 908 215 GEORGII
935 168 1185 214 GEDRENI

176 281 400 338 ἀδικοῦντα
418 280 445 339 ἢ
468 280 747 338 ἀδικούμενον.
818 285 853 327 εἴ
877 282 925 326 δέ
946 301 1007 334 τις
1027 281 1253 340 ὖπομνήσει
1272 285 1368 343 περί
1385 303 1492 338 τινος
1509 283 1666 330 ὑποθέ-

124 360 157 397 Β
182 369 285 404 σεως
306 347 356 409 ἧς
379 352 538 409 ἤκουσα
560 354 638 410 ἐγὼ
658 355 726 397 καὶ
749 353 823 396 οὐκ
845 354 1079 410 ἐξεδίκησα,
1115 359 1344 413 κεφαλικῶς
1371 355 1666 414 τιμωρηθήσος-

176 422 301 478 pean-'³
372 427 491 466 τοῦτο
524 428 598 466 τοῦ
623 422 825 478 βασιλέως
847 423 1032 479 ἀσμένως
1052 424 1356 480 ἀποδεξαμένου
1374 427 1663 484 προεχειρίσθη

177 492 368 550 ἔπαρχος.
430 493 561 536 ἕωθεν
582 493 627 536 δὲ
646 493 710 535 ἐπὶ
732 497 790 551 τῷ
813 493 1020 552 ἓπαρχικῷ
1040 492 1198 550 βήματι
1218 497 1571 552 προκαθίσαντος,
1598 496 1670 539 καί

176 580 287 613 τινος
319 561 433 621 αὐτῷ
459 562 646 619 γυναικὸς
671 561 807 619 χήρας
833 562 1146 621 προσελθούσης
1166 566 1234 607 καὶ
1256 564 1448 622 φησάσης
1465 564 1521 617 ὡς
1540 564 1699 622 μάγι-Ξ)

176 630 302 690 στρός
321 649 382 682 τις
403 630 673 689 καθήρπασεν
697 632 824 688 αὐτῆς
846 632 920 689 τὴν
943 633 1087 678 οὐσίαν
1112 632 1299 687 ἅπασαν,
1335 635 1564 679 ἀπέστειλεν
1590 636 1667 679 αὗ-

175 702 251 758 τὴν
283 701 388 756 μετὰ
422 704 652 759 σφραγῖδος
675 704 796 746 εἰπεῖν
818 707 878 762 τῷ
900 704 1113 763 μαγίστρῳ
1133 705 1438 762 παραγενέσθαι
1460 707 1667 748 δικαιολο-

175 769 477 829 γηθησόμενον.
546 776 621 828 τῆς
656 773 700 815 δὲ
733 771 998 829 ἀπελθούσης
1024 775 1092 816 καὶ
1120 778 1279 829 μᾶλλον
1308 777 1560 834 τυφθείσης,
1596 775 1668 817 ἕνα

177 846 260 884 τῶν
294 840 424 884 αὐτοῦ
454 841 704 900 κουρσώρων
733 840 755 886 ὃ
789 842 967 900 ἔπαρχος
994 843 1099 901 πρὸς
1131 843 1202 888 τὸν
1233 843 1459 903 μα’γιστρον
1489 846 1666 901 ἔπεμψε*

176 910 359 954 κάκεῖνον
388 911 768 969 παραλογισάμενος
794 912 1082 968 ἀπεπέμψατο.
1149 917 1223 956 τοῦ
1255 915 1299 957 δὲ
1329 913 1509 972 ἐπάρχου
1537 916 1579 957 ἓν
1609 917 1667 972 τῷ
1681 921 1725 957 10

177 981 327 1039 ἱππικῷ
349 980 420 1024 τὸν
441 980 668 1040 μάγιστρον
691 984 979 1038 ἐκδεχομένου,
1018 984 1147 1027 αὐτοῦ
1164 1001 1207 1028 τε
1227 989 1300 1028 τοῦ
1324 985 1552 1042 μαγίστρου
1570 988 1670 1039 κλη-

179 1050 328 1101 θέντος
362 1054 418 1103 εἷς
444 1051 518 1108 τὴν
545 1053 765 1109 βασιλικὴν
793 1051 995 1107 ἑστίασιν,
1031 1047 1138 1109 ἦλθε
1157 1056 1224 1097 καὶ
1243 1052 1264 1097 ὃ
1281 1054 1458 1112 ἔπαρχος
1475 1055 1579 1113 πρὸς
1600 1053 1671 1096 τὸν

125 1130 158 1166 c
180 1121 378 1175 βασιλέα,
414 1123 483 1164 καὶ
507 1125 609 1180 φησὶ
630 1123 734 1180 πρὸς
756 1121 882 1166 αὐτόν
909 1121 977 1166 “εἶ
993 1123 1069 1177 μὲν
1088 1123 1116 1167 ἃ
1135 1123 1391 1182 προσέταξας
1407 1142 1480 1179 μοι
1490 1156 1503 1176 ,
1539 1119 1572 1167 ὦ
1589 1128 1672 1178 βα-

177 1194 315 1243 σιλεῦ’,
347 1190 586 1248 φυλάττεις,
616 1197 689 1236 τοῦ
717 1192 776 1248 μὴ
811 1194 1031 1251 φείδεσθαι
1050 1198 1133 1236 τῶν
1154 1194 1251 1246 τοὺς
1270 1194 1457 1250 πτωχοὺς
1482 1191 1673 1236 ἀδικούν*

178 1278 261 1304 των
271 1292 285 1313 ,
320 1262 457 1317 γνῶθί
473 1279 524 1317 με
546 1267 777 1306 τελειοῦντα
796 1263 871 1317 τὴν
891 1262 996 1318 ἐμὴν
1013 1260 1246 1318 ὗπόσχεσιν.
1317 1266 1351 1307 εἶ
1377 1264 1421 1307 δὲ
1445 1260 1672 1319 μεταμελό-
1686 1269 1729 1305 15

177 1347 301 1385 μενος
328 1332 476 1389 φίλους
502 1335 662 1387 μᾶλλον
693 1337 852 1391 σεαυτῷ
883 1339 1010 1383 ποιεῖς
1037 1335 1104 1376 καὶ
1132 1338 1346 1394 συνεστιᾷς
1359 1365 1372 1386 ,
1407 1338 1541 1391 γνῶθι
1570 1332 1675 1388 κάμὲ

178 1399 558 1458 παραιτούμενον.”
632 1404 700 1445 καὶ
725 1401 746 1446 ὃ
767 1401 963 1458 βασιλεύς
981 1400 1051 1446 “et'
1075 1401 1153 1459 ἐγώ
1174 1405 1255 1459 εἶμι
1277 1401 1298 1446 ὃ
1319 1404 1494 1455 ἀδικῶν,
1527 1402 1674 1454 ἐξανά-

179 1469 331 1526 στησόν
350 1488 403 1526 με
422 1476 497 1515 τοῦ
517 1471 723 1531 θρόνου.”
797 1471 818 1516 ὃ
839 1473 884 1515 δὲ
907 1473 1052 1516 αὐτίκα
1072 1473 1143 1516 τὸν
1161 1472 1387 1531 μάγιστρον
1404 1475 1552 1529 βιαίως
1570 1472 1676 1531 ἄρας

178 1539 222 1582 ἓν
254 1544 306 1598 τῇ
338 1541 532 1599 λεγομένῃ
561 1546 698 1601 χαλκῇ
730 1543 993 1600 παρεγένετο,
1044 1544 1114 1586 καὶ
1154 1542 1581 1601 ἀκριβολογησάμενος
1622 1541 1676 1585 τὰ

179 1610 283 1667 παρ’
307 1610 553 1669 ἀμφοτέρων
570 1610 789 1669 λεγόμενα,
825 1614 894 1655 καὶ
909 1612 1030 1669 γνοὺς
1051 1610 1108 1663 ὡς
1123 1613 1171 1656 οὗ
1192 1617 1350 1672 μικρῶς
1366 1612 1548 1669 ἠδικήθη
1570 1611 1673 1669 παρ’
1685 1614 1733 1650 20

180 1679 311 1723 αὐτοῦ
344 1678 370 1735 ἢ
403 1680 504 1737 γυνή
518 1714 532 1734 ,
568 1681 708 1737 τύψας
730 1681 856 1725 αὐτὸν
878 1684 946 1725 καὶ
971 1682 1046 1738 τὴν
1069 1683 1253 1740 κεφαλὴν
1274 1684 1413 1741 κείρας
1432 1685 1501 1725 καὶ
1523 1682 1678 1738 γυμνὸν

180 1747 262 1807 ὄνῳ
282 1750 531 1801 ἐπικαθίσας
552 1752 622 1794 διὰ
642 1754 770 1806 μέσης
791 1757 864 1807 τῆς
885 1751 1042 1804 πόλεως
1058 1744 1338 1810 ἐθριάμβευσε
1349 1784 1363 1805 ,
1400 1752 1497 1802 δοὺς
1524 1757 1573 1809 τῇ
1603 1769 1678 1808 γυ-

125 1824 158 1860 D
182 1820 289 1862 ναικὶ
310 1823 447 1863 πᾶσαν
469 1820 544 1875 τὴν
562 1823 800 1879 περιουσίαν
819 1822 986 1864 ἐκείνου.
1053 1825 1123 1863 καὶ
1156 1822 1200 1864 ἐκ
1231 1820 1379 1866 τούτου
1404 1819 1551 1873 πάντες
1575 1823 1680 1865 ἐσω-

182 1950 283 1987 illata
312 1950 350 1986 in
383 1953 473 1988 urbe
507 1952 566 1988 vel
600 1956 747 1999 accepta
778 1952 923 1988 iniuria.
971 1953 1100 1999 quodsi
1126 1954 1207 2000 quis
1228 1955 1391 2010 proferet
1405 1953 1550 2012 culpam
1575 1965 1680 1999 quam

184 2010 252 2044 ego
276 1998 361 2033 mihi
383 1998 574 2034 indicatam
598 2012 669 2034 non
694 2000 912 2046 puniverim,
935 2000 1054 2045 capite
1077 2013 1132 2035 me
1155 2000 1265 2047 plecti
1282 1997 1429 2040 inbeoss’
1475 2005 1681 2048 pergratum

183 2045 253 2079 hoc
283 2045 492 2091 imperatori
517 2046 605 2091 fuit,
642 2058 791 2093 eumque
819 2047 1039 2093 praefectum
1063 2047 1162 2082 urbis
1186 2047 1385 2083 constituit.
1433 2046 1465 2082 is
1490 2059 1576 2093 ergo
1602 2059 1682 2082 cum

184 2103 287 2126 mane
311 2104 376 2137 pro
400 2093 569 2128 tribunali
590 2094 754 2137 sederet,
786 2099 823 2128 et
844 2093 1017 2138 quaedam
1040 2094 1149 2130 vidua
1171 2101 1381 2141 quereretur
1404 2106 1444 2129 se
1468 2106 1489 2129 a
1511 2093 1681 2138 magistro

185 2138 337 2183 quodam
363 2139 523 2174 omnibus
555 2140 630 2175 suis
662 2140 889 2175 facult-atibus
913 2140 1121 2186 spoliatam,
1157 2142 1270 2176 mittit
1290 2154 1366 2176 eam
1391 2153 1468 2176 cum
1490 2141 1606 2186 sigillo
1636 2141 1683 2176 ad

184 2185 392 2230 magistrum
416 2186 532 2226 illum
566 2187 739 2232 iubetque
762 2199 840 2221 eum
865 2187 910 2221 ad
933 2187 1118 2222 dicendam
1142 2200 1282 2223 causam
1306 2189 1444 2223 venire.
1492 2199 1570 2222 cum
1605 2199 1681 2222 eam

183 2231 357 2276 magister
381 2233 588 2269 verberibus
612 2234 701 2269 male
724 2234 911 2268 mulcatam
933 2234 1148 2279 remisisset,
1177 2235 1286 2270 mittit
1305 2236 1509 2280 praefectus
1532 2235 1578 2269 ad
1602 2246 1682 2269 eum

184 2279 231 2312 de
263 2280 470 2315 cursoribus
497 2280 571 2315 suis
595 2293 720 2316 unum:
758 2280 851 2315 hunc
882 2292 1024 2326 quoque
1045 2281 1077 2315 is
1102 2282 1222 2317 verbis
1246 2281 1403 2317 delusum
1428 2281 1575 2316 dimisit.
1624 2280 1681 2317 ἰιι-

183 2325 288 2360 terim
322 2327 402 2361 dum
436 2327 641 2372 praefectus
673 2327 709 2362 in
745 2328 854 2362 Circo
885 2327 990 2362 sedet
1019 2328 1298 2374 magistrumque
1329 2328 1510 2374 operitur,
1545 2327 1604 2362 hic
1636 2327 1683 2363 ad

185 2372 388 2408 convivium
413 2375 457 2408 ab
479 2374 695 2432 imperatore
715 2380 878 2409 vocatur.
928 2375 1051 2409 eodem
1075 2387 1116 2410 se
1139 2376 1341 2431 praefectus
1367 2386 1508 2420 quoque
1529 2374 1682 2419 confert,

185 2418 308 2464 aitque
335 2419 541 2466 imperatori
585 2418 630 2456 si
652 2421 690 2455 in
713 2433 777 2466 eo,
808 2421 1022 2475 imperator,
1053 2422 1237 2467 persmtis,
1270 2422 1365 2468 quod
1387 2421 1473 2455 mihi
1497 2421 1686 2466 mandasti,

186 2477 232 2499 ne
258 2466 315 2500 cui
339 2478 459 2502 eorum
483 2468 545 2514 qui
568 2479 746 2513 pauperes
767 2448 977 2502 concutiunt
1000 2480 1162 2515 parcam,
1194 2469 1284 2504 scito
1309 2481 1364 2502 me
1388 2467 1573 2513 promissis
1596 2467 1686 2502 meis

184 2511 463 2552 satisfacturum.
512 2515 569 2549 sin
602 2526 663 2549 eos
699 2520 739 2550 tu
773 2514 996 2560 poenitentia
1027 2516 1154 2550 ductus
1185 2516 1316 2550 amicos
1351 2515 1469 2560 potius
1502 2515 1615 2549 habes
1649 2518 1686 2548 et

184 2559 363 2594 conviviis
397 2561 567 2606 adhibes,
602 2562 695 2596 scias
728 2573 784 2595 me
809 2572 953 2606 quoque
976 2561 1178 2596 detrectare
1203 2574 1245 2597 ea
1269 2573 1361 2606 quae
1384 2561 1423 2596 in
1447 2573 1503 2595 me
1526 2557 1674 2606 recepi-⁹

185 2603 404 2663 imperatore
435 2609 675 2653 respondente
699 2607 752 2642 uti
776 2608 932 2653 seipsum
957 2608 1076 2654 potius
1101 2609 1191 2643 solio
1221 2608 1450 2652 detraheret,
1483 2607 1516 2642 si
1547 2615 1684 2642 sontem

187 2651 273 2686 talis
299 2654 457 2689 criminis
482 2655 612 2699 sciret,
648 2655 862 2700 praefectus
855 2654 972 2688 illico
997 2655 1202 2700 magistrum
1225 2654 1262 2690 vi
1286 2654 1462 2700 abripuit,
1499 2659 1536 2689 et
1559 2654 1597 2688 in
1621 2665 1684 2688 cu-

188 2698 276 2732 riam
300 2711 392 2744 quae
416 2702 533 2736 Αἱέιεει
555 2701 687 2736 dicitur
713 2713 791 2736 cum
815 2713 859 2736 eo
883 2701 986 2737 abiit.
1035 2702 1089 2737 ibi
1109 2702 1300 2748 diligenter
1319 2701 1504 2746 utriusque
1522 2712 1687 2735 sermone

188 2744 435 2792 considerato,
470 2760 546 2783 cum
580 2748 675 2783 haud
704 2747 843 2783 levibus
880 2747 1021 2783 iniuriis
1053 2750 1098 2783 ab
1125 2761 1167 2783 eo
1192 2749 1356 2784 affectam
1381 2748 1560 2782 mulierem
1586 2759 1682 2782 com-

189 2790 365 2846 perisset,
399 2795 609 2829 verberibus
633 2794 810 2842 impositis
834 2794 966 2829 homini
989 2801 1097 2841 caput
1118 2795 1228 2840 rasit,
1261 2795 1434 2840 asinoque
1457 2795 1585 2829 nudum
1616 2793 1683 2827 im-

189 2837 342 2883 positum
368 2851 435 2893 per
457 2842 603 2876 mediam
626 2843 748 2876 urbem
767 2841 905 2876 veluti‘
895 2853 931 2876 ιιι
951 2842 1128 2897 triumpho
1147 2823 1267 2886 duxit,
1290 2847 1328 2876 et
1349 2852 1471 2876 omnes
1494 2841 1570 2875 eius
1595 2851 1684 2885 opes

192 2883 332 2921 mulieri
353 2886 505 2923 addixit.
552 2888 620 2924 hoc
644 2888 840 2935 exemplum
860 2888 1018 2935 reliquos
1039 2888 1094 2924 ita
1115 2889 1153 2924 in
1176 2888 1269 2924 viam
1293 2888 1454 2934 redegit,
1484 2892 1526 2923 nt
1551 2886 1683 2932 ubique
