1742 3184
194 165 293 213 338
675 165 915 211 GEORGII
942 165 1189 210 GEDRENI

192 285 330 337 κομῶν
361 278 383 325 ὅ
415 276 636 338 γεννάδας,
677 278 782 338 πρὸς
806 284 937 338 γῆρας
956 279 1092 323 ἐλθὼν
1113 280 1316 338 αῗφνίὸιον
1337 282 1395 331 εἷς
1413 278 1487 335 τὴν
1503 279 1670 338 χείρονα

191 349 428 407 μετεβλήθη
449 347 636 406 γνώμην,
679 348 782 392 ὥστε
805 351 872 391 καὶ
893 356 1171 407 παραφρονεῖν
1193 349 1316 392 αὐτὸν
1335 354 1583 405 νομισθῆναι
1603 351 1671 392 καὶ

190 419 247 471 ὥς
266 418 344 463 ὕπὸ
368 421 562 474 δαίμονος
582 415 828 461 ἐλαύνεσθαι
856 417 958 476 πρὸς
987 423 1125 461 πᾶσαν
1158 418 1441 478 ἄνοσιουργίαν
1463 421 1530 461 καὶ
1555 436 1669 474 μιαι-

192 491 339 548 φονίαν
357 506 398 533 u
422 490 489 532 καὶ
515 488 817 544 οἳστρηλασιάν.
885 488 955 530 καὶ
985 486 1034 530 οὗ
1065 485 1191 543 μόνον
1221 488 1262 531 ἕν
1295 494 1385 540 τοῖς
1411 488 1516 531 κατὰ
1546 485 1670 546 φύσιν

193 561 259 602 καὶ
281 558 396 616 παρὰ
418 556 542 615 φύσιν
564 555 709 599 ἑαυτὸν
731 553 960 612 ἒβεβήλωσε
979 556 1084 599 καθ’
1109 555 1363 614 ὑπερβολήν,
1412 557 1518 600 ἀλλὰ
1539 559 1607 599 καὶ
1629 558 1704 600 ἒνό

193 627 304 686 πάσῃ
328 628 467 688 ἀδικία
495 627 561 669 καὶ
590 626 812 684 τυραννίδι.
880 624 1010 677 οὕτως
1031 621 1103 669 οὖν
1121 626 1196 682 τὴν
1221 627 1352 685 ἀρχὴν
1373 624 1582 682 διοικήσας
1606 627 1673 668 καὶ

142 701 175 738 D
198 699 241 749 ἐξ
265 696 539 754 ἀγαθοεργίας
569 696 624 746 εἰς
653 695 889 753 κακοεργίαν
919 698 1173 751 κατενεχθεὶς
1203 700 1364 757 φοβερᾷ
1390 696 1465 750 μὲν
1496 693 1674 750 ὠμότητι

194 771 363 827 μυσαρᾷ
386 766 430 808 δὲ
447 765 655 824 πλεονεξίᾳ
676 766 745 807 καὶ
768 764 1038 826 αἰσχρουργίᾳ
1057 767 1329 823 καταστρέφει
1348 765 1420 808 τὸν
1441 767 1556 820 βίον,
1593 782 1676 819 μη-

197 837 266 880 δὲν
294 837 337 878 ἐκ
366 840 440 890 τῆς
466 832 757 892 προλαβούσης
779 835 1087 891 καλοκαγαθίας
1115 836 1183 878 καὶ
1206 835 1410 892 ἀριστείας
1434 834 1677 892 ὠφεληθείς,

198 905 304 949 ἀλλὰ
326 906 393 947 καὶ
412 907 571 959 μᾶλλον
588 901 668 947 ὕπὸ
688 901 850 947 πάντων
867 906 1060 960 μισηθεὶς
1080 902 1135 955 ὥς
1157 906 1198 948 ἓν
1217 908 1276 963 τῷ
1296 904 1400 948 τέλει
1420 902 1468 947 τὸ
1487 908 1567 946 πᾶν
1586 904 1678 954 ἓξυ-
1691 911 1736 947 10,

197 975 347 1032 βρίσας
364 975 433 1017 καὶ
456 974 706 1031 διαφθείρας
712 1006 726 1025 ,
762 974 830 1016 καὶ
855 974 912 1024 εἷς
941 972 1103 1017 αἶώνιον
1128 972 1296 1017 κόλασιν
1322 974 1425 1030 μετὰ
1451 977 1533 1016 τῶν
1553 973 1681 1015 αὐτοῦ

200 1042 351 1099 ὁμοίων
380 1042 541 1098 ἀσεβῶν
563 1042 821 1098 ἀπενεχθείς·
867 1042 964 1093 τούς
984 1044 1063 1100 γὰρ
1086 1045 1340 1101 ἐγκρίνοντας
1357 1047 1413 1093 εἷς
1434 1042 1509 1093 τὰς
1529 1058 1681 1099 στραγ-

199 1113 346 1170 γαλιάς
374 1110 518 1164 ἀπάξει
538 1109 677 1170 κύριος
703 1112 806 1167 μετὰ
830 1116 913 1156 τῶν
932 1113 1206 1170 ἐργαζομένων
1225 1113 1300 1166 τὴν
1319 1113 1506 1167 ἀνομίαν.
1575 1108 1682 1154 εἰκό-

200 1199 282 1234 τως
312 1175 385 1225 οὖν
416 1179 438 1224 ὃ
467 1181 542 1236 μὲν
572 1179 800 1232 ἀπόστολος
830 1180 962 1238 ἔλεγεν
990 1180 1049 1224 “ὃ
1076 1180 1345 1239 ἐναρξάμενος
1370 1183 1412 1224 ἓν
1439 1179 1538 1236 ὑμῖν
1567 1179 1683 1237 ἔργον

203 1251 366 1308 ἀγαθὸν
383 1250 644 1312 ἓπιτελέσειῖζ
717 1249 739 1294 ὃ
762 1251 808 1294 δὲ
827 1250 967 1310 κύριος
984 1253 1108 1309 φησίν
1138 1250 1198 1294 “ὃ
1232 1249 1452 1306 ὑπομείνας
1480 1252 1536 1301 εἷς
1556 1251 1682 1301 τέλος,
1698 1255 1740 1291 15

203 1315 322 1373 οὗτος
341 1317 622 1376 σωθήσεται.”

56 1405 86 1441 P
114 1401 182 1439 193
336 1388 386 1432 ‘O
409 1390 542 1433 τοίνυν
562 1388 810 1445 πολυμαθὴς
833 1391 901 1432 καὶ
921 1391 1153 1446 πολυίστωρ
1172 1389 1394 1445 Εὐσέβιος,
1425 1389 1466 1432 ἓν
1484 1395 1570 1439 τοῖς
1581 1405 1686 1445 χρο-

204 1465 329 1510 νικοῖς
356 1456 500 1502 κανόσι
531 1460 622 1516 περὶ
653 1463 735 1503 τῶν
762 1457 980 1514 Ἀντιόχων
1013 1460 1080 1502 καὶ
1101 1458 1308 1502 Σελεύκων
1330 1461 1398 1502 καὶ
1417 1459 1688 1512 Πτολεμαίων

206 1530 276 1573 καὶ
306 1533 389 1571 τῶν
414 1527 519 1583 μετὰ
549 1527 624 1583 τὴν
657 1528 701 1571 ἐκ
730 1534 803 1582 τῆς
828 1531 1082 1584 Βαβυλῶνος
1113 1527 1310 1571 ἐπάνοδον
1336 1528 1689 1584 καθηγησαμένων

208 1598 428 1656 ἀρχιερέων
455 1596 613 1648 διεξιὼν
643 1597 685 1639 ἐν
708 1597 880 1654 ἐπιτομῇ
890 1630 904 1649 ,
939 1595 1037 1640 τάδε
1062 1599 1197 1654 φησίν.
1268 1596 1289 1640 ὅ
1313 1602 1411 1654 γοῦν
1426 1597 1742 1654 Ἀλέξανδροςὲῦ

210 1666 233 1709 ὃ
253 1669 335 1710 τῶν
358 1663 616 1710 ΖΠακεδόνων
636 1667 831 1720 βασιλεὺς
851 1667 965 1709 ἕκτον
987 1665 1075 1717 ἔτος
1094 1666 1203 1722 ἄγων
1223 1671 1296 1723 τῆς
1315 1668 1550 1722 βασιλείας,
1581 1666 1690 1721 ,Λα-

211 1741 318 1794 ρεῖον
334 1734 404 1778 τὸν
419 1732 627 1793 Ἀρσάμου
646 1735 962 1793 χειρωσάμενος,
983 1739 1147 1779 καθειλε
1167 1736 1240 1793 τὴν
1257 1739 1435 1795 Περσῶν
1454 1737 1692 1780 δυναστείαν

308 1869 327 1903 1
352 1864 448 1910 πρὸς
469 1865 587 1910 γῆρας
609 1863 749 1911 ἐλθών]
775 1866 862 1902 haec
884 1879 960 1902 cum
980 1879 1088 1913 supra
1107 1872 1189 1902 ante
1207 1865 1333 1912 λόγοις
1350 1866 1577 1913 φιλοσόφοις
1589 1855 1693 1913 Ἰεζε-

306 1918 442 1958 rentur,
465 1912 729 1959 transponenda
752 1924 831 1948 esse
853 1913 987 1949 monuit
1011 1925 1129 1959 margo
1153 1914 1182 1947 P

216 2030 322 2064 vecta
345 2030 464 2062 aetate
487 2026 604 2062 subito
632 2026 786 2062 descivit
806 2027 848 2062 ad
873 2026 975 2072 vitia,
998 2026 1050 2062 ita
1073 2027 1213 2073 quidem
1237 2030 1276 2062 ut
1299 2027 1345 2062 de
1369 2031 1548 2073 potestate
1570 2027 1698 2063 mentis

216 2074 348 2109 exiisse
373 2078 578 2120 putaretur,
617 2078 654 2109 et
679 2085 701 2109 a
729 2073 818 2108 malo
846 2073 966 2119 aliquo
993 2074 1099 2118 genio
1131 2075 1174 2109 ad
1208 2075 1326 2109 omnia
1347 2075 1486 2120 flagitia
1507 2074 1698 2121 parricidia

216 2120 459 2165 insaniamque
482 2119 672 2165 exagitari.
720 2131 790 2154 non
810 2120 901 2155 enim
925 2121 1084 2155 omnibus
1107 2121 1208 2155 modo
1232 2126 1269 2155 et
1291 2122 1508 2156 naturalibus
1533 2126 1569 2156 et
1595 2126 1698 2156 natu-

216 2180 281 2203 rae
301 2167 462 2202 adversis
482 2166 650 2202 maiorem
672 2166 710 2202 in
728 2166 865 2202 modum
884 2178 964 2202 sese
986 2166 1165 2213 polluebat
1189 2167 1420 2213 libidinibus»,
1445 2169 1510 2203 sed
1534 2168 1578 2202 iis
1600 2168 1701 2202 insu-

218 2226 285 2261 per
302 2224 404 2248 omne
421 2212 619 2248 iniustitiae
638 2225 681 2248 ac
704 2213 923 2248 crudelitatis
941 2225 1052 2259 genus
1072 2214 1237 2249 addebat.
1286 2214 1338 2249 ita
1359 2226 1444 2260 ergo
1466 2220 1568 2259 gesto
1586 2214 1700 2260 impe—

218 2260 275 2295 rio
303 2264 344 2295 ut
374 2271 398 2295 a
424 2260 559 2294 virtute
588 2260 634 2295 ad
666 2260 918 2316 turpitudinem
949 2260 1135 2305 prolapsus
1167 2261 1322 2296 terribili
1350 2261 1503 2296 saevitia
1523 2261 1701 2305 foedaque

219 2305 374 2342 avaritia
399 2310 436 2341 et
459 2306 701 2341 obscoenitate
725 2307 864 2341 mfamis
888 2311 1002 2352 esset,
1028 2307 1133 2342 vitam
1159 2307 1253 2343 finiit
1270 2306 1365 2342 nullo
1388 2308 1562 2354 pristinae
1585 2306 1701 2342 virtu—

219 2352 268 2388 tis
289 2358 458 2398 percepto
481 2353 612 2397 fructu,
639 2353 703 2388 sed
727 2358 824 2388 tanto
848 2352 961 2397 magis
988 2365 1116 2388 exosus
1141 2355 1322 2399 omnibus,
1357 2354 1419 2400 qui
1441 2355 1486 2389 ad
1510 2359 1702 2389 extremum

220 2398 412 2434 libidinose
446 2399 562 2434 omnia
595 2399 820 2444 deturpasset
853 2405 960 2444 atque
994 2400 1240 2445 pervertisset.
1287 2401 1320 2435 is
1357 2412 1443 2446 ergo
1477 2401 1522 2435 ad
1557 2405 1705 2435 aeterna

221 2445 396 2491 supplicia
419 2458 496 2481 cum
519 2446 679 2480 omnibus
700 2446 812 2491 ipsius
836 2445 1007 2481 similibus
1029 2446 1212 2481 toleranda
1233 2447 1342 2482 abiit:
1376 2447 1438 2492 qui
1461 2446 1552 2481 enim
1579 2446 1615 2481 in
1643 2457 1702 2480 sa-

221 2491 336 2526 lebras
361 2492 551 2537 declinant,
575 2504 636 2527 eos
655 2492 814 2527 dominus
837 2504 913 2527 cum
935 2492 1124 2538 flagitiosis
1144 2494 1296 2528 abducet
1321 2493 1467 2536 (Psalm.
1490 2493 1587 2536 124).
1619 2504 1705 2537 pro—

222 2537 307 2572 inde
325 2539 493 2574 convenit
510 2538 578 2573 huc
601 2539 695 2583 quod
720 2538 908 2585 Apostolus
933 2539 1024 2573 dixit
1047 2539 1221 2586 (Philipp.
1243 2541 1303 2583 1)=
1330 2536 1384 2573 “is
1403 2539 1465 2584 qui
1489 2545 1613 2574 auctor
1638 2550 1703 2572 vo-

223 2583 281 2618 bis
300 2584 370 2618 suit
388 2590 487 2620 recte
510 2585 655 2630 agendi,
679 2586 710 2620 is
735 2585 839 2620 etiam
862 2585 1028 2630 perficiet
1038 2582 1073 2631 ‚''
1097 2591 1134 2621 et
1156 2586 1314 2621 domiuus
1343 2586 1491 2629 (Matth.
1515 2587 1596 2630 1o):
1618 2581 1705 2630 “qui

225 2629 271 2664 ad
288 2629 394 2665 finem
417 2642 530 2677 usque
554 2637 773 2677 perseverat,
796 2632 828 2666 is
852 2629 1091 2667 servabitur-'²

317 2676 518 2722 Eusebius,
551 2678 680 2713 multae
697 2678 755 2712 vir
779 2677 1007 2723 eruditionis,
1039 2678 1335 2723 plurimarumque
1359 2689 1478 2713 rerum
1502 2676 1707 2722 cognitione

224 2719 388 2766 insignis,
412 2723 450 2758 in
474 2724 606 2759 tabulis
628 2724 822 2760 Annalibus
845 2724 890 2758 de
908 2725 1092 2759 Antiochis
1116 2723 1278 2759 Seleucis
1302 2724 1529 2768 Ptolemaeis,
1554 2729 1590 2758 et
1615 2734 1705 2769 pon-

227 2766 382 2802 tificibus
401 2770 462 2813 qui
482 2775 565 2815 post
582 2771 734 2806 reditum
753 2783 796 2805 ex
818 2770 1002 2814 Babylone
1024 2771 1154 2817 populo
1178 2771 1323 2805 Iudaico
1350 2771 1591 2816 praefuerunt,
1617 2770 1706 2803 haec

226 2814 434 2866 compendio
465 2816 604 2851 scribit.
651 2817 852 2852 Alexander
882 2817 1111 2852 Macedonum
1152 2830 1216 2852 rex
1256 2828 1348 2852 anno
1380 2818 1436 2852 sui
1471 2816 1572 2861 regui
1603 2821 1705 2850 sexto

225 2858 371 2895 Danum
380 2860 534 2897 Arsamis
554 2862 663 2900 filium
678 2864 828 2912 devicit,
848 2864 1107 2910 Persarumque
1124 2863 1309 2910 imperium
1331 2863 1519 2909 destruxit,
1542 2863 1638 2908 quod
1662 2862 1707 2896 ad
