1742 3184
207 168 308 216 386
562 181 572 202 ⁴
660 209 662 214 ι
691 167 933 214 GEORGII
962 167 1209 212 CEDRENI

208 285 359 343 ἐγένετο
377 283 475 341 ἧμῒν
496 286 553 336 εἷς
570 282 731 342 ἔλεγχον
753 285 915 330 ἐννοιῶν
935 281 1052 340 ἡμῶν
1064 315 1077 335 ,
1113 283 1180 326 καὶ
1209 279 1343 341 βαρύς
1370 283 1479 327 ἔστιν
1497 278 1600 338 ἡμῖν
1619 282 1687 325 καὶ

163 397 164 400 ,
208 353 477 411 βλεπόμενος,
511 355 575 398 ὅτι
598 353 789 410 ἀνόμοιός
808 355 893 397 ἔστι
912 360 998 404 τοῖς
1019 352 1159 404 ἄλλοις
1179 351 1200 395 ὃ
1221 354 1314 408 βίος
1329 353 1458 396 αὐτοῦ
1480 353 1548 394 καὶ
1570 352 1688 407 ἐξηλ-

209 426 406 482 λαγμέναι
436 425 479 467 αἲ
507 426 638 481 τρίβοι
658 425 799 467 αὐτοῦ.
869 421 925 473 ὥς
946 424 1140 478 κιβδηλον
1161 424 1430 479 ἐλογίσθημεν
1450 421 1561 479 αὐτῷ
1573 453 1586 473 ,
1621 421 1689 463 καὶ

209 495 400 550 ἀπέχεται
435 498 516 537 τῶν
555 492 661 536 ὁδῶν
698 491 816 549 ἡμῶν
848 491 905 543 ὥς
938 493 1017 535 ἀπὸ
1049 492 1335 550 ἀκαθαρσιῶν.
1403 492 1614 549 μακαρίζει
1645 489 1691 531 δὲ

207 564 360 619 ἔσχατα
393 564 581 615 δικαίων,
618 565 687 606 καὶ
720 559 1002 615 ἇλαζονεύεται
1032 563 1190 620 πατέρα
1220 560 1333 605 θεόν.
1402 560 1554 615 ἴδωμεν
1587 561 1622 601 εἲ
1651 559 1724 601 οἱό

206 631 320 690 λόγοι
351 633 478 675 αὐτοῦ
509 634 608 675 εἰσὶν
637 632 828 688 ἀληθεῖς,
863 633 930 674 καὶ
950 630 1204 689 πειράσωμεν
1223 632 1274 674 τὰ
1297 632 1338 673 ἓν
1358 627 1524 685 ἐκβάσει
1541 628 1690 671 αὐτοῦ·

211 705 245 746 εἰ
261 701 340 759 γάρ
360 702 443 745 ἔστι
465 702 619 752 δίκαιος
639 702 707 744 καὶ
725 701 814 752 υἱὸς
831 704 956 754 θεοῦ,
992 699 1259 757 ἀντιλήψεται
1287 701 1414 743 αὐτοῦ
1436 700 1504 742 καὶ
1527 697 1692 757 ῥύσεται

158 776 190 812 C
214 772 338 815 αὐτὸν
358 772 400 814 ἐκ
416 771 555 828 χειρὸς
577 769 902 827 ἀνθεστηκότων.
971 770 1089 829 ὕβρει
1109 772 1176 813 καὶ
1198 768 1368 828 βασάνῳ
1389 766 1596 822 ἐτάσωμεν
1616 767 1691 809 αὗ-

209 840 302 893 τόν,
334 841 405 882 ἵνα
423 844 580 897 γνῶμεν
601 841 676 896 τὴν
697 842 907 884 ἐπιείκειαν
930 840 1057 884 αὐτοῦ
1078 842 1146 883 καὶ
1167 838 1452 894 δοκιμάσωμεν
1469 838 1544 893 τὴν
1562 837 1693 888 ἀνεξι-

212 912 356 955 κακίαν
396 910 538 953 αὖτοῦ.
606 909 779 969 θανάτῳ
819 908 1018 967 ἂσχήμονι
1053 907 1390 963 καταδικάσωμεν
1432 904 1579 958 αὐτόν,
1622 906 1689 948 καὶ
1705 911 1742 947 1(]

211 981 361 1034 ἔδωμεν
384 981 418 1022 εἲ
438 979 552 1024 ἔσται
574 981 685 1038 αὐτῷ
708 980 905 1035 ἔπισκοπὴ
929 982 973 1022 ἐκ
995 977 1127 1036 λόγων
1149 978 1319 1022 αὐτοῦ.”
1390 971 1448 1020 ὧν
1467 977 1541 1031 τὴν
1556 972 1693 1032 παρά-

210 1049 323 1093 νοιάν
339 1066 381 1091 τε
401 1051 469 1091 καὶ
490 1049 730 1103 δυσμένειαν
751 1043 796 1092 εὗ
815 1048 930 1104 μάλα
952 1053 1159 1107 κερτομῶν
1181 1047 1353 1105 ἐπήγαγε
1381 1045 1543 1089 ς(ταῦτα
1560 1045 1694 1100 ἐλογί-

211 1135 335 1162 σαντο
368 1121 435 1161 καὶ
470 1118 785 1175 ἐπλανήθησαν*
820 1117 1088 1178 ἅπετύφλωσε
1122 1118 1200 1175 γὰρ
1235 1116 1384 1166 αὐτοὺς
1413 1113 1439 1171 ἦ
1468 1116 1590 1158 κακία
1617 1113 1693 1156 αὗ·-

211 1192 314 1240 τῶν,
350 1189 418 1230 καὶ
439 1188 512 1230 οὐκ
529 1188 714 1244 ἔγνωσαν
733 1188 940 1247 μυστήρια
961 1187 1109 1231 &nafis
1182 1186 1253 1239 οὓς
1274 1187 1325 1242 δὴ
1346 1187 1413 1228 καὶ
1436 1183 1457 1227 ὃ
1476 1183 1696 1232 θεσπέσιος

208 1257 387 1307 Ἡσαΐας
417 1262 583 1315 θρηνῶν
610 1256 866 1320 συναδόντως
894 1258 997 1315 λέγει
1022 1256 1150 1300 “obaz
1178 1261 1227 1314 τῇ
1255 1259 1371 1312 ψυχῇ
1395 1255 1552 1306 αὐτῶν,
1588 1250 1691 1296 ὁιότι
1707 1256 1742 1292 15

212 1325 505 1382 ἐβουλεύσαντο
535 1329 690 1384 βουλὴν
719 1328 900 1385 πονηρὰν
930 1328 1035 1371 καθ’
1075 1325 1254 1377 ἑαυτῶν,
1298 1323 1474 1374 εἰπόντες
1507 1321 1695 1379 ὁήσωμεν

211 1396 282 1440 τὸν
307 1398 464 1440 δίκαιον
476 1429 490 1450 ,
525 1396 587 1440 ὅτι
612 1395 867 1454 δύσχρηστος
885 1395 982 1453 ἡμῖν
1005 1397 1132 1439 ἕστί.”
1204 1397 1402 1436 δέδεικται
1421 1394 1555 1435 τοίνυν
1575 1394 1696 1448 ἐναρ-

212 1467 387 1524 γέστατα
407 1465 433 1521 ἦ
453 1467 563 1508 αἲτιά
586 1470 660 1521 τῆς
680 1465 797 1520 ὑμῶν
820 1466 900 1507 ἀπὸ
925 1468 1030 1508 θεοῦ
1053 1461 1359 1520 ἀλλοτριώσεως
1375 1462 1444 1504 καὶ
1463 1461 1696 1517 ἐγκαταλεί-

212 1548 328 1591 ψεως
347 1537 414 1577 καὶ
435 1536 507 1590 τῆς
527 1536 736 1591 διηνεκοῦς
755 1537 822 1577 καὶ
843 1532 1071 1592 ἀπεράντου
1093 1532 1382 1589 ταλαιπωρίας,
1417 1529 1526 1587 εἴπερ
1548 1527 1696 1584 βούλε-

159 1605 192 1640 D
217 1609 297 1648 σθε
318 1602 531 1655 ἀκούοντες
551 1607 777 1661 ἐπιγνῶναι.
846 1605 914 1646 καὶ
936 1605 1025 1661 περὶ
1047 1603 1122 1657 μὲν
1143 1606 1215 1656 τῆς
1236 1602 1276 1642 ἓν
1300 1602 1522 1655 Βαβυλῶνι
1542 1601 1742 1653 αἷχμα-Ξ(

216 1674 369 1724 λωσίας
391 1672 508 1728 ὑμῶν
532 1672 756 1732 ὡρισμένον
771 1671 923 1730 χρόνον
944 1671 1053 1716 εἷπον
1077 1671 1116 1713 οἳ
1136 1674 1369 1728 προφῆται,
1405 1671 1473 1712 καὶ
1493 1669 1631 1725 μέντοι
1653 1685 1697 1724 γε

216 1744 285 1786 καὶ
315 1743 390 1797 τὴν
420 1739 618 1786 ἐπάνοὸον
639 1744 707 1785 καὶ
728 1741 802 1796 τὴν
825 1742 1045 1796 οῗκοδομὴν
1068 1744 1140 1795 τῆς
1163 1738 1318 1790 πόλεως
1337 1736 1698 1796 προκατήγγειλαν.

218 1809 418 1856 ἀκούσατε
449 1811 528 1871 γὰρ
553 1810 756 1870 Ἱερεμίου
786 1811 888 1869 πρὸς
917 1809 1026 1867 ὑμᾶς
1058 1810 1243 1867 λέγοντος
1270 1807 1372 1852 “ὁ“ιὰ
1395 1808 1470 1860 τὰς
1493 1806 1699 1866 ἁμαρτίας

221 1997 259 2029 et
285 1992 344 2028 vel
376 1991 549 2039 adspectu
578 1991 681 2027 nobis
711 1990 878 2026 molestus
913 1993 982 2025 est.
1029 1989 1211 2025 dissimilis
1247 1988 1392 2024 aliorum
1425 1988 1524 2023 vitae
1546 1990 1602 2022 est
1624 1985 1699 2020 vita

220 2040 318 2085 eius,
352 2051 538 2084 moresque
571 2039 647 2074 eius
678 2038 840 2073 inusitati
871 2037 988 2072 nobis.
1036 2037 1144 2072 habet
1170 2048 1235 2071 nos
1262 2048 1328 2082 pro
1354 2033 1583 2078 adulterinis,
1619 2039 1656 2067 et
1679 2044 1700 2066 a

220 2086 352 2122 nostris
374 2085 528 2121 moribus
547 2085 696 2132 perinde
715 2090 821 2130 atque
845 2085 889 2118 ab
913 2083 1134 2119 immunditia
1154 2082 1325 2118 abstinet.
1353 2083 1493 2117 beatum
1516 2080 1702 2127 praedicat

220 2135 325 2169 finem
350 2132 538 2176 iustorum,
573 2133 747 2178 deumque
770 2136 904 2178 patrem
927 2142 1027 2166 suum
1049 2130 1174 2166 iactat.
1223 2129 1446 2176 experiamur
1472 2139 1608 2162 verane
1628 2126 1700 2160 sint

221 2181 298 2216 eius
316 2181 448 2224 verba,
473 2179 675 2224 exitumque
699 2178 776 2212 eius
796 2178 1030 2223 exploremus.
1078 2177 1110 2212 si
1134 2176 1227 2211 enim
1251 2176 1365 2210 iustus
1384 2180 1439 2210 est
1460 2179 1496 2210 et
1515 2174 1610 2208 filius
1629 2171 1701 2214 dei,

220 2226 367 2262 tutelam
390 2225 467 2260 eius
491 2226 662 2271 suscipiet
677 2225 764 2259 deus
776 2251 786 2270 ,
812 2235 961 2269 eumque
980 2236 1023 2258 ex
1041 2223 1326 2259 adversariorum
1342 2221 1501 2258 manibus
1517 2218 1699 2255 liberabit.

222 2272 363 2309 iniuriis
387 2277 425 2307 et
446 2273 661 2308 cruciatibus
685 2283 762 2306 eum
782 2271 1026 2318 probabimus,
1052 2276 1091 2305 ut
1114 2270 1327 2316 aequitatem
1349 2269 1427 2303 eius
1449 2276 1702 2314 cognoscamus

222 2319 502 2366 patientiamque
522 2318 791 2366 perspiciamus,
837 2322 950 2352 morte
971 2316 1207 2363 ignominiosa
1237 2328 1315 2352 eum
1347 2315 1607 2356 damnabimus3
1643 2311 1700 2346 vi-

224 2366 456 2411 debimusque
489 2371 627 2411 utrum,
667 2364 773 2400 sicuti
805 2364 966 2409 dicebat,
1006 2364 1215 2398 inventurus
1249 2363 1296 2398 sit
1329 2357 1601 2409 patrocinium.'’
1644 2358 1700 2392 his

223 2417 379 2447 vestram
399 2413 608 2448 dementiam
633 2423 677 2447 ac
701 2411 952 2456 malignitatem
976 2410 1159 2456 praeclare
1182 2410 1361 2445 insectans
1385 2410 1474 2444 haec
1494 2407 1594 2442 addit
1625 2402 1702 2440 “ita

224 2459 275 2493 illi
299 2459 504 2494 ratiocinati
529 2464 613 2495 sunt
629 2464 737 2504 atque
755 2457 851 2492 falsi.
899 2458 1105 2492 excaecavit
1127 2457 1219 2492 enim
1244 2468 1304 2491 eos
1328 2455 1480 2499 malitia,
1505 2466 1551 2489 ne
1573 2463 1702 2488 arcana

225 2505 286 2540 dei
311 2503 602 2550 cognoscerent.”
648 2517 736 2551 quos
767 2503 908 2551 quidem
932 2504 1038 2539 etiam
1060 2504 1202 2539 divinus
1226 2502 1357 2538 Esaias
1380 2501 1586 2548 deplorans,
1621 2498 1702 2534 istis

227 2552 476 2587 convenientia
504 2553 592 2588 dicit
623 2548 715 2587 “vae
747 2551 884 2586 animae
914 2550 1091 2596 ipsorum,
1126 2550 1210 2596 quia
1241 2554 1365 2584 contra
1386 2561 1427 2583 se
1448 2548 1546 2594 ipsos
1576 2545 1702 2581 malum

226 2599 408 2634 iniverunt
430 2599 631 2645 consilium,
664 2598 819 2634 aientes:
851 2597 1046 2632 vinciamus
1069 2597 1217 2632 iustum:
1249 2601 1305 2631 est
1328 2595 1421 2630 enim
1442 2594 1545 2630 nobis
1568 2593 1703 2627 incom-

225 2642 387 2680 modus.”
431 2645 581 2691 proinde
610 2644 894 2680 manifestissime
923 2645 1162 2679 demonstrata
1194 2647 1250 2678 est
1280 2653 1386 2677 causa
1420 2645 1560 2686 vestrae
1585 2651 1606 2674 a
1634 2640 1702 2674 deo

228 2690 500 2726 abalienationis
523 2697 560 2727 et
581 2692 793 2727 defectionis
818 2703 859 2725 ac
882 2691 1134 2727 continentium
1163 2694 1200 2725 et
1225 2689 1332 2724 finem
1364 2687 1494 2723 nullum
1518 2686 1702 2722 habitura-

228 2748 305 2771 rum
329 2738 567 2791 miseriarum,
603 2740 707 2774 modo
729 2750 794 2774 vos
818 2738 906 2772 haec
926 2738 1109 2772 audientes
1133 2736 1332 2782 intelligere
1352 2734 1485 2770 velitis.
1533 2744 1612 2768 nam
1630 2734 1703 2767 Ba-

228 2782 387 2827 bylomci
403 2785 544 2829 quidem
562 2785 678 2820 exsilii
701 2784 815 2820 vestri
832 2784 1070 2820 definiverunt
1090 2788 1227 2829 tempus
1245 2782 1359 2817 divini
1381 2787 1500 2826 vates,
1533 2779 1703 2815 reditum-

230 2840 301 2873 que
335 2834 372 2863 et
403 2830 695 2868 instaurationem
726 2832 824 2867 urbis
854 2830 1120 2876 praedixerunt.
1168 2829 1289 2864 audite
1322 2829 1414 2863 enim
1442 2825 1626 2862 Ieremiam
1651 2825 1704 2860 ita

232 2886 297 2910 vos
318 2874 552 2923 alloquentem
576 2879 675 2926 (cap.
700 2878 747 2916 25
773 2883 811 2915 et
831 2878 896 2924 29)
918 2874 1089 2925 “propter
1106 2882 1255 2924 peccata
1272 2880 1414 2922 vestra,
1445 2885 1538 2924 quae
1560 2872 1703 2910 commi-
