1742 3184
201 188 302 239 298
687 194 930 241 GEORGII
964 195 1221 243 GEDREM
1234 207 1245 211 ’
1311 203 1315 209 ’
1352 200 1355 213 ¹

149 312 181 348 D
205 306 338 365 νήτων
371 302 545 362 πόλους,
587 307 660 362 οὓς
689 311 898 355 Χαλδαῖοι
931 308 1194 371 στερειῦματα
1225 317 1442 369 καλοῦσιν,
1485 314 1585 360 ἄνευ
1617 321 1690 361 τοῦ

202 382 442 435 σεληνιακοῦ
482 378 553 422 διὰ
584 380 631 424 τὸ
666 380 810 439 με’χρις
837 381 968 438 αὗτῆς
996 380 1148 439 διήκειν
1180 383 1228 428 τὸ
1259 389 1334 441 τῆς
1360 383 1463 442 ὕλης
1485 384 1692 442 σκύβαλον

204 448 310 493 κατὰ
333 448 380 491 τὸ
406 445 554 505 λόγιον.
839 493 841 496 ,

330 515 424 561 ’Ότι
455 517 733 573 βιξιλατίωνες
758 518 798 560 οἱ
818 516 1034 574 Ῥωμαίων
1063 520 1215 574 ἱππεῖς,
1244 523 1313 565 καὶ
1340 523 1481 578 ,ergata
1504 541 1691 582 παραπε-

201 585 395 641 τάσματα
427 587 471 630 ἐκ
501 585 719 645 πορφύρας
742 589 809 630 καὶ
827 593 988 647 χρυσοῦ
1009 592 1066 641 εἷς
1085 589 1338 648 τετράγωνον
1357 597 1500 649 σχῆμα
1521 602 1726 650 mnam-5

201 658 328 713 με’να·
363 661 495 699 ταῦτα
523 657 766 714 ἔξαρτῶντες
795 659 860 701 ἐπὶ
890 663 1062 717 μακρῶν
1083 659 1302 719 δοράτων,
1336 661 1475 721 κύκλῳ
1499 681 1691 721 παραπο-

205 724 416 784 ρευόμενοι
443 730 525 769 τῶν
555 726 759 780 βασιλέων
788 730 1135 774 κατασκέπτουσιν
1163 729 1327 783 αὐτούς.
1396 730 1472 776 εἶεν
1493 734 1538 775 δ’
1567 732 1617 775 ἂν
1642 732 1695 776 τι),

204 794 402 852 λεγόμενα
434 793 671 853 φλάμουλα.

340 863 404 906 ‘H
416 865 518 923 παρ’
534 863 726 921 ’Ἐλλησιν
745 863 848 922 ὀπτὴ
869 866 1043 919 πλίνθος
1065 867 1335 925 λατέρκουλον
1354 869 1469 927 παρὰ
1480 867 1697 925 Ῥωμαίοις

205 933 376 990 λέγεται.
446 928 498 989 ἦν
532 935 577 978 δὲ
608 936 784 987 πλίνθος
815 937 1017 991 δημοσία,
1054 937 1122 996 ἐφ’
1153 932 1202 981 οὗ
1228 937 1280 982 τά
1299 956 1344 982 τε
1361 943 1444 983 τῶν
1463 943 1696 994 βουλευτῶν
1709 945 1742 982 1(

206 1005 275 1046 καὶ
309 1003 361 1046 τὰ
394 1007 476 1046 τῶν
508 1004 825 1062 στρατευμάτων
853 1004 1037 1061 ὀνόματα
1065 1005 1350 1067 ἀπεγράφετο,
1396 1011 1465 1052 καὶ
1497 1007 1697 1067 ἐγράφετο

207 1075 273 1115 ἐπὶ
303 1075 460 1128 τείχους
481 1075 544 1125 εἲς
571 1072 824 1132 τετράγωνον
845 1080 986 1131 σχῆμα
1007 1075 1134 1128 τύπος
1154 1095 1215 1128 τις
1234 1080 1303 1121 καὶ
1322 1077 1491 1136 γραμμὴ
1513 1080 1699 1129 πλίνθος.

63 1149 93 1184 P
121 1149 188 1186 170
211 1145 344 1186 τίτλον
373 1145 442 1186 καὶ
470 1142 597 1199 αὐτήν
625 1160 730 1196 τινες
760 1143 1050 1199 ὀνομάζουσιν,
1095 1145 1170 1189 οὒκ
1197 1145 1349 1198 εἰδότες
1378 1146 1436 1199 ὥς
1455 1149 1596 1199 4τίτλος
1626 1164 1700 1190 κυ-

210 1215 308 1271 ρίως
333 1210 359 1267 ἦ
390 1213 636 1272 προσγραφὴ
657 1218 738 1258 τῶν
758 1212 1003 1269 ἀξιωμάτων
1022 1216 1202 1273 λέγεται,
1237 1217 1286 1260 οὗ
1303 1217 1386 1273 μὴν
1404 1215 1431 1273 ἡ
1449 1216 1701 1276 τετράγωνος

208 1279 394 1342 γραμμή.
1016 1311 1018 1313 -
1443 1308 1447 1311 >
1711 1293 1742 1329 1³

349 1351 532 1408 Λέγεται
570 1349 687 1409 παρὰ
725 1349 944 1408 Ῥωμαίοις
980 1353 1194 1411 ματρίκιον
1231 1353 1279 1398 τὸ
1313 1354 1446 1398 πλατὺ
1481 1353 1604 1407 ξύλον
1633 1356 1702 1398 καὶ

211 1419 348 1477 παχύ·
385 1420 426 1464 οἳ
454 1421 534 1479 γὰρ
564 1419 728 1478 ἀρχαῖοι
761 1421 900 1474 ξύλοις
928 1425 997 1465 καὶ
1028 1427 1188 1481 φλοιοῖς
1217 1426 1284 1467 καὶ
1314 1426 1543 1483 φιλυρίνοις
1567 1426 1703 1476 πίναξι

211 1490 497 1549 προσγράφοις
527 1491 756 1549 ἐκέχρηντο.
826 1490 911 1534 ἔστι
937 1493 980 1535 δὲ
1006 1494 1074 1535 καὶ
1103 1496 1218 1545 σανὶς
1239 1495 1454 1553 φιλυρίνη,
1486 1494 1562 1552 ἐφ’
1584 1489 1634 1550 ἧς
1650 1495 1703 1536 τὰ

208 1560 375 1619 ῥήματα
405 1564 479 1615 τῆς
509 1561 748 1617 ἐλευθερίας
779 1560 900 1604 εἴωθε
930 1561 1184 1619 γράφεσθαι.
1252 1564 1362 1607 τιλιά
1395 1565 1440 1607 δὲ
1470 1557 1584 1620 παρὰ
1619 1569 1706 1614 τοῖς

211 1632 351 1681 αὐτοῖς
382 1628 410 1685 ἡ
442 1627 606 1687 φιλύραΥ
628 1629 675 1672 τὸ
712 1629 856 1682 ξύλον·
894 1629 994 1674 ὅθεν
1024 1634 1150 1683 κῶὸιξ
1178 1631 1225 1676 τὸ
1258 1634 1434 1688 βιβλίον.
1502 1634 1630 1684 mdc}
1657 1633 1742 1676 ὁὲέ(

208 1701 360 1757 κυρίως
395 1697 417 1742 ὃ
454 1699 602 1756 φιτρὸς
631 1699 735 1757 παρ’
772 1700 910 1751 αὐτοῖς
940 1704 1146 1754 καλεῖται,
1189 1704 1259 1745 καὶ
1294 1704 1408 1761 λίβερ
1445 1703 1492 1746 τὸ
1527 1703 1704 1757 βιβλίον.

207 1771 322 1827 λίβερ
343 1769 387 1811 δὲ
407 1766 428 1810 ὃ
445 1766 597 1826 φλοιός
610 1768 702 1812 ..ἔστι
721 1771 892 1827 κυρίως·
926 1774 1058 1815 ταῦτα
1080 1773 1149 1814 καὶ
1169 1773 1400 1831 ματρίκιον.
1417 1807 1419 1810 ⁴
1467 1774 1536 1816 καὶ
1553 1790 1705 1830 ματρι-

211 1841 383 1897 καρίους
402 1838 498 1889 τοὺς
519 1839 769 1898 ξυλουργοὺς
790 1843 976 1883 καλοῦσι.

154 1916 185 1951 Β
352 1906 628 1967 Τρισώματον
656 1907 728 1952 τὸν
755 1906 973 1968 Γηρυόνην
999 1910 1127 1969 φασὶν
1156 1908 1232 1967 οῧχ
1258 1907 1322 1954 ὅτι
1347 1907 1559 1961 τοσούτοις
1582 1907 1706 1969 ἔχρῆ-

211 2062 469 2108 conficiebant,
494 2063 579 2110 quia
599 2063 749 2100 totidem
768 2069 852 2101 sunt
876 2064 1098 2112 planetarum
1122 2068 1225 2114 orbes
1239 2092 1250 2112 ,
1274 2078 1364 2113 quos
1386 2065 1559 2102 Chaldaei
1586 2066 1708 2103 firma-

212 2116 333 2147 menta
355 2111 559 2158 nominant,
595 2117 697 2147 extra
716 2112 822 2148 lunae
838 2114 982 2158 orbem,
1006 2114 1052 2147 ad
1070 2125 1179 2159 -quem
1202 2125 1316 2161 usque
1335 2118 1610 2161 repurgamenta
1634 2114 1708 2150 ele·

215 2158 426 2195 mentarium
446 2170 564 2193 rerum
584 2159 810 2205 pertingunt,
834 2159 934 2194 iuxta
957 2160 1167 2196 oraculum.-

309 2216 461 2252 Romani
484 2216 621 2262 equites
638 2217 870 2264 ‚appellantur
891 2217 1159 2254 Bexillationes.
1209 2222 1248 2254 et
1267 2217 1399 2254 vexilla
1419 2217 1501 2254 vela
1517 2223 1708 2265 suntqua-

216 2263 389 2309 drangula
410 2264 544 2307 forma,
569 2275 613 2298 ex
632 2276 718 2299 auro
742 2269 779 2299 et
800 2275 958 2311 purpura
981 2270 1160 2302 contexta.
1209 2278 1251 2301 ea
1268 2265 1385 2312 longis
1405 2266 1519 2300 contis
1538 2278 1711 2311 suspensa

216 2311 314 2345 circa
339 2315 461 2355 reg'e'm
483 2315 647 2356 gestant,
681 2322 831 2358 eumque
854 2310 907 2346 ita
932 2316 1072 2358 tegunt.
1121 2316 1205 2348 sunt
1226 2318 1344 2348 autem
1369 2313 1466 2348 forte
1485 2318 1533 2348 ea
1557 2323 1649 2359 quae
1673 2318 1712 2348 et

214 2357 392 2393 flammula
414 2356 594 2392 dicuntur.

309 2415 480 2450 Plinthon
502 2414 635 2450 Graeci
658 2419 789 2451 vocant
810 2415 956 2451 laterem
982 2420 1132 2452 coctum.
1179 2420 1256 2452 erat
1280 2420 1396 2452 autem
1423 2416 1579 2462 plinthus
1600 2428 1710 2463 quae-

215 2463 295 2497 dam
317 2462 480 2507 publica,
502 2462 541 2496 in
568 2473 639 2508 qua
663 2468 864 2501 senatorum
883 2475 925 2498 ac
942 2462 1120 2509 legionum
1148 2463 1291 2498 nomina
1313 2463 1599 2498 inscribebantur
1620 2475 1711 2509 qua-

215 2509 318 2543 drata
345 2509 476 2554 figura.
525 2509 564 2543 in
594 2521 692 2544 muro
722 2508 879 2555 plinthus
912 2516 1003 2545 erat.
1053 2510 1195 2556 quidam
1224 2509 1364 2545 titulum
1397 2510 1599 2556 appeliant,
1632 2522 1711 2546 cum

215 2555 339 2590 titulus
363 2568 434 2590 non
457 2556 505 2590 sit
528 2555 770 2602 quadrangula
788 2557 926 2603 figura,
950 2558 1015 2592 sed
1037 2557 1248 2604 dignitatum
1272 2557 1521 2604 praescriptio.

310 2612 341 2646 A
373 2613 543 2648 Romanis
576 2626 742 2650 crassumv
758 2619 794 2650 et
817 2614 923 2649 latum
946 2614 1078 2661 lignum
1100 2614 1228 2650 matrix
1257 2614 1401 2650 dicitur.
1450 2613 1588 2661 antiqui
1617 2615 1710 2650 enim

217 2658 257 2692 in
287 2658 405 2704 ligno,
439 2660 632 2696 corticibus
663 2673 706 2696 ac
739 2674 760 2697 e
791 2661 882 2697 libro
907 2661 1007 2697 tiliae
1031 2662 1206 2698 confectis
1231 2660 1360 2700 tabulis
1386 2662 1605 2697 scribebant.
1656 2666 1713 2695 est

219 2709 258 2739 et
291 2705 411 2741 tabula
441 2706 605 2754 tiliacea,
637 2707 675 2742 in
709 2719 813 2754 quam
844 2709 955 2744 verba
986 2709 1163 2748 libertatis
1184 2708 1346 2743 solebant
1368 2708 1536 2744 inscribi:
1570 2709 1711 2742 Graece

217 2750 296 2785 tilia
321 2755 375 2786 est
401 2752 557 2798 philyra.
606 2754 698 2790 liber
729 2760 765 2790 et
795 2756 909 2791 codex
930 2755 1023 2790 idem
1047 2756 1244 2791 habentur:
1280 2754 1426 2801 proprie
1454 2759 1571 2789 autem
1598 2755 1712 2792 codex

218 2802 378 2832 truncum
399 2799 596 2845 significat,
621 2801 714 2836 liber
732 2802 914 2841 corticem.
960 2803 1084 2838 eadem
1104 2801 1290 2837 matricula
1313 2807 1555 2848 nuncupatur3
1580 2806 1617 2835 et
1634 2812 1709 2835 ma-

220 2842 357 2880 tricarii
370 2870 381 2888 ‚
405 2845 465 2890 qui
486 2845 583 2890 ligna
605 2848 810 2885 conficiunt.

314 2902 519 2947 Geryonem
556 2905 790 2954 tricorporem
826 2905 1018 2954 perhibent
1047 2887 1184 2953 fnisse,
1222 2917 1296 2945 non
1325 2906 1422 2953 quod
1450 2875 1570 2946 tribus
1602 2904 1714 2942 fuerit
