1742 3184
378 181 780 229 HISTORIARUM
803 183 1214 234 ⁴COMPENDIUM.
1437 183 1539 233 429

57 294 253 354 ρωτάτων
267 295 514 350 ἐξάλλεσθαι
535 298 726 358 πέφυκεν.
795 295 904 343 οὕτω
930 298 975 342 δὲ
1003 299 1072 342 καὶ
1092 298 1135 342 ἓν
1157 297 1246 358 ἇὲρι
1276 296 1398 343 πάλιν
1421 299 1444 343 5
1465 300 1540 357 μέν

56 368 142 411 ἔστι
169 366 394 426 παχύτερος
425 366 446 411 5
477 371 568 426 περὶ
599 366 712 424 ἡμᾶς
731 369 798 411 καὶ
821 369 1082 426 φθοροποιός
1100 371 1167 412 καὶ
1191 368 1324 413 νόσων
1347 372 1539 414 ποικίλων

57 435 318 480 ἐπικινδύνων
350 438 501 490 αἴτιος,
526 436 559 497 *5
586 439 631 482 δὲ
656 436 895 496 λεπτότερος
923 440 990 482 καὶ
1009 437 1212 493 σωμάτιον
1234 439 1451 496 εὐκρασίας
1471 442 1540 483 καὶ

56 506 280 563 εὖρωστίας
309 506 523 564 πρόξενος,
572 506 595 550 5
627 508 670 550 δὲ
703 507 897 565 αὖότερος
919 510 987 551 καὶ
1010 509 1329 566 πυρωδέστερος.
1401 509 1539 567 ὥσπερ

22 577 124 619 ὁκαὶ
144 579 225 618 τῶν
243 575 402 630 ἀνέμων
423 579 571 619 πολλαὶ
596 578 814 634 διαφοραί·
850 575 872 620 5
891 578 965 632 μὲν
987 576 1067 636 γάρ
1089 579 1172 622 ἐστι
1193 577 1431 637 λεπτότερος
1450 578 1471 622 5
1497 580 1541 622 δὲ

54 642 304 702 παχύτερος,
332 643 354 688 5
374 646 449 701 μὲν
470 645 729 704 ψυχρότερος
749 644 770 689 5
798 648 841 690 δὲ
862 646 1076 705 ξηρότερος
1089 679 1102 699 ,
1139 645 1161 690 5
1182 649 1256 702 μὲν
1275 646 1495 706 ὖγρότερος
1517 647 1540 691 5

55 715 102 757 δὲ
117 712 381 772 θερμότερος.
453 714 553 759 ὅθεν
575 711 647 758 οὖν
669 713 690 759 5
714 714 930 774 προφήτης
956 717 1141 770 ἐμπεσὼν
1170 720 1228 768 εἷς
1257 718 1331 773 τὴν
1355 718 1541 773 ἄβυσσον

53 789 135 827 τῶν
157 782 484 841 εὐεργετημάτων
503 783 659 828 τούτων
677 787 745 828 καὶ
774 790 856 828 τῶν
881 785 1090 838 τοιούτων,
1129 788 1171 829 ἐν
1199 785 1261 838 οἷς
1283 786 1310 843 ἡ
1337 793 1412 831 τοῦ
1434 791 1542 832 θεοῦ

55 851 230 909 δύναμις
254 856 321 897 καὶ
351 855 479 912 σοφία
500 856 724 907 δείκνυται,
759 857 827 898 καὶ
851 855 949 898 ι’ὁών
972 855 1017 898 τὸ
1043 857 1216 912 πέλαγος
1237 857 1405 912 ἀχανές,
1439 858 1542 901 ἀπε-

1 931 46 967 10
56 921 213 978 πήδησε
242 924 349 980 μέγα
380 922 541 979 βοήσας
572 922 628 975 ὡς
659 923 918 981 ἐμεγαλύνθη
943 925 995 967 τὰ
1014 924 1112 982 ἔργα
1136 943 1211 969 σου
1232 924 1368 983 κύριε*
1402 925 1538 970 πάντα
1559 932 1592 968 D

54 992 98 1035 ἓν
123 993 251 1054 σοφία
279 994 495 1050 ἐποίησας,
530 996 599 1037 καὶ
627 995 778 1052 σοφίας
810 995 1032 1049 ἐνέπλησας
1052 994 1105 1038 τά
1127 1012 1168 1038 τε
1192 994 1361 1052 ἔμψυχα
1391 999 1460 1039 καὶ
1487 997 1541 1040 τὰ

54 1060 216 1118 ἄψυχα.

192 1130 321 1176 Μετὰ
341 1132 386 1174 δὲ
405 1136 530 1176 Τῖτον
551 1133 787 1187 ἐβασίλευσε
803 1130 1060 1187 Δομετιανὸς
1083 1130 1110 1195 ᾇ
1126 1131 1305 1190 ἀδελφὸς
1324 1131 1451 1176 αὐτοῦ
1469 1132 1538 1189 ἴτη

56 1198 101 1243 ιε’
121 1204 255 1256 μῆνας
275 1199 344 1253 ια’,
389 1204 458 1244 καὶ
480 1201 639 1259 ἐσφάγη
664 1203 706 1244 ἐν
724 1206 783 1259 τῷ
807 1206 893 1260 ναῷ
914 1199 1074 1256 Ῥώμης
1097 1202 1191 1244 κατ’
1224 1203 1444 1259 ἐπιβουλὴν
1465 1207 1540 1258 τῆς

0 1276 43 1313 15
55 1269 206 1314 ἑαυτοῦ
225 1268 427 1327 γυναικός.
500 1270 694 1325 διάδοχος
721 1271 801 1328 γὰρ
829 1269 1042 1327 γενόμενος
1068 1276 1143 1314 τοῦ
1172 1272 1355 1329 ἀδελφοῦ
1386 1273 1433 1314 οὗ
1463 1273 1538 1327 τὴν

54 1339 255 1397 πατρικήν
284 1358 328 1383 τε
358 1342 426 1383 καὶ
462 1340 686 1398 ἀδελφικὴν
717 1340 914 1395 ἐζήλωσεν
938 1340 1301 1398 ἄριστοπολιτείαν,
1337 1342 1443 1384 ἀλλὰ
1465 1342 1539 1396 τὴν

53 1415 128 1453 τοῦ
147 1411 343 1467 Τιβερίου
363 1412 429 1451 καὶ
451 1411 645 1467 Νέρωνος
664 1410 917 1466 ἄνοσιεργίαν
937 1411 980 1452 ἐκ
1002 1411 1236 1467 διαμέτρου.
1299 1413 1367 1453 καὶ
1385 1412 1437 1466 δὴ
1458 1416 1540 1454 πᾶν

55 1477 162 1529 εἶδος
185 1480 329 1530 κακίας
354 1477 552 1531 ἐπελθών,
587 1481 829 1536 μιαιφονίας
855 1497 897 1522 τε
921 1481 987 1521 καὶ
1010 1480 1326 1535 γυναικομανίας
1357 1478 1444 1535 ἅμα
1470 1482 1540 1523 καὶ

54 1548 333 1605 ἄνδρομανίας
367 1546 577 1599 ἀνάπλεως
617 1547 853 1604 γενόμενος,
907 1546 1052 1591 ἑαυτὸν
1083 1546 1105 1591 5
1143 1548 1270 1599 ἄθεος
1308 1553 1538 1593 τελευταῖον

0 1618 280 1662 Ξοᾶπεθέωσε.
348 1619 573 1661 κάντεῦθεν
609 1617 802 1673 ἔχθιστον
841 1616 971 1660 ἅπασι
1011 1619 1080 1661 καὶ
1113 1617 1349 1674 ἀπόβλητον
1383 1619 1454 1662 διὰ
1489 1619 1536 1663 τὸ
1559 1631 1590 1667 P
1614 1630 1686 1668 245

55 1685 225 1746 φονικόν
241 1705 287 1731 τε
306 1690 372 1730 καὶ
389 1689 597 1745 θηριῶδες
614 1693 687 1743 τῆς
709 1691 865 1746 μιαρᾶς
886 1685 1050 1744 γνώμης
1073 1685 1219 1731 ἑαυτὸν
1240 1685 1260 1730 5
1283 1686 1413 1740 τάλας
1434 1688 1539 1732 ἄπο-

54 1755 213 1816 φήνας,
248 1755 413 1809 εἷκότως
428 1757 544 1813 μάλα
565 1758 618 1801 τὰ
640 1759 822 1814 ἐπίχειρα
842 1762 916 1813 τῆς
937 1758 1086 1808 οἰκείας
1105 1759 1343 1812 δυσμενείας
1362 1757 1541 1813 κομισά-

52 1845 175 1883 μενος
193 1827 388 1887 αἰσχίστῳ
398 1826 522 1887 ’μόρῳ
547 1827 619 1870 τὸν
635 1826 826 1886 μυσαρὸν
845 1829 914 1870 καὶ
933 1828 1114 1883 βέβηλον
1135 1828 1406 1887 καταστρέφει
1430 1830 1539 1884 βίον,

148 1969 194 2005 16
213 1964 367 2014 ἄριστον
387 1968 577 2005 πολιτείαν
602 1970 633 2004 Ρ

50 2095 202 2133 rissimis
226 2093 371 2131 exsilire
392 2093 496 2129 solet.
542 2093 596 2130 sic
614 2099 651 2130 et
669 2095 764 2140 quod
787 2095 831 2131 ad
854 2096 972 2132 aiirem
997 2094 1144 2138 attinet,
1181 2093 1270 2129 alius
1294 2097 1350 2130 est
1371 2094 1537 2140 crassior,

52 2143 115 2190 qui
142 2155 206 2178 nos
230 2141 361 2185 ambit,
390 2141 502 2195 isque
524 2141 761 2196 corruptionis
785 2155 892 2178 causa
916 2148 970 2178 est
994 2149 1030 2178 et
1053 2140 1236 2176 multorum
1261 2141 1538 2186 periculosorum

49 2191 272 2233 morborum;
295 2188 384 2223 alius
404 2186 559 2243 tenuior,
581 2189 642 2234 qui
667 2190 878 2234 corporibus
900 2192 1028 2225 bonam
1050 2188 1254 2234 temperiem
1280 2194 1316 2222 et
1336 2188 1538 2223 firmitatem

52 2236 237 2280 conciliat;
270 2235 359 2271 alius
386 2234 515 2269 siccior
547 2240 583 2269 et
612 2235 797 2271 fervidior.
846 2237 899 2271 sic
923 2242 959 2271 et
983 2241 1167 2270 ventorum
1197 2239 1280 2269 sunt
1312 2234 1538 2270 differentiae

49 2284 240 2320 secundum
258 2281 464 2318 tenuitatem
484 2281 678 2316 crassitiem
696 2283 809 2328 frigus
828 2283 1025 2318 siccitatem
1046 2280 1286 2316 humiditatem
1306 2281 1536 2316 caliditatem.

48 2331 171 2386 itaque
195 2335 296 2365 vates
323 2340 400 2363 cum
423 2328 461 2362 in
478 2328 720 2364 inexhaustam
738 2335 794 2364 tot
811 2335 1057 2374 tantorumque
1077 2328 1136 2363 dei
1157 2327 1406 2362 beneficiorum
1427 2329 1536 2373 abys-

50 2389 127 2414 sum
148 2377 336 2412 incidisset
357 2376 704 2420 commemorandam,
729 2376 856 2421 quibus
881 2375 938 2411 dei
956 2375 1123 2431 ‘potentia
1146 2379 1254 2419 atque
1275 2374 1454 2419 sapientia
1471 2375 1538 2409 de·-

48 2429 288 2468 monstratur,
320 2422 517 2466 vidensque
545 2421 745 2457 immensum
770 2435 809 2457 se
834 2435 931 2458 mare
954 2422 1170 2467 ingressum,
1204 2420 1345 2455 resiluit
1369 2421 1434 2455 hac
1457 2432 1536 2456 cum

49 2470 322 2506 exclamatione·
345 2468 689 2513 magnificentissima
702 2475 785 2504 sunt
800 2475 874 2514 tua,
889 2469 1040 2512 domine,
1066 2479 1197 2514 opera.
1219 2467 1402 2512 sapienter
1419 2467 1538 2503 omnia

48 2517 183 2560 fecisti,
207 2516 459 2570 sapientiaque
477 2514 593 2549 omnia
616 2519 653 2550 et
678 2516 831 2550 animata
854 2522 890 2551 et
912 2515 1104 2550 inanimata
1127 2513 1332 2559 implevisti.

144 2563 231 2599 Tito
252 2562 426 2598 successit
448 2561 485 2595 in
507 2561 692 2607 imperium
715 2562 828 2597 frater
851 2562 927 2597 eius
943 2562 1176 2604 Domitianus,
1201 2560 1309 2605 idque
1331 2560 1446 2596 tenuit
1470 2571 1538 2597 an-

52 2622 118 2647 nos
143 2611 200 2656 15,
220 2621 358 2645 menses
387 2610 443 2644 11.
478 2607 581 2653 isque
604 2609 640 2642 in
661 2609 791 2654 templo
815 2610 950 2644 Romae
973 2614 1030 2643 est
1051 2607 1260 2642 interfectus
1283 2607 1423 2642 insidiis
1446 2619 1534 2643 suae

52 2657 188 2693 uxoris.
235 2668 352 2702 neque
385 2655 496 2710 patris
526 2654 584 2688 hic
616 2666 731 2710 neque
753 2656 875 2690 fratris
899 2660 1053 2690 sectatus
1077 2659 1132 2689 est
1154 2665 1288 2699 more8‚
1321 2655 1385 2690 sed
1409 2659 1534 2691 contra

54 2704 199 2739 Tiberii
221 2716 264 2738 ac
286 2702 441 2738 Neronis
465 2701 601 2736 scelera
622 2701 780 2737 imitatus
804 2707 871 2737 est.
921 2714 996 2736 cum
1027 2713 1067 2735 se
1099 2701 1192 2736 omni
1218 2712 1351 2746 genere
1373 2701 1533 2747 flagitio-

51 2762 128 2786 rum
151 2750 489 2794 homicidiorumque
512 2754 548 2783 et
570 2747 718 2783 libidine
747 2749 784 2782 in
817 2760 930 2783 mares
962 2747 1180 2793 feminasque
1203 2748 1315 2783 effusa
1337 2748 1534 2794 polluisset,

50 2798 194 2833 tandem
213 2799 317 2832 homo
343 2808 364 2831 a
385 2797 453 2832 deo
479 2795 613 2830 alienus
638 2795 742 2830 deum
754 2807 802 2830 se
826 2795 940 2840 ipsum
963 2794 1169 2841 appellavit.
1216 2794 1390 2851 indeque
1390 2806 1468 2830 cum
1492 2807 1533 2830 se

53 2845 100 2879 ob
129 2843 374 2880 truculentiam
405 2842 657 2877 immanitatem
688 2853 731 2876 ac
763 2841 944 2887 flagitiosa
966 2841 1114 2876 consilia
1136 2840 1296 2877 omnibus
1316 2841 1468 2878 invisum
1495 2846 1533 2877 et

49 2890 288 2938 contemptum
306 2889 546 2934 reddidisset,
570 2888 677 2924 miser
698 2888 843 2924 meritas
864 2887 1067 2924 domesticis
1090 2887 1286 2925 inimicitiis
1307 2901 1442 2936 poenas
1466 2889 1531 2924 de-
