1742 3184
206 210 305 260 120
686 209 928 257 GEORGII
963 206 1212 254 CEDRENI

332 323 426 369 ’Ότι
456 323 562 382 λε’γει
592 322 617 381 ἦ
651 324 819 383 δευτέρα
844 326 927 367 τῶν
950 321 1328 382 Παραλειπομὲνων
1346 339 1406 380 μη
1436 318 1538 366 εἶναι
1566 320 1609 366 ἔν
1638 325 1690 381 τῇ

202 399 333 454 σκηνῇ
357 397 392 438 εἲ
410 395 469 451 μὴ
490 391 564 446 τὰς
582 393 741 446 πλάκας
762 392 903 449 μόνον.

148 474 182 511 D
335 463 437 508 ‘'Ou
455 464 606 508 Ἰωδαὲ
625 462 646 507 ὃ
666 463 876 522 ἀρχιερεὺς
894 459 915 505 ὅ
934 458 1123 514 συνετός,
1156 464 1232 506 τοῦ
1250 459 1486 516 Δαβιδικοῦ
1503 459 1690 518 σπέρμα-

200 552 273 586 τος
294 534 516 590 ὂλλυμένου
538 533 618 577 ὕπὸ
639 535 681 576 Γ
678 535 875 585 οθολίας,
918 531 1150 589 κατέκρυψε
1169 530 1240 574 τὸν
1259 529 1432 586 ξ’σχατον
1451 530 1542 574 υἱὸν
1555 531 1690 586 Ὀχο-

202 605 288 658 ζίου
313 607 388 647 τοῦ
409 605 501 647 υἶοῢ
534 603 661 659 αὐτῆς
693 602 763 646 τὸν
785 599 937 654 Ἰωάς,
983 599 1029 652 ὃς
1054 602 1121 644 καὶ
1153 601 1413 656 ἐβασίλευσεν
1438 602 1504 644 ἐπὶ
1527 599 1689 653 Ἰούδα,
1701 603 1734 640 5.

202 675 304 718 ἐτῶν
333 672 432 716 ὄντα
457 671 581 726 ἑπτά,
617 675 688 716 καὶ
717 671 920 715 ἀπέκτεινε
945 672 986 712 Γ
982 672 1155 713 οθολίαν
1176 670 1251 726 τὴν
1275 669 1430 725 ἄνομον
1456 671 1530 726 τὴν
1560 671 1604 713 ἐκ
1625 668 1692 727 γί-

200 760 297 795 νους
312 742 484 798 Ἀχαάβ.
554 745 602 800 ζῇ
626 743 669 785 δὲ
690 740 710 785 ὅ
735 741 859 792 αὐτὸς
871 741 1023 783 Ἰωὸαὲ
1045 739 1113 796 ἔτη
1133 738 1210 798 ρλ’,
1240 741 1308 783 καὶ
1331 738 1463 798 ἐτάφη
1485 741 1527 784 ἓν
1544 738 1693 798 τάφοις

201 817 284 856 τῶν
299 813 524 867 βασιλέων,
571 811 675 855 διότι
697 809 946 867 ἀνεκτήσατο
969 809 1016 853 τὸ
1040 809 1272 866 Δαβιδικὸν
1289 810 1415 867 γένος.
1483 809 1694 865 βασιλεύει

202 883 247 926 δὲ
280 884 470 926 Γοθολία
500 881 568 938 ἴτη
602 879 658 935 ζ’,
704 883 773 925 καὶ
804 878 1134 939 κατακρύπτεται
1163 879 1292 932 Ἰωὰς
1319 878 1400 924 ὑπὸ
1429 879 1580 924 Ἰωδαὲ
1608 898 1691 936 μη-

200 958 343 1003 νιαῒος.
1705 952 1742 989 10

331 1019 433 1064 ’Ότι
456 1019 494 1063 οἳ
515 1016 784 1078 πρεσβύτεροι
811 1022 894 1063 τῶν
921 1017 1132 1077 ἀρχόντων
1152 1021 1408 1075 Βαβυλῶνος
1437 1013 1571 1076 ἦλθον
1591 1017 1696 1077 πρὸς

150 1095 154 1099 ”
194 1088 372 1144 Ἐζεκίαν
398 1094 471 1134 τοῦ
495 1090 711 1133 πυθέσθαι
737 1091 831 1148 περὶ
861 1094 936 1133 τοῦ
962 1090 1133 1146 τέρατος
1152 1095 1226 1132 τοῦ
1249 1088 1459 1147 γεγονότος
1477 1091 1520 1133 ἐν
1541 1093 1599 1149 τῷ
1621 1089 1694 1133 οὗ-

200 1165 313 1220 ρανῷ
332 1161 374 1203 ἐν
395 1165 447 1218 τῇ
466 1159 709 1218 ἀναστροφῇ
727 1163 801 1202 τοῦ
819 1156 951 1215 ἡλίου.
1013 1157 1035 1202 ὅ
1059 1160 1103 1202 δὲ
1122 1165 1242 1203 τοῦτο
1263 1160 1507 1218 παραλιπὼν
1527 1164 1695 1215 θησαυ-

78 1233 108 1269 Ρ
132 1236 176 1271 68
202 1230 301 1289 ροῦς
322 1231 389 1274 καὶ
410 1233 585 1273 πλοῦτον
614 1231 682 1272 καὶ
702 1230 917 1283 βασιλείαν
941 1227 1080 1280 αἰτοῒς
1101 1227 1372 1273 ὑπεδείκνυεν.
1441 1229 1629 1286 ὠργίσθη
1649 1229 1695 1272 δὲ

199 1299 340 1357 κύριος
372 1298 393 1343 ὃ
426 1297 547 1351 θεός,
593 1301 662 1342 καὶ
692 1298 884 1354 ἠπείλησε
919 1303 979 1357 τῷ
1009 1298 1186 1359 Ἐζεκία·
1223 1298 1338 1355 ὅμως
1366 1297 1584 1357 μετήνεγκε
1619 1299 1693 1355 τὴν
1707 1302 1742 1338 15

199 1369 326 1429 ὀργὴν
349 1368 420 1412 διὰ
440 1368 514 1423 τὴν
535 1368 683 1425 ἀρετὴν
706 1368 832 1410 αὐτοῦ
853 1368 917 1410 ἐπὶ
941 1368 1038 1418 τοὺς
1061 1366 1288 1425 ἀπογόνους
1306 1368 1451 1412 αὐτοῦ.

329 1437 432 1482 ‘'Ou
451 1438 520 1481 διὰ
541 1438 617 1489 τὰς
634 1438 823 1493 ἀσεβείας
842 1437 970 1482 αὐτοῦ
988 1440 1230 1495 Μανασσῆς
1252 1438 1519 1495 αἰχμάλωτος
1543 1438 1695 1494 γίνεται

196 1507 276 1553 ὗπὸ
293 1506 444 1565 Ἀσσύρ
455 1540 468 1560 ,
504 1509 573 1551 καὶ
594 1509 892 1563 ἕξομολογεΐται
911 1512 971 1566 τῷ
989 1509 1116 1566 κυρίῳ
1138 1509 1180 1550 ἓν
1203 1510 1399 1568 μετανοίᾳ
1421 1509 1595 1565 καρδίας
1618 1508 1695 1551 αὗ-

196 1583 297 1631 τοῦ,
331 1579 401 1621 καὶ
421 1578 654 1635 ἐπιστρέφει
678 1576 804 1620 αὐτὸν
831 1575 852 1620 ὃ
879 1577 980 1629 θεὸς
1008 1578 1072 1620 ἐπὶ
1102 1577 1175 1633 τὴν
1192 1580 1409 1633 βασιλείαν
1433 1578 1562 1622 αὐτοῦ
1574 1610 1590 1631 ,
1625 1579 1693 1621 καὶ

197 1648 322 1692 ἐποίει
345 1647 392 1691 τὸ
411 1647 532 1698 εὗθὲς
553 1645 725 1690 ἐνώπιον
747 1648 904 1703 κυρίου.
1703 1646 1742 1684 2<

330 1716 431 1760 τὈτι
451 1717 494 1759 ἐν
516 1720 566 1774 τῇ
594 1714 776 1773 διαθήκῃ
795 1716 972 1769 Ἐζεκίου
993 1715 1200 1771 βασιλέως
1226 1713 1374 1759 Ἰούδα
1395 1716 1499 1774 λε’γει
1515 1717 1696 1769 Ἠσαίας

200 1785 222 1830 ὅ
247 1785 465 1846 προφήτης
483 1790 687 1845 κρατῆσαι
708 1786 778 1829 τὸν
792 1786 1068 1844 Ἀντίχριστον
1091 1785 1160 1843 ἔτη
1179 1784 1216 1843 γ’
1236 1787 1306 1829 καὶ
1322 1791 1458 1841 μῆνας
1473 1785 1592 1841 ἑπτά,
1629 1804 1695 1845 γι-

293 1943 318 1980 6
340 1937 425 1979 ὦνῖ
565 1943 610 1980 11
633 1939 808 1990 πρέσβεις
821 1944 935 1988 forte,
958 1953 1079 1988 margo
1101 1942 1132 1978 P

235 2129 259 2164 b
284 2080 477 2164 lSecundus
497 2081 685 2118 Annalium
714 2081 808 2118 liber
840 2080 952 2118 habet
984 2081 1023 2117 in
1051 2081 1279 2118 tabernaculo
1303 2081 1392 2118 nihil
1415 2083 1529 2119 fuisse
1553 2086 1698 2131 praeter

196 2132 236 2165 tu
261 2139 284 2164 u
299 2140 338 2164 as

292 2176 422 2211 Iodaes
445 2175 610 2223 pontifex
636 2175 807 2211 maximus
831 2175 993 2222 sapiens,
1019 2186 1096 2210 cum
1120 2175 1291 2211 Gotholia
1313 2176 1462 2223 stirpem
1483 2175 1697 2212 Davidicam

198 2233 336 2258 omnem
355 2222 573 2269 excinderet‚
597 2224 790 2258 suffuratus
814 2230 870 2257 est
888 2223 1041 2267 Ioasum,
1065 2222 1241 2258 minimum
1261 2229 1346 2259 natu
1371 2224 1479 2259 filium
1499 2223 1694 2268 Ochoziae,

196 2268 265 2303 filii
284 2269 489 2305 Gotholiae.
538 2270 570 2305 is
593 2270 718 2304 Ioasus
750 2280 861 2304 annos
893 2274 995 2303 natus
1027 2276 1163 2314 septem
1188 2281 1334 2315 regnum
1356 2271 1395 2305 in
1419 2271 1572 2306 Iudaeos
1597 2269 1694 2305 obti-

197 2316 288 2361 nuit,
317 2316 572 2363 interfecitque
596 2315 799 2351 Gotholiam
824 2315 979 2362 impiam,
1003 2315 1149 2351 Achabo
1177 2323 1401 2363 prognatam.
1449 2317 1543 2352 vixit
1564 2317 1694 2352 Iodaes

199 2374 311 2398 annos
337 2364 416 2409 130,
442 2369 478 2398 et
499 2362 658 2419 sepultus
683 2368 739 2398 est
761 2362 803 2417 in
819 2374 940 2408 regum
960 2363 1132 2408 sepulcris
1151 2370 1300 2409 propter
1319 2370 1564 2399 conservatam
1586 2369 1694 2409 atque

197 2409 401 2445 restitutam
424 2410 631 2445 Davidlcam
654 2408 874 2455 progeniem.
925 2410 1097 2446 Gotholia
1128 2410 1353 2457 septennium
1383 2411 1562 2457 regnavit.
1609 2411 1694 2445 Ioa-

198 2467 276 2491 sum
296 2468 451 2492 mensem
473 2462 592 2512 natum
613 2457 740 2491 Iodaes
766 2456 963 2494 abscondit.

293 2503 423 2548 Legati
447 2502 645 2558 principum
669 2502 866 2547 Babylonis
891 2504 937 2538 ad
962 2502 1154 2538 Ezechiam
1178 2509 1355 2539 venerunt
1377 2507 1625 2550 percontatum
1648 2503 1695 2538 de

199 2549 389 2604 miraculo,
421 2550 516 2595 quod
549 2550 587 2584 in
621 2549 718 2584 caelo
751 2549 905 2586 factum
916 2555 995 2584 erat
1025 2549 1100 2584 sole
1130 2555 1227 2585 retro
1258 2563 1399 2586 averso.
1447 2550 1627 2585 Ezechias
1652 2562 1695 2585 eo

198 2596 395 2651 praeterito
418 2598 605 2631 thesauros
630 2596 683 2631 eis
708 2607 791 2631 suos
815 2595 1032 2642 divitiasque
1058 2602 1094 2631 et
1121 2609 1268 2643 regnum
1295 2596 1597 2635 demonstravit.
1613 2605 1704 2631 suc-³

197 2643 338 2677 censuit
360 2644 460 2688 deus,
486 2643 738 2688 Ezechiaeque
762 2642 888 2678 malum
913 2643 1064 2678 minatus
1090 2650 1163 2687 est,
1188 2645 1284 2690 quod
1306 2651 1446 2690 tamen,
1472 2643 1594 2679 habita
1618 2643 1696 2678 vir-

198 2689 285 2724 tutis
312 2689 388 2724 eius
412 2689 565 2734 ratione,
590 2690 734 2735 abipso
758 2690 795 2724 in
819 2695 984 2735 posteros
1006 2691 1201 2726 transtulit.

292 2735 477 2771 Manasses
502 2737 547 2771 ob
571 2735 788 2781 impietatem
814 2748 912 2772 suam
936 2737 981 2771 ab
1000 2736 1151 2782 Assyrio
1175 2750 1263 2784 rege
1287 2740 1425 2783 captus,
1451 2747 1529 2772 cum
1550 2747 1596 2771 ex
1616 2735 1696 2770 ani-

197 2794 254 2818 mo
273 2782 507 2838 resipisceret
530 2794 572 2818 ac
594 2789 740 2829 peccata
763 2794 830 2818 sua
853 2784 1105 2831 confiteretur,
1137 2797 1159 2820 a
1183 2785 1251 2820 deo
1274 2784 1313 2819 in
1335 2794 1484 2829 regnum
1507 2783 1696 2818 restitutus

199 2834 256 2866 est
280 2830 429 2876 eiusque
450 2829 620 2876 deinceps
643 2830 819 2865 mandatis
845 2830 977 2886 paruit.

291 2877 335 2912 In
358 2881 573 2912 testamento
592 2876 775 2912 Ezechiae
798 2877 895 2923 regis
920 2877 1043 2922 Iudae,
1071 2877 1123 2912 ait
1146 2876 1276 2913 Esaias
1300 2876 1489 2924 propheta,
1513 2874 1700 2911 Antichri-

199 2926 292 2961 stum
317 2923 508 2960 triennium
531 2935 574 2959 ac
597 2935 735 2960 menses
759 2929 898 2973 septem
915 2936 1033 2960 rerum
1052 2924 1260 2972 potiturum,
1284 2935 1378 2970 quae
1395 2929 1453 2959 est
1469 2935 1602 2959 summa
1621 2923 1700 2958 die-
