1742 3184
193 194 223 241 8
670 183 910 233 GEORGII
943 181 1190 229 CEDRENI

193 306 441 370 tcgae'rdaevte'pcp
463 305 507 350 δὲ
525 303 771 364 νυχθημέρῳ
787 302 938 361 ἐγένετο
959 298 1188 359 στερέωμα,
1218 296 1335 359 ἴργον
1355 296 1408 342 ἕν.
1455 293 1667 356 στερέωμα

195 381 241 424 δὲ
268 376 422 434 ἐκλήθη
450 376 496 420 τὸ
525 374 812 433 δημιούργημα
833 373 903 416 διὰ
925 371 971 415 τὸ
993 371 1066 428 τὴν
1087 369 1211 430 φύσιν
1232 374 1313 413 τῶν
1331 366 1622 426 ὑπερκειμένων
1641 364 1669 421 ἢ

190 447 465 504 ,ὦποκειμένων
484 445 631 501 λεπτὴν
650 443 749 489 εἶναι
773 445 840 496 καὶ
864 439 1037 500 ἀραιάν,
1073 439 1246 499 οὐρανὸς
1263 440 1306 482 δὲ
1329 439 1398 482 διὰ
1415 437 1462 482 τὸ
1481 440 1670 494 καθορᾶ-

196 523 301 563 σθαι
335 515 485 576 τρόπον
515 515 689 573 δέρρεως
718 511 820 572 ὑπὲρ
853 515 1035 571 κεφαλῆς
1071 509 1322 568 ἦπλωμένος.
1392 509 1434 552 ἓν
1460 511 1519 568 τῷ
1547 507 1671 565 τρίτῳ

196 587 445 646 νυχθημέρῳ
466 585 695 644 φανέρωσις
711 588 785 642 γῆς
802 583 870 627 καὶ
891 580 1184 640 ἀναξήρανσις,
1219 576 1491 639 παράδεισος,
1522 578 1704 635 δένδρα5

193 663 391 716 παντοῖα,
425 653 598 710 βοτάναι
619 656 687 698 καὶ
710 653 949 712 σπέρματα,
984 650 1083 709 ἔργα
1106 651 1299 709 τέσσαρα.
1368 648 1474 707 ξηρὰ
1507 647 1552 691 δὲ
1583 647 1674 690 ἒπε-

198 724 335 782 κλήθη
355 723 381 781 ἦ
400 728 465 782 γῆ,
489 724 625 780 ἐπειδὴ
644 725 710 767 καὶ
730 723 832 767 ἴδιον
852 724 979 778 αὐτῆς
997 722 1081 765 ἐστὶ
1099 720 1202 764 κατὰ
1222 717 1346 779 φύσιν
1362 718 1409 762 τὸ
1431 715 1675 777 πρόσρημα·

198 796 246 841 τὸ
268 796 347 854 γὰρ
371 795 520 853 κυρίως
542 793 665 852 ξηρὸν
687 797 740 851 γῆ
761 793 880 838 ἐστίν.
950 792 1087 847 ἐπειδὴ
1122 790 1256 849 ὥσπερ
1280 807 1320 834 τι
1341 787 1475 847 βάρος
1497 787 1675 831 ἀπέθετο

98 868 101 871 ’
148 874 181 910 D
194 866 257 915 ,τὰ
276 865 500 920 ἐπικείμενα
518 864 621 922 αὐτῇ
637 861 792 916 ὕδατα,
826 860 967 906 λοιπὸν
982 859 1224 917 βλαστάνειν
1241 857 1519 918 προσετάχθη.
1588 869 1679 913 ψυ-

195 935 276 992 χὴν
298 935 342 978 δὲ
366 936 496 988 ζῶσαν
518 934 723 990 ἐξαγαγεῖν
745 930 987 989 ἐκελεύσθη,
1017 931 1078 975 ‘lv’
1106 932 1149 975 ἐκ
1168 927 1314 974 τούτου
1338 928 1580 987 γινώσκηται
1604 930 1679 981 τῆς
1691 934 1736 971 10

199 1022 244 1049 τε
263 1002 413 1060 ἀλόγου
429 1007 568 1059 ψυχῆς
586 1001 612 1059 ἦ
633 1002 814 1062 διαφορὰ
835 1003 902 1046 καὶ
921 1007 995 1058 τῆς
1011 1001 1294 1059 ἀνθρωπείας·
1325 1001 1368 1043 ἐκ
1384 1000 1463 1056 γὰρ
1482 1002 1555 1055 γῆς
1572 995 1678 1055 ἐφύη

196 1078 282 1118 ,τῶν
309 1072 465 1130 ἀλόγων
491 1070 518 1128 ἢ
550 1070 692 1130 ψυχή,
726 1071 753 1128 ἦ
776 1072 821 1116 δὲ
844 1076 918 1116 τοῦ
941 1069 1165 1130 ἀνθρώπου
1190 1072 1233 1114 ἐκ
1255 1074 1330 1113 τοῦ
1351 1071 1466 1113 θείου
1491 1063 1681 1126 ἐμφυσή-

201 1159 332 1200 ματος
351 1141 534 1198 συνέστη.
602 1143 671 1186 καὶ
693 1140 754 1186 ὅτι
774 1140 902 1201 γεηρά
921 1142 1007 1186 ἐστι
1029 1145 1110 1184 τῶν
1135 1139 1294 1198 ἀλόγων
1313 1137 1339 1196 ἦ
1362 1137 1501 1195 ψυχή,
1537 1139 1580 1189 ἐξ
1604 1136 1682 1179 αὐ-

197 1216 278 1269 (τῆς
306 1211 390 1256 ἔστι
420 1215 570 1269 γνῶναι
595 1209 717 1255 πάλιν
748 1216 823 1269 τῆς
850 1215 1036 1271 γραφῆς·
1072 1210 1226 1269 εἴρηται
1251 1208 1356 1268 γάρ,
1391 1209 1508 1266 ψυχὴ
1531 1206 1683 1257 παντὸς

204 1279 376 1337 κτήνους
402 1280 449 1324 τὸ
480 1278 584 1337 αἷμα
617 1281 744 1326 αὐτοῦ’
773 1281 892 1325 ἐστίν.
961 1278 1067 1336 αἷμα
1100 1282 1144 1323 δὲ
1175 1277 1427 1336 πηγνύμενον
1460 1281 1516 1329 εἷς
1549 1275 1683 1334 σάρκα
1697 1282 1741 1318 15

202 1349 498 1407 μεταβάλλεται
506 1383 520 1404 ,
555 1350 660 1410 σὰρξ
690 1351 736 1394 δὲ
767 1350 1020 1410 φθειρομένη
1045 1351 1101 1401 εἷς
1124 1354 1199 1406 γῆν
1221 1347 1450 1392 ἀναλύεται.
1521 1345 1687 1397 εἰκότως

207 1415 280 1470 οὖν
306 1418 460 1477 γεώδης
485 1418 511 1476 ἦ
541 1425 622 1463 τῶν
649 1418 808 1476 ἀλόγων
836 1417 968 1476 ψυχή.
1038 1422 1090 1476 τῇ
1117 1416 1289 1475 τετάρτῃ
1309 1415 1441 1477 ἡμέρα
1462 1418 1645 1473 ἐποίησεν
1664 1413 1686 1458 ὃ

206 1478 306 1540 θεὸς
328 1489 398 1532 τὸν
418 1487 553 1545 ἥλιον,
587 1489 662 1545 τὴν
679 1487 852 1545 σελήνην
872 1490 941 1531 καὶ
960 1487 1057 1538 τοὺς
1079 1487 1277 1544 ἀστέρας,
1314 1486 1411 1543 ἔργα
1430 1487 1537 1543 τρία.
1607 1489 1689 1529 τῶν

111 1571 141 1607 Ρ
163 1568 188 1606 4
210 1557 438 1618 φωστήρων
458 1558 681 1614 γενομένων
701 1557 928 1615 πολυμερὲς
946 1560 1006 1616 τῷ
1027 1558 1146 1599 παντὶ
1173 1557 1409 1614 παρεσχέθη
1439 1554 1588 1613 ὄφελος
1596 1588 1610 1608 ,
1646 1554 1691 1598 ἔκ

205 1646 247 1672 τε
265 1632 338 1671 τοῦ
359 1627 516 1685 φαίνειν
533 1628 601 1669 καὶ
619 1632 708 1678 ταῖς
727 1628 889 1677 οῗκείαις
907 1623 1142 1682 λαμπηδόσι
1162 1624 1427 1683 καταυγάζειν
1443 1625 1512 1668 τὸν
1532 1624 1686 1680 κόσμον
1697 1633 1742 1670 20

207 1697 433 1749 πλουσίως,
469 1695 511 1738 ἴκ
541 1712 583 1739 τε
614 1699 689 1739 τοῦ
720 1695 894 1752 ἀνίσχειν
919 1698 988 1738 καὶ
1014 1694 1297 1739 καταδύεσθαι
1326 1696 1399 1752 τὴν
1424 1699 1505 1739 τῶν
1525 1693 1690 1753 χρόνων

210 1767 494 1824 ἀπαρίθμησιν
513 1764 713 1822 γίνεσθαι.
783 1765 889 1808 ἀλλὰ
908 1767 977 1809 καὶ
994 1769 1075 1809 τῶν
1094 1766 1294 1822 σημείων,
1330 1763 1398 1808 οἷά
1419 1766 1503 1809 ἔστι
1526 1765 1592 1807 διὰ
1618 1770 1692 1821 τῆς

210 1833 381 1893 σελήνης
417 1835 652 1895 φαίνεσθαι.
720 1835 846 1893 λεπτὴ
875 1834 955 1895 γὰρ
984 1829 1089 1882 οὖσα
1110 1842 1200 1888 ταῖς
1223 1836 1405 1895 κεραίαις
1427 1836 1495 1878 καὶ
1518 1836 1691 1894 καθαρὰ

306 1959 330 1994 8
354 1954 479 2003 ἐπειδὴ
507 1954 548 1993 δὲ
571 1952 725 2004 οἵσπερῖ
882 1959 928 1995 21
951 1957 1023 1995 τοῦ
1031 1958 1046 2005 ]
1069 1957 1140 1994 τοῦ
1163 1957 1247 2006 ⁷:93?
1409 1958 1456 1995 22
1481 1955 1566 2004 καὶ]
1591 1954 1693 1994 zoin?

213 2061 466 2098 firmamentum
499 2066 555 2099 est
582 2064 730 2099 factum:
765 2074 854 2111 opus
888 2074 1007 2099 unum.
1055 2063 1124 2099 hoc
1156 2066 1271 2099 autem
1301 2075 1427 2099 nomen
1447 2062 1577 2107 habet,
1608 2074 1694 2109 pro-

212 2112 339 2154 pterea
370 2110 464 2155 quod
496 2111 612 2145 tenuis
647 2117 703 2146 est
732 2116 769 2146 et
799 2122 882 2146 rara
913 2122 1032 2146 eorum
1056 2122 1147 2158 quae
1172 2122 1279 2156 supra
1302 2110 1338 2146 id
1365 2115 1472 2156 atque
1495 2109 1590 2144 infra
1613 2114 1695 2145 sunt

213 2160 354 2190 natura.
402 2156 533 2191 caelum
566 2161 680 2192 autem
716 2158 883 2203 (Graece
911 2154 1100 2202 οὐρανός)
1134 2157 1286 2202 dicitur,
1322 2158 1416 2203 quod
1448 2156 1551 2203 pellis
1583 2156 1696 2192 instar

213 2201 360 2236 videtur
391 2214 498 2249 supra
529 2208 635 2250 caput
667 2216 871 2250 expansum.
918 2204 1026 2240 tertia
1048 2204 1106 2239 die
1130 2209 1250 2239 terrae
1277 2203 1453 2250 apparitio
1474 2216 1516 2239 ac
1535 2203 1696 2249 siccatio,

215 2247 420 2301 paradisus,
454 2250 565 2285 omnis
596 2251 932 2296 generisarbores,
964 2251 1098 2286 herbae
1127 2256 1164 2286 et
1188 2251 1340 2286 semina:
1373 2256 1542 2296 quattuor
1571 2262 1695 2298 opera.

216 2294 318 2329 anda
351 2300 467 2331 autem
497 2309 559 2332 seu
590 2297 685 2333 sicca
717 2298 895 2345 appellata
923 2298 994 2333 fuit
1022 2304 1141 2344 terra,
1175 2298 1270 2344 quod
1293 2309 1419 2332 nomen
1444 2302 1593 2333 naturae
1619 2297 1697 2332 eius

215 2341 397 2395 proprium
415 2346 485 2378 est:
509 2345 654 2390 proprie
676 2345 767 2380 enim
789 2345 920 2380 siccum
942 2345 1036 2391 quod
1057 2345 1125 2390 sit,
1149 2350 1245 2380 terra
1264 2351 1330 2379 est.
1379 2345 1468 2379 haec
1490 2345 1552 2379 ubi
1576 2356 1616 2379 se
1638 2344 1698 2378 in-

216 2387 320 2421 1ectis
343 2389 495 2435 desuper
524 2391 626 2437 aquis
652 2392 879 2436 exoneravit,
910 2392 1008 2427 iussa
1036 2403 1143 2438 porro
1176 2397 1232 2427 est
1257 2391 1469 2438 germinare.
1516 2391 1614 2426 iussa
1643 2394 1699 2425 est

217 2438 335 2487 autem
357 2437 550 2480 producere
572 2438 719 2473 animam
742 2438 940 2484 viventem,
974 2443 1015 2473 ut
1036 2439 1120 2474 inde
1149 2444 1424 2484 cognosceretur
1445 2437 1543 2473 bruti
1565 2449 1607 2472 ac
1631 2437 1698 2471 ho-

219 2490 323 2533 mlms
348 2482 483 2517 animae
506 2484 710 2520 discrimen:
742 2497 821 2520 nam
843 2487 1025 2520 brutorum
1053 2485 1168 2521 anima
1190 2498 1235 2521 ex
1255 2491 1352 2521 terra
1375 2491 1430 2521 est
1448 2490 1551 2529 nata,
1582 2484 1697 2518 homi-

221 2536 277 2559 ms
301 2532 415 2562 autem
437 2541 482 2564 ex
506 2530 626 2567 divina
646 2532 880 2579 inspiratione
900 2538 978 2568 orta
1000 2538 1067 2567 est.
1116 2544 1195 2568 esse
1214 2538 1329 2568 autem
1347 2533 1530 2568 brutorum
1550 2531 1699 2565 animam

220 2576 418 2626 terrenam,
452 2587 587 2613 rursum
611 2591 655 2613 ex
677 2580 757 2624 ipsa
779 2584 898 2625 potest
923 2579 1075 2625 intelligi
1104 2579 1300 2625 scriptura:
1332 2579 1421 2614 dicit
1445 2577 1537 2612 enim
1559 2573 1701 2613 “anima

223 2629 336 2653 omnis
367 2622 504 2666 pecoris
535 2630 589 2659 est
622 2626 765 2671 sanguis
796 2623 911 2661 eius.”
966 2638 1074 2672 porro
1101 2626 1245 2672 sanguis
1277 2630 1463 2661 concretus
1493 2624 1531 2659 in
1559 2635 1702 2659 carnem

223 2669 394 2711 mutatur,
432 2675 512 2703 caro
536 2681 598 2705 suo
619 2671 768 2708 interitu
797 2673 837 2708 in
862 2678 994 2708 terram
1018 2673 1235 2708 dissolvitur.
1284 2673 1406 2718 itaque
1429 2676 1702 2706 consentaneum

225 2715 280 2744 est
301 2711 480 2766 brutorum
508 2716 653 2752 animam
677 2731 755 2754 esse
777 2724 967 2755 terrenam.
1016 2725 1141 2766 quarta
1164 2720 1222 2755 die
1246 2720 1355 2755 ‘solem
1377 2719 1494 2753 lunam
1519 2723 1555 2752 et
1580 2718 1701 2753 stellas

222 2756 323 2812 deus·
333 2758 435 2793 fec1t=
458 2761 528 2796 tria
546 2774 667 2809 opera.
713 2765 932 2802 luminarium
956 2771 1054 2802 ortus
1074 2766 1299 2813 multiplicem
1321 2766 1488 2800 universo
1511 2764 1702 2800 utilitatem

221 2802 360 2849 attuht,
381 2817 467 2859 ‘cum
493 2807 639 2845 lucendo
667 2822 802 2858 suoque
825 2813 1013 2860 splendore
1035 2815 1197 2848 mundum
1218 2812 1353 2848 affatim
1373 2811 1603 2856 illustrando,
1627 2816 1701 2847 tum

223 2853 304 2884 ortu
334 2852 500 2898 ob1tuque
531 2867 596 2891 suo
631 2862 789 2903 tempora
819 2860 1082 2906 distinguendo.
1129 2866 1204 2895 tum
1228 2859 1346 2906 qualia
1367 2858 1469 2904 signa
1491 2859 1701 2904 praebeant,

222 2894 305 2933 luna
325 2897 502 2945 declarat3
527 2903 625 2939 culus
644 2916 774 2942 cornua
793 2912 898 2944 acuta
920 2918 963 2944 ac
986 2918 1076 2955 pura
1098 2906 1131 2943 si
1153 2907 1246 2954 sint,
1265 2911 1483 2943 constantem
1503 2904 1578 2942 diei
1600 2916 1702 2941 sere-
