1742 3184
193 191 290 241 344
671 190 912 237 GEORGII
943 189 1188 235 CEDRENI

332 306 523 366 Τιβέριος
550 305 571 350 ὃ
599 306 687 358 υἱὸς
710 309 784 350 τοῦ
811 304 1024 364 Καίσαρος
1051 302 1073 348 ὃ
1101 303 1499 362 προμνημονευθείς,
1546 297 1663 356 οὗτος

192 376 283 433 ἴσχε
306 375 431 420 Γάϊον
452 374 635 432 ἀνεψιόν.
699 372 949 432 ἀστρολόγον
974 374 1018 418 δὲ
1046 379 1118 417 τοῦ
1143 366 1363 432 Θρασύλον
1383 374 1516 431 γέγονε
1537 374 1664 428 Τιβέ-

193 465 281 505 ριος
302 445 510 506 φοιτητής,
534 445 578 497 ὃς
595 448 789 496 τοσοῦτος
804 438 855 500 ἦν
870 443 944 499 τὴν
960 443 1101 499 τέχνην
1123 441 1179 495 ὥς
1200 442 1551 500 ἇγανακτήσαντός
1566 460 1662 486 ποτε

191 521 267 561 τοῦ
289 517 482 574 Τιβερίου
504 515 596 558 κατ’
626 513 773 567 αὗτοῦ,
808 515 875 556 καὶ
894 514 1172 568 βουληθέντος
1190 512 1310 571 δίφνω
1329 512 1399 555 διὰ
1417 517 1490 556 τοῦ
1509 513 1664 567 τείχους

193 585 317 629 αὐτὸν
340 585 519 640 ὠθῆσαι,
548 582 846 642 σκυθρωπάσαι
867 584 968 641 φασὶ
986 582 1056 626 τὸν
1081 580 1301 640 Θρασύλον
1322 580 1526 640 παρευθῦ.
1560 583 1696 638 {pm-5

191 644 390 711 τῆσαντος
420 655 464 697 δὲ
491 654 685 711 Τιβερίου
715 652 790 709 τὴν
818 653 952 695 αἰτίαν
983 650 1061 710 ἔφη
1096 649 1375 695 αἲσθάνεσθαι
1407 655 1665 708 κλιμακτῆρα

192 723 309 781 ἔγγὺς
333 724 459 766 αὗτοῦ
478 723 667 779 μέγιστον
687 721 815 780 ταύτῃ
841 725 894 780 τῇ
922 719 1024 782 ὥρᾳ.
1093 723 1161 764 καὶ
1186 725 1260 764 τοῦ
1282 721 1474 780 Τιβερίου
1493 718 1666 776 θαυμά-

193 810 362 845 σαντος,
396 793 514 835 ἓᾶσαι
537 791 660 835 αὐτὸν
679 793 778 849 φησὶ
799 789 1086 850 Πλούταρχος.

318 860 410 905 ‘'On
424 861 614 920 Τιβέριος
629 867 714 912 τοῖς
731 866 812 904 τῶν
830 859 986 904 πόλεων
1006 859 1176 918 ἄρχουσι
1187 856 1361 916 ἔγραφεν
1377 855 1433 909 ὥς
1444 855 1487 900 εἷ’
1496 874 1536 901 τι
1552 855 1666 915 παρὰ

141 940 171 976 Β
194 930 290 983 τοὺς
307 928 457 986 νόμους
475 929 650 989 γράψει,
684 931 743 986 μὴ
764 931 976 988 προσέχειν
1002 932 1126 988 φησὶν
1147 927 1202 980 ὥς
1223 926 1480 985 ἀγνοήσαντι.
1548 921 1665 978 οὗτος
1677 933 1721 970 10

191 1002 260 1044 καὶ
281 1000 467 1058 βραδέως
483 1000 579 1051 τοὺς
600 999 799 1058 ἄρχοντας
820 1000 1017 1054 διεδέχετο
1037 1000 1175 1057 φειδοῖ
1191 1002 1272 1041 τῶν
1291 995 1493 1053 ὑπηκόων.
1563 997 1666 1054 ἐρω-

190 1072 333 1126 τηθεὶς
354 1071 398 1113 δὲ
418 1069 492 1125 τὴν
515 1070 646 1113 αἰτίαν
673 1068 755 1112 εἶπε
777 1069 850 1124 τὴν
872 1069 1093 1126 παροιμίαν
1113 1072 1194 1111 τῶν
1211 1066 1518 1122 ἐπικαθημένων
1535 1069 1666 1120 μυιῶν

190 1143 249 1198 τῷ
268 1140 500 1200 τραυματίᾳ
520 1141 588 1182 καὶ
610 1143 684 1182 τοῦ
704 1136 956 1194 θελήσαντος
975 1138 1233 1192 ἀποσοβῆσαι
1259 1134 1412 1186 ταύτας
1437 1137 1503 1178 καὶ
1533 1138 1667 1177 κωλυ-

189 1209 337 1260 θέντος
352 1207 432 1251 ὑπὸ
453 1213 527 1251 τοῦ
544 1210 797 1267 τραυματίου
819 1206 1001 1259 εἰπόντος
1008 1240 1021 1260 ,
1068 1209 1139 1250 ἰ’να
1158 1205 1215 1262 μὴ
1239 1204 1362 1249 ἄλλαι
1386 1208 1579 1248 πεινῶσαι
1600 1204 1666 1247 αἵ-

190 1295 322 1332 ματος
337 1279 560 1321 ἐπέλθοιεν.
1677 1280 1720 1317 15

332 1349 442 1403 Φησὶ
461 1348 506 1390 δὲ
525 1346 724 1401 Εὐσέβιος
745 1345 807 1390 ὅτι
828 1350 886 1405 τῷ
909 1343 954 1389 ιε’
976 1343 1056 1389 ξ’τει
1082 1344 1275 1403 Τιβερίου
1295 1344 1531 1399 βαπτίζεται
1551 1341 1572 1385 ὃ
1593 1339 1667 1386 κύ-

194 1433 281 1473 ριος
301 1414 417 1472 ἡμῶν
433 1416 599 1472 Ἰησοῦς
616 1414 821 1475 Χριστός,
856 1415 1021 1473 συνῳδὰ
1040 1419 1099 1474 τῷ
1122 1414 1350 1474 εὐαγγελίῳ,
1384 1415 1453 1456 καὶ
1472 1414 1513 1455 ἓν
1534 1416 1593 1470 τῷ
1613 1409 1665 1468 ιη’

193 1486 240 1528 τὸ
265 1484 464 1542 σωτήριον
485 1484 637 1541 ὑπέστη
659 1483 822 1538 πάθος,
871 1486 912 1527 ἓν
932 1484 1008 1528 ἔτει
1028 1488 1102 1528 τοῦ
1122 1482 1278 1539 κόσμου
1301 1481 1450 1541 ,εφλθᾭ
1518 1479 1667 1539 γράφει

141 1563 172 1598 C
197 1555 329 1598 δὲκαὶ
354 1554 558 1611 Ἰώσηπος
586 1558 677 1612 περὶ
707 1556 781 1610 μὲν
811 1552 1012 1597 Ἰωάννου
1043 1558 1116 1597 τοῦ
1146 1557 1375 1608 βαπτιστοῦ
1394 1555 1524 1595 ταῦτα
1555 1549 1667 1594 “noi

192 1628 275 1667 τῶν
290 1625 505 1667 Ἰουδαίων
524 1622 653 1667 ἐδόκει
677 1623 910 1666 διολωλέναι
930 1622 1001 1666 τὸν
1029 1619 1223 1679 εΗρώὸου
1255 1620 1430 1680 στρατὸν
1455 1618 1534 1663 ὑπὸ
1562 1624 1667 1663 θεοῦ
1676 1629 1723 1666 20

194 1694 261 1735 καὶ
274 1692 388 1747 μάλα
407 1695 565 1735 δικαίαν
583 1692 814 1747 τιννυμένου
834 1693 948 1747 δίκην
967 1691 1036 1734 διὰ
1054 1691 1196 1747 ποινὴν
1209 1690 1406 1734 Ἰωάννου
1426 1695 1499 1733 τοῦ
1517 1693 1668 1732 καλου-

193 1762 315 1817 μένου
336 1766 576 1816 βαπτιστοῦ.
645 1766 787 1805 τοῧτον
807 1761 884 1818 γὰρ
902 1759 1095 1818 ςΗρώδης
1113 1762 1250 1803 κτείνει
1267 1759 1428 1817 ἀγαθὸν
1447 1758 1578 1817 ἄνδρα
1599 1760 1667 1802 καὶ

194 1837 280 1882 τοῖς
297 1831 517 1883 Ἰουδαίοις
537 1829 749 1875 κελεύοντα
777 1830 922 1889 ἀρετὴν
943 1831 1129 1874 ἐπασκεῖν
1157 1831 1225 1874 καὶ
1254 1829 1307 1875 τοὶ
1336 1829 1438 1888 πρὸς
1467 1827 1667 1884 ἀλλήλους

288 2007 457 2044 Tiberius
480 2009 681 2056 praedictus
702 2009 846 2044 fratrem
869 2005 1005 2053 habuit,
1032 2019 1100 2054 quo
1125 2011 1227 2043 natus
1251 2011 1306 2043 est
1326 2006 1449 2042 Caius.
1497 2005 1667 2042 Tiberius

195 2055 366 2101 astrologi
389 2056 571 2101 Thrasylli
593 2056 664 2092 fuit
689 2056 881 2102 discipulus
903 2056 1076 2090 assiduus.
1101 2060 1201 2090 tanta
1222 2055 1299 2089 suit'
1311 2052 1501 2098 Thrasyllo
1525 2054 1667 2100 peritia,

195 2107 236 2136 ut
259 2113 335 2136 cum
360 2113 438 2137 eum
461 2103 631 2138 Tiberius
665 2102 776 2138 iratus
809 2102 957 2148 quodam
992 2101 1050 2136 die
1082 2102 1198 2137 subito
1230 2101 1350 2146 praeci
1377 2101 1460 2136 item
1493 2101 1538 2135 de
1569 2112 1666 2135 muro

195 2159 304 2193 agere
331 2149 514 2184 statuisset
542 2161 682 2195 secum,
715 2148 809 2183 illico
838 2148 939 2184 vultu
967 2148 1177 2183 maestitiam
1211 2147 1354 2192 Thrasy
1367 2147 1419 2182 lus
1446 2147 1668 2194 praetulerit,

196 2205 404 2241 causamque
428 2208 448 2230 a
472 2196 620 2231 Tiberio
642 2196 901 2241 interrogatus,
938 2207 1013 2230 eam
1030 2194 1101 2230 sibi
1123 2195 1244 2229 horam
1270 2195 1327 2229 vel
1355 2193 1503 2228 maxime
1526 2193 1669 2228 scansili

195 2251 364 2276 annorum
390 2242 469 2288 lege
492 2243 723 2288 periculosam
745 2254 784 2277 se
807 2241 1005 2287 intelligere
1027 2241 1175 2276 dixerit:
1209 2241 1330 2287 itaque
1348 2240 1532 2276 Tiberium
1555 2240 1667 2275 admi-

194 2288 333 2323 ratione
356 2295 494 2335 captum
518 2290 552 2324 ei
577 2288 791 2336 pepercisse.
840 2294 961 2324 auctor
981 2288 1204 2324 Plutarchus.

290 2335 446 2380 Scripsit
468 2336 636 2371 Tiberius
671 2337 716 2371 ad
746 2334 881 2370 urbium
904 2336 1102 2380 praefectos
1125 2347 1171 2370 ne
1194 2333 1264 2368 sibi
1287 2332 1419 2379 aliquid
1442 2333 1579 2379 legibus
1603 2333 1668 2368 ad-

196 2392 336 2416 versum
359 2394 424 2427 per
445 2382 620 2428 rescripta
636 2382 815 2417 mandanti
835 2383 1129 2427 obtemperarent,
1154 2381 1218 2416 sed
1237 2379 1454 2425 ignorationi
1474 2381 1512 2415 id
1531 2379 1668 2414 tribue-

197 2435 291 2462 rent.
338 2428 432 2463 idem
456 2429 644 2474 praefectis
666 2428 800 2463 tardius
827 2439 1049 2463 successores
1071 2427 1185 2472 misit,
1217 2426 1368 2462 subditis
1393 2438 1435 2461 ea
1458 2426 1496 2460 in
1519 2438 1559 2461 re
1583 2437 1668 2472 par-

198 2484 296 2508 cens.
345 2486 554 2520 causamque
576 2480 720 2520 rogatus
743 2473 894 2509 fabulam
914 2474 1073 2521 protulit.
1103 2474 1281 2509 cuiusdam
1303 2473 1507 2507 vulneribus
1530 2483 1668 2507 muscas

198 2518 396 2566 insedisse,
428 2522 677 2568 supervenisse
703 2522 873 2567 quendam
898 2521 959 2566 qui
984 2533 1043 2556 eas
1067 2520 1175 2555 vellet
1202 2520 1363 2564 abigere:
1401 2518 1557 2553 saucium
1583 2529 1668 2553 vero

199 2564 236 2599 id
258 2567 500 2614 prohibuisse,
533 2570 628 2614 quod
656 2568 791 2603 diceret
817 2568 856 2601 in
883 2573 978 2602 metu
1004 2580 1044 2602 se
1067 2579 1147 2603 esse
1170 2578 1215 2602 ne
1239 2577 1356 2601 earum
1380 2565 1418 2600 in
1443 2564 1556 2600 locum
1579 2564 1668 2600 aliae

201 2613 404 2656 sanguinem
427 2614 613 2650 etiamnum
636 2614 797 2650 sitientes
821 2615 1064 2649 succederent.

292 2659 421 2696 Tradit
440 2662 618 2697 Eusebius
649 2673 739 2696 anno
770 2660 912 2696 Tiberii
936 2661 978 2696 15
1000 2660 1179 2695 Christum
1203 2658 1441 2706 baptizatum3
1474 2657 1568 2704 quod
1591 2667 1668 2691 cum

200 2705 384 2747 evangelio
407 2708 582 2752 congruit.
629 2719 839 2754 passumque
862 2718 952 2741 anno
972 2707 1114 2742 Tiberii
1137 2708 1191 2751 18,
1216 2705 1335 2740 mundi
1357 2704 1463 2740 5539.
1510 2704 1601 2738 idem
1622 2703 1668 2737 de

199 2748 330 2784 Ioanne
352 2752 513 2797 Baptista
542 2755 594 2788 sic
617 2754 754 2790 scribit.
802 2753 943 2799 quidam
966 2753 1089 2788 Iudaei
1113 2752 1402 2788 existimaverunt
1424 2750 1578 2786 Herodis
1602 2760 1667 2783 ex-

200 2795 345 2830 ercitum
371 2809 391 2831 a
414 2799 478 2833 deo
500 2800 612 2835 fuisse
635 2800 784 2835 deletum
801 2800 895 2834 iusta
919 2799 1101 2835 admodum
1124 2798 1283 2834 vindicta
1305 2799 1350 2832 ob
1374 2798 1516 2832 caedem
1540 2794 1666 2830 Ioanni

199 2848 428 2886 cognomento
449 2845 632 2890 Baptistae
655 2846 799 2881 illatam.
829 2846 920 2881 hunc
938 2845 1028 2880 enim
1044 2845 1165 2881 necari
1181 2844 1344 2879 Herodes
1364 2843 1528 2886 iusserat,
1551 2841 1666 2876 virum

198 2887 325 2924 bonum
348 2894 384 2924 et
408 2890 556 2926 Iudaeos
580 2893 624 2927 ad
647 2893 800 2929 studium
817 2892 960 2928 virtutis
982 2893 1235 2937 exhortantem,
1257 2890 1498 2936 iustitiamque
1516 2889 1554 2923 in
1570 2887 1667 2923 vitae
